2994 4972
102 345 145 450 τ1
1136 399 1196 466 163

100 557 231 641 λυόμενα
252 557 307 623 καί
330 561 377 636 είς
395 561 514 643 θαῦμα
535 559 782 636 καταπεσόντος
803 558 860 626 καὶ
880 559 1120 638 πιστεύσαντος
1140 561 1197 628 καί

98 659 322 742 βαπτισθέντος
343 659 400 726 καί
422 665 753 746 προσκαρτεροῦντος
773 665 815 748 τῇ
829 665 966 749 νηστείᾳ
980 661 1037 729 καὶ
1054 667 1096 748 τή
1112 685 1197 748 προ-

99 765 204 846 σευχῇ,
225 759 431 839 ἀκούσαντες
445 765 463 806 *
476 757 571 847 ἡμεῖς
585 759 647 847 τήν
662 763 762 847 χάριν
776 764 837 830 τοῦ
852 767 939 830 θεοῦ
962 761 1024 848 τήν
1045 761 1197 847 ὑπάρξα-

99 869 181 928 σαν*
196 867 411 948 Σαμαρεῦσιν
427 862 484 930 διδ
496 868 681 947 Φιλίππου,
697 865 955 950 παρεγενόμεθα
972 864 1056 951 πρὸς
1074 864 1197 944 αύτούς

98 963 146 1028 καί
162 962 244 1030 πολύ
264 966 536 1052 συμβαλλόμενοι
550 969 598 1054 τῷ
614 966 702 1054 λόγῳ
715 967 773 1051 τῆς
786 969 1015 1051 διδασκαλίας,
1031 971 1113 1034 πάσι
1128 981 1198 1046 τοῖς
1214 985 1231 1034 υ

96 1067 355 1151 βεβαπτισμένοις
378 1067 551 1146 έπνθέντες
570 1066 629 1144 τάς
652 1081 765 1153 χεῖρας
791 1065 903 1152 εὐχαῖς
922 1066 984 1153 τήν
1007 1073 1069 1136 τοῦ
1092 1072 1197 1138 πνεό-

96 1189 185 1249 ματος
210 1173 392 1252 μετουσίαν
420 1169 650 1254 ἑδωρούμεθα.
702 1168 786 1235 ίδτόν
813 1171 851 1236 δὲ
877 1166 895 1237 ὁ
922 1175 1041 1256 Σίμων
1065 1171 1115 1238 ὅτι
1141 1172 1197 1240 διά

96 1272 145 1352 τῆς
163 1269 342 1348 έπνθέσεως
356 1273 425 1338 τοῖν
446 1275 569 1356 χειρτῦν
584 1268 682 1356 ἡμῶν
695 1273 826 1338 δίδοται
848 1270 885 1338 τὸ
906 1276 1039 1357 πνεῦμα
1053 1287 1125 1352 τοῖς
1141 1299 1196 1340 πι-

96 1370 252 1455 στεύουσι,
283 1371 399 1457 λαβόν
428 1373 580 1458 χρήματα
608 1373 840 1458 προσήνεγκεν
870 1369 952 1458 ήμϊν
978 1375 1086 1458 λέγων
1108 1377 1196 1444 Δότε

95 1470 181 1556 νόμολ
193 1472 253 1557 τήν
269 1475 426 1553 ἐξουσίαν
445 1475 582 1560 ταύτην,
599 1476 657 1540 ἵνα
676 1474 768 1558 κάγοδ
784 1466 812 1562 91
827 1471 870 1540 άν
885 1474 995 1542 έπνθῦ
1012 1476 1072 1554 τὰς
1085 1490 1197 1563 χεῖρας
1216 1489 1248 1542 10

95 1574 233 1661 λαμβάνῃ
254 1579 389 1660 πνεῦμα
411 1573 524 1660 άγιον,
551 1576 770 1661 βουλόμενος,
792 1573 837 1654 ὥς
856 1576 916 1643 τὸν
932 1575 1036 1662 Ἀδάμ
1056 1583 1098 1664 τῇ
1117 1579 1196 1664 γεύ-

95 1691 137 1738 σει
155 1681 213 1740 τοῦ
232 1677 338 1756 ξύλον
358 1681 418 1762 τῆς
440 1675 512 1743 κατ’
540 1680 743 1761 ἐπαγγελίαν
762 1677 953 1755 ἀθανασίας
974 1679 1153 1765 ἐστέρησεν
1167 1689 1195 1765 *,

94 1774 185 1855 οὕτως
203 1777 258 1844 καί
273 1776 363 1864 ἡμᾶς
375 1783 417 1864 τῇ
439 1779 538 1865 λήψει
560 1783 629 1846 τεόν
647 1780 827 1864 χρημάτων
847 1781 969 1859 θέλξας
990 1782 1050 1866 τῆς
1072 1782 1196 1861 δόσεως

93 1883 144 1944 τοῦ
155 1885 239 1946 θεοῦ
258 1881 476 1964 περιγράψω,
500 1883 518 1922 *
542 1879 664 1959 ὅπως*
687 1879 1050 1967 ἀντικαταλλαξάμενοι
1070 1885 1088 1924 *
1110 1884 1195 1952 άπο-

93 1981 216 2064 δεόμεθα
236 1981 329 2069 αύτῷ
355 1983 534 2068 χρημάτων
561 1982 624 2068 τήν
645 1981 806 2068 άτίμητον
834 1987 896 2049 τοῦ
923 1984 1112 2068 πνεύματος
1128 1989 1191 2054 διο-
1215 2003 1247 2055 11ι

93 2082 172 2164 ρεάν.
214 2085 354 2150 πάντων
374 2084 413 2150 δὲ
432 2081 530 2169 ήμοῖν
552 2085 608 2150 ἐπὶ
627 2085 735 2172 τούτῳ
758 2087 1013 2170 ταραχθέντων,
1041 2086 1197 2168 ἀτενίσας

93 2181 147 2264 έγό
166 2186 293 2270 Πέτρος
315 2189 361 2262 είς
382 2184 442 2254 τὸν
466 2189 504 2253 έν
526 2183 618 2274 αῦιςῦ
638 2191 833 2271 κακοῦργον
847 2186 929 2272 ὄφιν
953 2183 1049 2254 εἶπον
1068 2193 1116 2278 τῷ
1133 2194 1197 2256 Σί-

91 2307 164 2366 μανι
187 2285 232 2354 Τό
252 2286 420 2372 ἀργύριόν
446 2305 510 2354 σου
536 2285 602 2354 σῦν
624 2288 677 2353 σοί
701 2294 752 2372 είη
773 2291 818 2366 είς
843 2287 1032 2374 άπτιλειαν,
1062 2289 1112 2355 ὅτι
1133 2291 1196 2376 τήν

91 2385 208 2468 δωρεάν
228 2393 291 2455 τοῦ
311 2389 398 2454 θεοῦ
415 2388 572 2474 ένόμισας
590 2388 646 2454 διά
667 2389 847 2474 χρημάτων
861 2393 1023 2455 κτάσθαι·
1044 2388 1108 2457 οῦκ
1126 2395 1196 2459 ἔστι

90 2502 134 2552 σοι
151 2489 243 2576 μερίς
265 2489 307 2556 έν
320 2493 367 2578 τῷ
382 2489 470 2577 λόγῳ
484 2493 591 2579 τούτῳ
607 2488 686 2556 οὐδὲ
701 2495 825 2576 κλῆρος
841 2489 880 2557 έν
897 2495 940 2577 τῇ
954 2496 1063 2558 πίστει
1078 2493 1194 2581 ταύτῃ,
1212 2509 1246 2561 20

88 2585 105 2669 ἡ
122 2589 181 2674 γάρ
205 2594 329 2677 καρδία
351 2611 415 2658 σου
430 2589 493 2658 οῦκ
510 2596 602 2659 έστιν
624 2591 742 2659 εόθείοι
765 2592 913 2659 ἐντόπιον
929 2594 991 2658 τοῦ
1009 2599 1112 2661 θεοῦ·
1136 2621 1196 2681 με-

88 2691 242 2777 τανόησον
263 2682 329 2758 οὖν
350 2692 417 2760 άπὸ
440 2694 500 2779 τῆς
521 2699 641 2772 κακίας
659 2712 723 2761 σου
744 2694 867 2780 ταύτης
894 2695 950 2761 καί
972 2698 1113 2784 δεήθητι
1134 2705 1196 2766 τοῦ

87 2797 177 2878 θεοῦ,
206 2798 238 2861 εί
262 2793 330 2879 ἄρα
359 2795 573 2882 ἀφεθήσεταί
596 2813 650 2863 σοι
670 2795 690 2881 ή
713 2797 846 2864 ἐπίνοια
866 2799 924 2882 τῆς
943 2801 1084 2882 καρδίας
1112 2819 1193 2867 σου·

142 3000 158 3052 6
174 3003 228 3054 λεί
244 3002 271 3066 8,
293 3002 343 3068 191
361 3003 393 3054 18
409 3005 463 3056 Aet
479 3003 504 3068 8,
523 3003 624 3058 20-23

87 3167 157 3222 1κα1
173 3174 290 3238 primum
307 3173 342 3236 >
358 3189 393 3238 γε
408 3171 413 3241 Ι
430 3175 442 3224 1
462 3168 718 3234 καταπεσόντος
738 3176 754 3224 2
772 3172 822 3226 καί
840 3175 914 3240 prius
933 3181 1001 3232 αττ,
1026 3167 1127 3226 έλθείν
1144 3175 1193 3229 καί

84 3255 223 3309 πιστεύσαι
241 3254 293 3309 καί
312 3256 510 3326 βαπτισθῆναι
530 3257 580 3310 καὶ
599 3258 742 3323 δέξασθαι
760 3275 793 3324 yz
818 3254 953 3324 [δέξασθε
972 3259 996 3324 κ]
1024 3257 1028 3326 Ι
1052 3260 1107 3311 23
1125 3277 1193 3327 προ-

84 3340 161 3408 σευχῇ
178 3348 251 3408 xyzt,
272 3335 369 3409 δεήσει
387 3359 411 3392 w
432 3341 436 3410 Ι
456 3344 473 3395 3
490 3331 545 3397 οόν
560 3343 595 3411 -Ι-
612 3361 646 3410 γτ
666 3349 671 3405 1
691 3346 707 3394 4
724 3346 785 3402 ταῖς
802 3343 835 3410 -Ι-
854 3361 876 3392 w
893 3342 897 3405 Ι
912 3346 927 3393 4
946 3343 1103 3409 σαμαρεῦσι
1121 3353 1168 3411 yzt
1187 3349 1192 3414 Ι

84 3423 98 3472 6
113 3420 221 3478 πολλύί
235 3425 240 3494 Ι
255 3428 273 3478 5
290 3426 408 3479 κάπιτα
423 3429 427 3490 Ι
442 3427 460 3478 6
478 3420 656 3488 ἐπιτιθέντες
667 3435 714 3494 γτλ
728 3426 733 3497 Ι
749 3433 764 3479 ’1
782 3427 938 3495 μετουσίαν
950 3435 1014 3492 αττ,
1034 3422 1119 3494 χάριν
1133 3447 1166 3496 γε
1189 3433 1192 3496 Ι

84 3501 174 3574 Ὶό>
192 3513 243 3562 Υττ
262 3510 269 3579 Ι
288 3511 344 3564 8.ss
360 3505 543 3566 πιστεύουσιν
560 3513 601 3580 xl
625 3513 654 3564 16
671 3503 710 3566 άν
727 3516 822 3577 τιτΥτ,
848 3506 935 3579 έάνγ
959 3514 964 3577 Ι
991 3514 1024 3566 16
1040 3509 1094 3581 τήν
1112 3517 1194 3582 χεῖρα

82 3600 124 3656 yzt
141 3593 146 3662 Ι
166 3595 194 3647 11
215 3589 417 3664 λαμβάνεται
437 3601 441 3664 Ι
465 3591 585 3666 11.12ή
604 3594 701 3665 γεῦσις
718 3615 741 3650 w
763 3597 768 3665 Ι
794 3599 823 3650 12
842 3590 857 3649 ὁ
876 3592 1012 3665 διάβολος
1028 3599 1063 3667 -Ι-
1080 3608 1126 3666 yzt
1141 3599 1146 3668 Ι
1163 3601 1194 3652 13

83 3671 164 3740 οὗτος
174 3683 228 3733 W?
246 3671 331 3741 οὗτος
344 3699 375 3742 w,
394 3672 468 3734 οῦτοι
485 3689 533 3748 γαί
548 3681 553 3750 Ι
571 3684 601 3734 13
619 3682 714 3748 λείψει
731 3685 751 3734 Ζ
767 3683 771 3746 Ι
790 3685 820 3734 13
839 3678 946 3746 θέλξας
963 3691 1026 3748 καί,
1044 3675 1195 3752 άπατήσας

83 3763 114 3824 Y,
131 3755 265 3834 άκατήση
283 3783 315 3832 y,
335 3761 479 3835 έκατήσας
497 3785 511 3818 τ
527 3769 531 3832 Ι
554 3769 584 3818 14
602 3762 781 3834 περιγράψαι
798 3775 842 3828 xt,
861 3762 1065 3834 περιδράξεται
1083 3787 1122 3828 w,
1146 3771 1194 3820 ned

82 3844 162 3913 δοάξε
184 3853 213 3902 in
238 3867 337 3903 mura
359 3867 443 3903 manu
460 3855 581 3912 recenti,
603 3853 738 3920 στερῆσαι
754 3869 788 3918 yz
815 3855 819 3917 Ι
849 3854 878 3904 14
901 3845 958 3905 ύιιὸ
981 3853 1033 3904 τοῦ
1056 3846 1195 3920 διαβόλου

82 3932 173 3986 τοίνυν
195 3935 247 3989 καί
271 3928 287 3987 ό
311 3935 401 4003 σίμων
418 3933 553 4003 κινηθεὶς
576 3934 752 4005 προσήνεγκε
775 3932 811 3988 τά
834 3933 965 4005 χρήματα
982 3937 1016 4004 -Ι-
1037 3955 1086 4004 γτ,
1109 3937 1194 4001 εοδγ

82 4015 176 4070 lunulis
193 4019 312 4072 inclusit
331 4022 336 4085 Ι
357 4022 390 4073 14
406 4015 609 4088 άπατηθέντες
626 4021 660 4087 -Ι-
677 4040 711 4089 γτ
733 4025 737 4084 Ι
758 4023 788 4073 14
806 4013 1053 4089 ἀπαλλαξόμεθα
1070 4039 1098 4086 y,
1116 4012 1193 4071 άντι-

82 4100 323 4172 ισταλλαξάμεθα
341 4121 356 4156 τ
372 4104 377 4173 Ι
393 4106 424 4156 14
441 4104 491 4158 καί
508 4106 543 4174 -Ι-
559 4124 593 4173 γτ
619 4104 624 4173 Ι
646 4107 733 4159 1415
751 4097 926 4173 αἰτιασόμεθα
944 4123 995 4173 τγτ
1011 4109 1015 4172 Ι
1037 4106 1067 4156 15
1085 4097 1193 4170 χρημά-

82 4201 132 4238 των
149 4180 227 4241 αύτῶ
243 4207 278 4256 yn
298 4191 304 4255 Ι
327 4191 358 4242 15
375 4184 528 4257 χρημάτων
543 4192 578 4255 >
595 4207 619 4240 w
634 4191 639 4256 Ι
658 4191 688 4240 16
710 4185 757 4244 inl
775 4188 866 4258 τούτῳ
883 4193 917 4255 >
934 4209 958 4242 w
978 4192 983 4255 Ι
1011 4189 1041 4239 16
1058 4188 1142 4240 τοῦτο
1159 4205 1193 4253 yn

81 4268 87 4337 Ι
106 4272 133 4322 11
152 4267 183 4326 έν
199 4275 235 4338 >
254 4291 268 4326 τ
287 4273 292 4341 Ι
315 4275 348 4326 19
365 4269 507 4342 ένόμιχσας
524 4293 548 4326 w
570 4276 574 4341 Ι
597 4275 628 4326 16
647 4270 722 4326 ἔστιν
740 4293 757 4325 x
776 4277 781 4339 Ι
801 4276 834 4328 23
859 4273 933 4328 θεοῦ
956 4291 1010 4337 wx,
1033 4271 1136 4338 κυρίαν
1153 4283 1191 4340 γε,

80 4355 111 4406 de
133 4373 148 4408 τ
169 4361 239 4410 nihil
263 4363 358 4412 notavi

926 4441 993 4510 11*
