2994 4972
86 431 105 481 ι
129 415 230 466 ¹²-14
1149 419 1208 482 107

82 583 267 666 βασιλείαν
293 577 397 656 αύτάς
423 580 562 662 εἰσάξει,
594 577 670 644 ἀλλ’
700 575 721 663 ἡ
752 576 882 664 ἀληθὴς
907 581 1016 654 πίστις
1043 583 1081 622 *·
1116 581 1147 644 εί
1172 581 1212 644 δέ

83 705 140 758 τις
168 678 207 747 τὸ
233 681 296 765 μὲν
325 680 430 766 ὄνομα
458 681 516 766 τῆς
548 684 684 766 χηρείας
717 679 886 765 κέκτηται,
919 681 1066 747 ἐπιτελεῖ
1096 680 1132 746 δὲ
1169 679 1209 746 τά

82 789 102 830 *
139 783 203 850 τοῦ
232 781 466 867 ἀντικειμένου
499 784 516 824 *
547 782 809 868 ἐπιτηδεύματα,
845 779 866 867 ἡ
900 782 964 867 μὲν
998 785 1114 868 χηρεία
1147 780 1210 848 αύ-

83 887 149 970 τῆς
177 881 219 950 ού
245 884 501 971 λογισθήσεται,
530 883 716 964 ἐξωσθεῑσα
742 885 780 950 δὲ
807 889 866 969 τῆς
892 887 1065 968 βασιλείας
1091 885 1211 972 αίωνίᾳ

84 988 229 1054 κολάσει
252 986 537 1073 παραδοθήσεται.
582 985 752 1072 ἀκούομεν
774 986 840 1072 γάρ
862 1009 957 1063 τινας
985 985 1090 1070 χήρας
1114 989 1244 1071 ζηλο-ιι

83 1091 219 1167 τύπους
241 1096 274 1173 *,
296 1088 486 1175 φθονεράς,
510 1087 707 1172 διαβόλους,
729 1087 980 1172 βασκαινούσας
997 1099 1069 1165 ταις
1087 1088 1210 1174 ἑτέρων

84 1191 269 1258 ἀνέσεσιν·
314 1191 353 1255 αί
374 1191 585 1256 δὲτοιαῦται
612 1187 676 1256 οὐκ
705 1189 770 1256 είσΙ
798 1194 860 1254 τοῦ
887 1190 1026 1274 χριστοῦ
1048 1187 1129 1256 οὐδὲ
1152 1191 1210 1276 τῆς

85 1294 227 1362 ἐκείνου
247 1295 466 1370 διδασκαλίας
482 1291 678 1377 μαθήτριαι.
713 1293 793 1358 δέον
814 1288 880 1376 γὰρ
902 1289 1023 1375 αύτάς,
1051 1291 1208 1360 ἐνδοθεί-

84 1414 151 1481 σης
172 1393 287 1462 αύτοῑν
308 1393 478 1480 συγχήρας
499 1392 566 1461 ὑπὸ
586 1391 677 1472 τινὸς
694 1389 718 1478 ἢ
737 1392 906 1478 λαβούσης
916 1390 1066 1478 ἀργύρια
1086 1390 1110 1478 ἤ
1131 1417 1209 1480 τρο-

83 1497 160 1583 φὴν
181 1493 205 1582 ἢ
225 1498 317 1581 πόμα
339 1493 362 1581 ἢ
385 1494 568 1579 ὑπόδεσιν,
596 1497 809 1581 θεοσαμένας
834 1493 896 1580 τὴν
922 1492 1075 1581 ἀδελφὴν
1097 1493 1210 1562 αὐτοῖν
1228 1517 1261 1568 10

35 1612 72 1673 13
83 1598 314 1680 ἀναψύξασαν
329 1602 437 1666 εἰπεῖν
453 1601 457 1683 Ι
479 1596 702 1683 Εὐλογητὸς*
720 1595 738 1662 ὁ
751 1595 832 1674 θεὸς
845 1593 864 1663 ὁ
879 1595 1051 1678 ἀναψύξας
1063 1622 1131 1682 μου
1147 1597 1210 1683 την

83 1701 274 1786 συγχήραν.
306 1699 502 1786 εύλόγησον,
523 1699 630 1788 κύριε,
649 1699 706 1766 καλ
723 1699 868 1778 δόξασον
884 1697 944 1764 τὸν
960 1699 1209 1785 διακονήσαντα

87 1801 180 1890 αὐτῇ
203 1803 260 1869 καί
282 1800 321 1869 τὸ
339 1806 439 1888 ἔργον
460 1800 566 1868 αὐτού
586 1799 732 1886 ἀναβαίη
762 1799 801 1866 ἐν
819 1799 964 1889 ἀληθείᾳ
985 1800 1070 1888 πρὸς
1092 1803 1133 1868 σέ
1151 1801 1208 1870 καὶ

82 1905 270 1991 μνησθήση
299 1902 405 1971 αὐτοῦ
432 1907 479 1982 εἰς
505 1903 638 1989 ἀγαθὸν
675 1902 714 1968 ἐν
738 1899 845 1990 ἡμέρᾳ
873 1903 1057 1988 ἐπισκοπῆς
1092 1901 1207 1970 αὐτοῦ.

84 2005 144 2074 καί
165 2005 228 2073 τὸν
250 2005 437 2073 ἐπίσκοπόν
463 2029 531 2091 μου
552 2003 613 2071 τὸν
639 2005 750 2083 καλοῖς
770 2021 824 2070 σοι
844 2005 1130 2090 λειτουργήσαντα
1152 2007 1209 2072 καὶ
1229 2027 1259 2076 ιιι

83 2111 271 2190 διδάξοντα
295 2105 455 2194 εύκαιρον
483 2106 715 2196 ἐλεημοσύνην
738 2112 852 2195 γυμνῇ
876 2106 960 2193 ούση
984 2113 1026 2193 τῇ
1051 2110 1210 2198 συγγήρχο

82 2237 152 2296 μου
173 2213 353 2295 γενέσθω,
381 2213 566 2296 προσθείης
593 2206 685 2297 αύτῷ
712 2209 815 2288 δόξαν
837 2209 894 2274 καὶ
914 2209 1004 2295 δύης
1025 2209 1116 2299 αὐτῷ
1134 2212 1209 2280 στέ-

84 2337 201 2400 φανον
232 2314 426 2398 καυχήσεως
455 2313 494 2378 ἐν
515 2309 621 2399 ἡμέρη
649 2309 894 2389 ἀποκαλύψεως
922 2311 1106 2398 ἐπισκοπῆς
1132 2330 1206 2379 σου.

84 2413 211 2500 ὁμοίως
227 2411 318 2500 καὶὴ
334 2414 486 2500 λαβοῦσα
500 2414 586 2500 χήρα
600 2415 638 2482 τὸ
658 2418 750 2491 ἔλεος
767 2413 1076 2499 συμπροσευχέσθω
1093 2415 1139 2502 τῷ
1156 2416 1206 2480 δι-

39 2519 183 2590 Ηδάντι
205 2515 293 2603 αὐτῇ
315 2515 377 2602 τὴν
399 2518 586 2584 διακονίαν.
612 2521 616 2606 Ι
639 2513 659 2603 ἡ
680 2517 743 2601 μὲν
764 2513 958 2598 εύποιούσα,
979 2508 1208 2600 ἀποκρυψάτω
1226 2535 1260 2587 20

84 2617 123 2685 τὸ
141 2621 272 2686 οἰκεῖον
285 2617 392 2703 ὄνομα
413 2616 458 2697 ύς
475 2619 577 2704 σοφή,
598 2617 643 2703 μιΙ
659 2621 866 2698 σαλπίζουσα
886 2619 1081 2703 ἔμπροσθεν
1095 2615 1209 2702 αὐτῆς,

84 2722 144 2787 ἵνα
166 2721 303 2805 γίνηται
324 2719 345 2806 ἡ
367 2720 576 2806 ἐλεημοσύνη
598 2719 638 2786 ἐν
659 2723 798 2807 κρυπτῷ
824 2717 908 2803 πρὸς
929 2721 947 2760 *
968 2717 1069 2785 θεόν·
1095 2721 1210 2798 καθύς

88 2840 198 2907 φησιν
216 2817 235 2888 ὁ
254 2822 372 2906 κύριος
394 2821 444 2888 ὅτι
459 2826 532 2889 Σοῦ
551 2823 589 2889 δὲ
605 2821 783 2899 ποιοῦντος
806 2819 1036 2907 ἐλεημοσύνην
1055 2820 1100 2907 μιΙ
1119 2822 1209 2906 γνω-

84 2949 131 2989 τω
164 2921 186 3009 ἡ
214 2921 373 3010 ἀριστερά
403 2941 468 2990 σου
490 2927 508 2965 *
534 2928 570 2990 τί
593 2921 726 3009 ποιεῑὴ
755 2923 849 3003 δεξιά
878 2939 961 3007 σου,
991 2921 1080 3000 ὅπως
1102 2913 1125 3008 χΙ
1144 2940 1208 2989 σου

82 3023 103 3111 ἡ
134 3025 346 3110 ἐλεημοσύνη
376 3025 415 3092 ἐν
441 3030 488 3114 τῷ
513 3025 662 3113 κρυπτῷ.
711 3026 769 3092 καλ
800 3021 821 3110 ἡ
852 3025 939 3110 χήρα
969 3024 1208 3110 προσευχέσθω
1225 3043 1260 3096 ιο

156 3199 191 3251 23
209 3199 299 3250 Matth
316 3198 342 3262 6,
360 3200 385 3252 3.
405 3201 421 3250 4

92 3371 103 3421 1
124 3366 177 3420 καὶ
194 3363 229 3419 τά
248 3369 319 3420 θεῖα
339 3357 416 3435 [ὅσιοι
429 3368 451 3437 t]
473 3365 541 3435 ἐρχα
552 3367 586 3435 -Ι-
598 3375 644 3435 yzt
659 3365 695 3435 Ι2
713 3359 836 3420 ἐπιτελεῖ
848 3361 880 3418 δέ
891 3367 926 3430 >
936 3371 984 3432 χιι
998 3362 1003 3434 Ι
1018 3365 1034 3418 3
1047 3360 1080 3418 δέ
1092 3366 1125 3434 -Ι-
1136 3373 1183 3434 yzt
1202 3365 1207 3434 Ι

85 3454 102 3506 3
121 3447 252 3506 ἐπιτελεῖ
261 3453 298 3519 .-Ι-
314 3459 362 3518 γτι
375 3449 412 3522 Ιὸ
429 3449 448 3519 ἡ
467 3459 545 3520 wyzt,
566 3449 594 3505 εί
604 3471 621 3504 ιι
636 3451 641 3520 Ι
656 3453 710 3504 3.4
728 3446 804 3519 αύτῆ
815 3469 832 3503 x
847 3449 852 3518 Ι
867 3453 883 3502 4
902 3443 1052 3518 λξωσθήσα
1069 3468 1093 3502 w
1108 3449 1145 3519 Ιθ
1162 3441 1208 3504 ὅν-

85 3556 139 3598 τως
157 3537 191 3605 -Ι-
208 3555 232 3588 w
252 3537 257 3602 Ι
278 3539 293 3588 7
312 3537 458 3590 τοιαάτετ
480 3537 484 3605 Ι
504 3540 519 3589 7
538 3534 613 3591 ελολν
630 3556 647 3589 x
666 3539 671 3602 Ι
691 3539 706 3588 7
724 3537 776 3604 τῆς
793 3543 895 3602 ωιχτλ,
920 3553 954 3588 τ..
973 3537 1007 3588 W
1027 3538 1031 3600 Ι
1052 3537 1107 3588 8.9
1125 3529 1208 3589 ἐνδύ-

85 3617 192 3690 &riom
209 3640 233 3673 w
248 3620 285 3689 Ιθ
302 3616 398 3674 αύτιὸκ
415 3629 470 3689 γει,
489 3623 540 3690 τῆς
558 3641 597 3689 w,
620 3613 715 3675 αύτιδιι
733 3621 782 3684 τῆς
800 3640 816 3673 x
836 3620 841 3688 Ι
860 3621 877 3672 9
895 3616 1039 3690 σονχὴρας
1055 3639 1089 3688 γε
1105 3620 1142 3689 Ι9
1159 3614 1209 3688 ἀρ-

85 3706 191 3774 γύριον
208 3725 260 3773 xyz
284 3705 290 3775 Ι
319 3707 350 3759 10
366 3699 451 3774 πύμα
470 3725 494 3758 w
520 3706 525 3776 Ι
553 3709 585 3759 10
602 3699 746 3774 ύπάδησιν
763 3725 787 3758 w
817 3705 821 3772 Ι
849 3707 879 3757 11
904 3702 998 3759 εἰπεῖν
1017 3725 1034 3760 ο
1052 3713 1209 3760 correctore

85 3797 114 3844 in
138 3809 159 3857 y
181 3793 277 3844 eodem
301 3793 360 3846 loeo
384 3809 437 3859 quo
460 3799 527 3857 κτλ,
554 3810 570 3844 ε
593 3795 681 3860 prima
704 3809 786 3844 mnu
804 3797 866 3859 post
883 3787 966 3854 θεὸς,
992 3799 1089 3846 neutro
1113 3793 1207 3845 1οοοτ

85 3881 88 3943 Ι
121 3879 150 3928 ll
178 3872 207 3930 ελ
222 3877 257 3943 -Ι-
273 3883 322 3942 yzt
346 3877 351 3942 Ι
381 3877 409 3928 11
429 3893 486 3944 μου
502 3879 566 3942 >t
592 3876 596 3944 Ι
626 3877 656 3929 12
680 3871 827 3944 σννχήροιν
844 3893 877 3942 yz
904 3879 908 3941 Ι
939 3877 970 3928 13
992 3874 1042 3930 καί
1060 3873 1092 3929 τδ
1109 3883 1152 3940 τι,
1177 3872 1209 3930 τὸ

84 3957 141 4030 γὰρ
160 3979 195 4022 τι,
221 3958 254 4013 τὸ
272 3963 331 4028 χτΙ
359 3963 390 4015 13
408 3952 564 4029 ἀναβαίνει
581 3979 619 4026 w,
643 3953 790 4029 ἀναβῆναι
807 3959 843 4027 1Ι
871 3963 901 4014 13
924 3953 957 4013 ἐν
973 3952 1102 4028 ἀληθείᾳ
1118 3963 1153 4026 >
1170 3964 1208 4013 Υε

89 4076 90 4093 1
115 4047 147 4099 13
163 4043 214 4098 καλ
233 4047 351 4098 alterum
368 4047 402 4111 >
419 4063 453 4112 γε
469 4045 473 4113 Ι
496 4048 527 4097 14
545 4040 707 4114 μνησθήσει
726 4047 773 4109 W,
793 4040 939 4114 μνησθήτι
957 4063 996 4112 w,
1015 4040 1162 4114 μνήσθητι
1173 4063 1208 4112 χι

115 4134 146 4183 14
162 4123 256 4184 αάτοά
273 4132 393 4184 alterum
410 4138 474 4194 th,
492 4147 544 4184 σου
561 4149 596 4197 γε
615 4131 620 4199 Ι
644 4133 674 4184 15
698 4147 741 4183 σοι
765 4123 1007 4198 λειτουργήσαντα
1025 4128 1177 4195 κοι1>χτ
1202 4131 1206 4196 Ι

88 4217 119 4268 16
137 4205 259 4282 εύκερον
276 4219 300 4266 Υ
320 4213 324 4281 Ι
347 4215 378 4266 111
397 4211 539 4283 οτχχήρωι
558 4234 582 4268 w
602 4219 606 4282 Ι
628 4217 659 4268 17
677 4207 756 4281 αύτῷ
822 4209 897 4282 δύης
914 4217 947 4280 >
964 4233 998 4280 γε
1015 4215 1019 4281 Ι
1037 4215 1067 4266 17
1086 4209 1208 4280 δυ’σηςτ

87 4306 90 4364 Ι
113 4301 145 4352 19
161 4294 366 4366 προσευχέσθω
384 4307 395 4351 t
411 4301 414 4364 Ι
429 4301 463 4352 20
480 4295 578 4367 μέντοι
595 4309 642 4367 yzt
657 4299 662 4368 Ι
676 4301 710 4352 ‘20
726 4292 920 4366 ἀπεκρνψατω
938 4318 954 4351 x
969 4298 974 4366 Ι
989 4302 1022 4350 22
1041 4291 1073 4350 ἐν
1091 4298 1206 4364 κρυπτῷ

84 4394 147 4453 post
164 4378 241 4440 θεὸν
257 4393 305 4450 γει
319 4383 324 4452 Ι
338 4387 371 4436 ⁶22
390 4379 440 4436 τὸν
457 4384 490 4452 -Ι-
507 4391 555 4450 χτι
569 4384 574 4452 Ι
589 4386 623 4437 23
640 4378 797 4454 ίλεησύνην
814 4402 838 4436 w
854 4382 858 4454 Ι
873 4386 906 4435 ‘24
925 4379 956 4438 τὸ
974 4382 1007 4450 -Ι-
1025 4401 1042 4436 x
