2998 4972
99 445 118 493 ἰ
141 427 173 478 ¹⁰
1155 433 1218 494 κιο

98 591 163 677 τήν
182 591 307 658 ἑαυτοῦ
334 589 473 674 εἰρήνην
496 585 578 674 ήμίν
604 591 826 676 παράσχοιτο,
855 591 913 656 ἵνα
942 591 980 656 ἐν
1006 595 1220 680 πληροφορίᾳ

97 698 159 778 τῆς
185 691 259 758 κατ’
284 689 460 776 εὐσέβειαν
490 688 610 776 ἀρετῆς
635 692 874 768 διατελούντας
897 687 984 776 ήμᾶς
1012 692 1216 778 σνντηρήσῃ.

95 793 186 876 ὑπὲρ
209 796 269 877 τῆς
293 791 391 876 άγίας
415 795 601 876 καδολικής
622 791 679 858 καὶ
707 790 931 878 ἀποστολικής
956 792 1134 878 ἐκκλησίας
1159 798 1219 879 τής

96 895 167 962 ἀπὸ
187 895 345 980 περάτων
365 893 428 970 ἕως
447 893 603 976 περάτων
618 895 812 978 δεηδάμεν,
836 894 925 972 ὅπως
947 892 966 960 ό
988 894 1104 979 κύριος
1125 890 1217 962 ἄσει-

96 1015 182 1064 στον
210 993 319 1081 αὐτήν
345 993 403 1062 καλ
436 991 691 1062 ἀκλυδάνιστον
722 996 914 1081 διαφυλάξη
942 995 999 1062 καὶ
1031 997 1251 1083 διατηρήσησ

96 1099 194 1184 μέχρι
223 1101 283 1182 τῆς
311 1100 505 1172 συντελείας
532 1096 594 1162 τοῦ
615 1098 738 1174 αίοίνος
765 1100 1054 1183 τεδεμελιωμένην
1078 1097 1133 1164 ἐπὶ
1154 1097 1217 1182 τήν

96 1203 241 1288 πέτραν·
265 1202 283 1242 *
304 1198 361 1265 καὶ
382 1194 467 1281 ὐπέρ
489 1201 548 1283 τής
570 1197 696 1264 ἐνδάδε
714 1195 810 1282 ἁγίας
831 1203 1007 1281 παροικίας
1026 1201 1215 1285 δεηδιόμιν,

96 1303 188 1379 ὅπως
214 1299 402 1386 καταξιάση
427 1295 514 1386 ἡμᾶς
541 1296 559 1364 δ
585 1301 654 1364 τόν
681 1297 770 1364 ὅλων
795 1298 912 1384 κύριος
939 1299 1128 1378 ἀνενδότως
1153 1300 1216 1386 τήν

97 1403 306 1488 ἐπουράνιον
321 1400 427 1471 αὐτοῦ
443 1400 562 1468 ἐλπίδα
574 1399 795 1484 μεταδιώκειν
813 1399 871 1467 καὶ
884 1398 1101 1468 ἀδιάλειπτον
1125 1399 1216 1489 αὐτῷ

96 1510 156 1591 τῆς
174 1505 324 1590 δεήσεως
343 1501 544 1570 ἀποδιδόναι
565 1499 628 1587 τήν
647 1499 799 1586 ὀφειλήν.
843 1498 929 1585 ὑπὲρ
954 1502 1063 1588 πάσης
1078 1503 1215 1570 ἐπισκο-
1235 1519 1267 1572 10

96 1611 160 1692 πῆς
195 1610 255 1691 τῆς
282 1601 342 1670 ὐπ’
373 1606 390 1645 *
419 1602 568 1688 οὐρανόν
600 1606 668 1668 τόν
703 1599 986 1688 ὀρθοτομούντων
1021 1603 1081 1670 τὸν
1112 1604 1216 1688 λόγον

94 1713 153 1792 τής
180 1705 385 1794 *ἀληθείας
408 1708 600 1791 δεηδύμεν·
630 1702 687 1770 καὶ
710 1701 796 1788 ὑπὲρ
822 1708 884 1770 τοῦ
907 1705 1094 1772 ἐπισκόπου
1119 1702 1216 1791 ήμάν

91 1809 255 1894 Ἰακοόβου
287 1810 344 1875 καὶ
374 1809 442 1874 τάν
472 1810 659 1891 παροικιύν
683 1803 789 1872 αὐτοῦ
810 1807 1003 1891 δεηθάμεν,
1037 1803 1123 1893 ὐπέρ
1154 1811 1216 1874 τού

95 1911 286 1978 ἐπισκόπου
306 1907 403 1996 ἡμῶν
423 1907 616 1992 Κλήμεντος
638 1905 695 1973 καὶ
716 1911 785 1973 τεόν
808 1911 994 1992 παροικιιύν
1010 1907 1116 1974 αὐτοῦ
1136 1911 1215 1994 δεη-

93 2017 225 2098 δύμεν,
244 2008 332 2098 ύπέρ
351 2015 412 2078 τοῦ
435 2006 664 2078 ἐπισκόπου’
644 2012 741 2096 ημοῖν
762 2007 910 2074 Εὐοδίαν
932 2008 989 2075 καλ
1006 2033 1076 2076 των
1094 2032 1214 2095 παροι-
1232 2025 1266 2078 15

95 2119 180 2180 κιοῖν
199 2110 306 2180 αὐτον
291 2108 583 2198 δεηθάμεν,ύπ
584 2113 622 2194 ἐρ
641 2114 704 2176 τοῦ
724 2105 950 2178 ἐπισκόπου
929 2133 1026 2194 ημων
1037 2107 1216 2178 Ἀννιανού

94 2217 150 2282 καλ
169 2219 241 2282 τῶν
255 2236 442 2298 παροικιων
461 2211 567 2280 αὐτου
556 2213 768 2298 δεηδιόμεν,
790 2207 914 2288 ὅπως
899 2235 917 2278 ο
937 2213 1119 2332 οἰκτίρμων
1134 2211 1216 2290 θεός

93 2321 271 2404 χαρίσηται
288 2313 410 2392 αὐτοὺς
429 2327 501 2392 ταῖς
522 2311 631 2398 ἁγίαις
650 2312 755 2379 αὐτου
741 2313 965 2397 ἐκκλησίαις
980 2311 1100 2394 σάους,
1124 2312 1213 2380 ἐντί-

93 2443 189 2505 μους,
203 2416 551 2502 μακροημερεόοντας,
563 2414 620 2482 καλ
631 2419 742 2500 τίμιον
754 2411 867 2490 αὐτοῖς
879 2412 1030 2498 τδγήρας
1040 2414 1214 2500 παράσχη-

94 2547 147 2590 ται
162 2523 205 2590 ἐν
221 2519 375 2607 εὐσεβείᾳ
388 2519 446 2585 καλ
460 2517 675 2601 δικαιοσύνη·
697 2515 782 2582 *καὶ
796 2511 882 2600 ὐπέρ
893 2519 962 2580 τῶν
976 2517 1214 2600 πρεσβυτέρων
1231 2529 1266 2582 20

94 2623 192 2710 ἡμῶν
220 2625 415 2706 δεηθάμεν,
441 2619 531 2696 ὅπως
549 2615 568 2685 ὁ
589 2617 706 2703 κύριος
728 2616 870 2703 βύσηται
892 2613 1016 2694 αὐτούς
1037 2615 1104 2683 ἀπδ
1126 2639 1214 2684 παν-

95 2727 149 2804 τός
171 2725 303 2816 ἀτόπου
331 2721 387 2789 καὶ
410 2724 564 2808 πονηροῦ
585 2719 779 2804 πράγματος
808 2718 865 2786 καὶ
885 2721 976 2786 σιόον
1001 2717 1057 2786 καὶ
1077 2722 1214 2804 ἔντιμον

94 2827 132 2894 τδ
150 2827 398 2912 πρεσβυτέριον
415 2821 530 2900 αὐτοῖς
546 2821 722 2906 παράσχοι.
755 2829 772 2864 *¹
787 2817 874 2903 ὑπὲρ
890 2820 999 2907 πάσης
1013 2825 1072 2905 τῆς
1087 2822 1126 2886 ἐν
1140 2844 1215 2905 χρι-

94 2935 161 3018 στῷ
177 2930 352 3002 διακονίας
367 2924 424 2993 καλ
435 2929 452 2968 *
464 2921 648 3010 ὑπηρεσίας
659 2925 846 3008 δεηδύμεν,
860 2919 1100 3004 ὅπωςδκόριος
1109 2919 1215 3004 ἀμεμ-

94 3055 180 3098 πτον
202 3025 317 3106 αὐτοῖς
339 3026 401 3112 τήν
421 3028 599 3094 διακονίαν
620 3024 840 3110 παράσχηται.
871 3021 957 3106 ὑπὲρ
973 3020 1213 3105 ἀναγκαστῶν,
1231 3035 1266 3086 25

95 3135 245 3214 ὐαλτοῖν,
265 3131 459 3215 παρδένων,
480 3128 593 3212 χηριάν
605 3151 641 3192 τε
659 3125 715 3194 καλ
731 3123 893 3210 ὀρφανοῖν
908 3125 1096 3208 δεηδιύμεν.
1127 3117 1213 3206 ὑπὲρ

93 3240 163 3302 τεόν
183 3233 223 3300 ἐν
237 3235 408 3315 συζυγίαις
424 3229 480 3296 καὶ
494 3232 724 3312 τεκνογονίαις
743 3229 932 3311 δεηδιδμεν,
955 3224 1044 3301 ὅπως
1059 3220 1077 3288 δ
1097 3223 1215 3308 κύριος

93 3336 172 3415 τούς
194 3335 323 3411 πάντας
341 3329 464 3408 αὐτούς
486 3331 616 3416 ἐλεήσῃ.
648 3325 735 3413 ὑπὲρ
759 3323 932 3412 εὐνούχων
952 3325 1051 3402 ὁσίως
1068 3347 1214 3410 πορευο-

93 3439 207 3524 μένων
222 3436 410 3520 δεηδάμεν.
447 3427 534 3517 ὑπὲρ
549 3435 618 3498 τάν
640 3433 678 3499 ἐν
696 3430 872 3516 ἐγκρατείᾳ
886 3430 943 3495 καί
962 3425 1118 3514 εὐλαβείᾳ
1135 3427 1215 3511 δεη-

93 3545 222 3626 διύμεν.
266 3534 352 3622 ὑπὲρ
381 3535 449 3603 τοῖν
477 3530 792 3620 καρποφορούντων
820 3530 859 3596 ἐν
883 3534 924 3616 τῇ
949 3527 1028 3616 ἁγίᾳ
1054 3529 1215 3614 ἐκκλησίᾳ
1231 3539 1266 3596 30

93 3641 150 3710 καὶ
170 3638 362 3708 ποιούντων
377 3649 447 3714 τοῖς
461 3636 580 3721 πένησι
599 3632 658 3712 τάς
675 3631 901 3723 ἐλεημοσύνας
917 3633 1106 3717 δεηδύμεν,
1128 3627 1216 3695 *καὶ

162 3803 877 3874 4Ροιι1ω72,816Μοιλ117,25111Τὶ,ωβ2
899 3803 930 3855 15

93 3964 392 4032 δτιθεμελιομελιομ
395 3955 605 4029 ἐνηνλΙἹέτι
623 3957 657 4023 -Ι-
674 3975 692 4024 y
712 3959 716 4020 Ι
739 3947 803 4010 ll
787 3950 843 4010 υπὸ
860 3962 891 4022 γλ
910 3955 915 4024 Ι
937 3956 1001 4007 11τ
985 3950 1036 4008 τὸν
1052 3955 1087 4018 -Ι-
1103 3951 1157 4019 γεΙ
1182 3952 1214 4002 12

94 4053 146 4120 οής
163 4052 198 4115 -Ι-
216 4051 251 4111 tl
277 4048 305 4098 15
324 4038 447 4100 εὐωδίου
466 4063 482 4098 x
502 4045 506 4111 Ι
529 4035 593 4095 16‘
577 4038 697 4107 οπερ...
720 4041 750 4092 17
768 4040 922 4108 δεηδόμεν
939 4042 973 4105 >
991 4041 1022 4102 tl
1039 4038 1072 4089 16
1088 4029 1215 4088 άνιανού

92 4136 130 4202 γΙ
152 4135 193 4187 19.
204 4133 239 4185 20
257 4126 439 4199 παράσχηται
457 4135 496 4192 τι,
516 4120 667 4195 φνλάξηγ
690 4128 694 4190 Ι
720 4127 755 4178 20
773 4121 814 4180 ἐτι
832 4125 901 4192 ·Ι·γ
920 4123 924 4192 Ι
944 4125 977 4176 23
993 4121 1215 4188 πρισβντεριιον

92 4217 329 4285 ι,πρεσβει“ονγ
355 4219 360 4280 Ι
385 4215 420 4268 23
438 4209 479 4266 ἐτι
496 4230 546 4266 και
536 4211 633 4279 λ-Ι-γ
657 4210 662 4280 Ι
686 4215 719 4265 24
737 4211 788 4278 τής
804 4209 874 4278 -Ιγ
899 4210 903 4273 Ι
929 4209 963 4260 25
984 4201 1037 4274 τήν
1059 4204 1215 4258 διακονίαν

93 4295 194 4364 αὐτοῖς
214 4293 247 4371 [ά
265 4301 286 4368 λ]
305 4300 359 4367 γιΙ
382 4299 417 4352 28
434 4291 500 4356 τούς
517 4297 586 4363 >y
607 4298 611 4364 Ι
631 4298 666 4350 29
684 4299 736 4348 init
754 4293 874 4362 δεηδάμ
892 4299 921 4357 λι
942 4291 973 4344 31
992 4286 1147 4357 ulmum
1162 4288 1213 4356 131

93 4385 224 4454 ἐτι-Η
