2998 4972
90 415 105 481 ζ
119 417 223 470 41-42

89 587 229 669 κτίστην
250 582 309 650 καὶ
331 582 622 672 όημιουργόντῦν
636 581 807 672 ἀπάντων,
831 585 866 668 ἐξ
881 576 925 652 οὐ
941 585 982 654 τά
997 588 1118 656 πάντα.
1152 591 1211 659 καλ

89 687 135 762 είς
161 684 224 751 τόν
249 685 371 770 κόριον
394 681 522 772 Ἰησοῦν
549 684 610 754 τόν
634 688 791 773 χριστόν,
819 685 881 754 τόν
909 693 1079 777 μονογενῆ
1105 689 1211 760 αὐτοῦ

88 787 178 870 υίόν,
200 786 261 854 τὸν
280 785 497 874 πρωτότοκον
519 789 629 874 πάσης
649 792 804 873 κτίσεως,
826 787 888 856 τόν
908 789 974 875 πρό
996 792 1131 860 αίάνων
1152 791 1210 860 εὐ-

88 891 188 976 όοκίᾳ
209 889 271 956 τοῦ
285 889 410 976 πατρός
423 891 632 976 γεννηθέντα
650 887 692 956 οὐ
710 893 901 977 κτισθέντα,
920 891 966 959 δι’
982 885 1025 959 οὐ
1042 892 1083 960 τά
1100 896 1210 961 πάντα

88 989 224 1074 ἐγένετο
241 991 283 1058 τά
301 991 341 1058 έν
368 988 527 1077 οὐρανοῖς
557 991 615 1060 καλ
636 991 692 1058 έπλ
713 998 775 1078 γῆς
797 989 901 1078 όρατά
923 1017 960 1060 τε
985 996 1042 1062 καλ
1069 994 1208 1082 ἀόρατα,
1226 1015 1243 1066 σ

87 1091 148 1158 τόν
178 1089 234 1159 ἐπ’
259 1092 410 1178 ἐσχάτων
428 1097 498 1160 τάν
518 1091 656 1180 ἡμεροῦν
679 1095 889 1162 κατελθόντα
917 1095 951 1178 ἐξ
974 1093 1132 1181 οὐρανῶν
1152 1098 1210 1166 καὶ

87 1193 200 1278 σάρκα
214 1193 443 1280 ἀναλαβόντα,
465 1196 483 1235 *
499 1194 538 1262 έκ
555 1200 615 1282 τῆς
633 1193 730 1282 ἀγίας
746 1199 923 1281 παρθένου
938 1204 1108 1286 Μαρίας*
1130 1223 1210 1286 γεν-

86 1297 250 1381 νηθέντα,
272 1295 329 1363 καλ
351 1297 640 1383 πολιτευσάμενον
661 1294 760 1376 ὁσίως
787 1297 872 1366 κατά
897 1296 976 1378 τούς
1001 1301 1128 1386 νόμους
1148 1307 1210 1368 τοῦ

86 1402 175 1463 θεοῦ
196 1397 255 1464 καὶ
272 1397 401 1484 πατρὸς
423 1396 540 1483 αὐτοῦ,
561 1399 618 1465 καλ
639 1401 881 1486 σταυρωθέντα
904 1401 959 1468 ε’πλ
974 1407 1126 1470 Ποντίου
1143 1409 1209 1472 Πι-

87 1499 194 1566 λάτου
217 1499 274 1566 καλ
296 1498 517 1568 ἀποθανόντα
535 1497 622 1588 ὑπὲρ
642 1499 755 1588 ἡμῶν,
777 1501 834 1570 καλ
860 1501 1054 1570 ἀναστάντα
1079 1505 1120 1572 ἐκ
1140 1509 1210 1572 νῦν
1227 1521 1261 1574 lo

86 1605 223 1687 νεκριῦν
249 1599 332 1686 μετά
352 1601 390 1668 τό
412 1608 537 1669 παθεῖν
554 1607 597 1689 τῇ
617 1609 712 1690 τρίτη
732 1601 840 1692 ἡμέρᾳ
867 1605 925 1671 καλ
948 1604 1140 1672 ἀνελθόντα
1162 1609 1210 1685 είς

86 1701 167 1781 τοῦς
193 1700 361 1788 οὐρανοὺς
388 1701 446 1769 καί
473 1705 688 1772 καθεσθέντα
717 1704 756 1772 έν
781 1707 876 1794 δεξιᾷ
899 1711 962 1772 τοῦ
981 1707 1123 1794 πατρός,
1152 1700 1209 1776 καλ

86 1806 193 1872 πάλιν
214 1805 399 1890 ἐρχόμενον
420 1805 483 1880 έπλ,
497 1811 675 1895 συντελείᾳ
695 1811 756 1872 τοῦ
776 1810 898 1885 αίῦυος
911 1807 995 1893 μετά
1016 1809 1116 1896 όόξης
1134 1822 1210 1895 κρί-

86 1931 143 1974 ναι
169 1911 297 1988 ζῦντας
318 1907 374 1986 καὶ
395 1907 553 1996 νεκροῦςς
572 1899 615 1974 οὐ
636 1913 695 1993 τῆς
711 1911 885 1994 βασιλείας
907 1907 970 1976 οὐκ
992 1915 1084 1978 ἔσται
1105 1913 1208 1991 τέλος.

85 2013 288 2094 βαπτίζομαι
314 2007 372 2076 καί
405 2013 452 2088 είς
484 2007 523 2076 τό
551 2015 685 2096 πνεῦμα
714 2010 753 2076 τό
781 1997 896 2096 ἅγιον,
920 2012 1013 2079 τοῦτ’
1045 2017 1115 2080 έστι
1149 2013 1209 2082 τόν
1227 2031 1259 2082 ισ

86 2111 318 2197 παράκλητον,
341 2109 380 2178 τό
402 2111 590 2196 ένεργῆσαν
610 2113 649 2179 ἐν
674 2117 756 2180 πῦσι
777 2125 848 2192 τοίς
869 2111 930 2180 ἀπ’
952 2117 1074 2192 αίοίνος
1089 2113 1207 2201 ἁγίοις,

84 2211 235 2298 ὕστερον
256 2212 294 2278 δὲ
321 2210 513 2281 ἀποσταλλν
534 2214 664 2301 *παρά
687 2220 748 2282 τοῦ
768 2213 894 2301 πατρὸς
914 2215 999 2282 κατά
1019 2215 1083 2300 την
1104 2217 1210 2301 ἐπαγ-

84 2318 207 2397 γελίαν
227 2317 289 2380 τοῦ
313 2316 331 2356 *
354 2317 503 2400 σωτῆρος
517 2312 615 2402 ἡμῶν
633 2316 690 2382 καλ
711 2321 835 2405 κυρίου
852 2315 961 2403 Ἰησοῦ
981 2323 1132 2403 χριστοῦ,
1152 2316 1210 2384 καί

84 2415 170 2501 μετά
191 2413 271 2494 τούς
288 2414 499 2494 ἀποστόλους
520 2419 558 2484 δὲ
577 2421 659 2484 πάσι
677 2431 748 2496 τοῖς
769 2417 988 2486 πιστεύουσιν
1008 2419 1047 2485 έν
1068 2423 1110 2505 τῇ
1130 2417 1210 2508 ἀγίηι

84 2523 258 2604 καθολικῇ
284 2517 341 2584 καὶ
371 2517 579 2606 άποστολικῇ
617 2519 794 2608 ἐκκλησίᾳ,
830 2524 877 2598 είς
905 2519 1029 2606 σαρκός
1060 2518 1210 2588 ἀνάστα·
1225 2537 1260 2590 εο

83 2639 142 2687 σιν
161 2619 220 2686 καλ
249 2623 296 2698 είς
323 2620 448 2706 ἄφεσιν
473 2618 645 2708 άμαρτιιῦν
668 2621 725 2688 καλ
748 2623 795 2699 είς
816 2625 994 2706 βασιλείαν
1015 2621 1208 2709 οῦρανῦν*

83 2723 143 2789 καὶ
167 2725 216 2800 είς
237 2721 325 2808 ζουΙν
352 2727 414 2791 τοῦ
441 2725 622 2808 μέλλοντος
649 2726 779 2802 αίῦνος.
824 2724 881 2792 καλ
905 2724 988 2810 μετά
1013 2722 1077 2811 τιΙυ
1104 2723 1210 2809 έπαγ-

83 2828 206 2910 γελίαν
237 2825 364 2911 ταύτην
395 2823 469 2891 κατ’
497 2824 708 2892 ἀκολουθίαν
735 2829 865 2914 ἔρχεται
900 2825 957 2894 καλ
989 2830 1036 2906 είς
1061 2826 1124 2911 τιΙν
1149 2831 1210 2892 τοῦ

37 2927 207 2997 λλέλαίου
228 2930 348 3010 χρίσιν.
369 2937 374 3006 Ι
395 2925 582 3011 εὐλογεῖται
601 2929 639 2994 δὲ
660 2931 759 2996 τοῦτο
773 2927 864 3016 παρά
885 2931 947 2994 τοῦ
961 2927 1140 3016 ἀρχιερέως
1162 2929 1209 3005 είς

82 3029 212 3115 άφεσιν
230 3025 403 3116 ἀμαρτιῦν
418 3027 475 3094 καλ
490 3029 771 3116 προκατασκευην
785 3034 847 3097 τοῦ
860 3033 1097 3116 βαπτίσματος.
1133 3029 1208 3096 έπι-
1224 3045 1259 3096 τό

83 3137 239 3198 καλεῖται
259 3130 325 3218 γάρ
347 3129 454 3209 οῦτως
475 3129 536 3198 τόν
561 3129 749 3218 ἀγέννητον
773 3129 875 3215 θεόν,
904 3129 966 3197 τόν
994 3132 1121 3216 πατέρα
1147 3133 1209 3196 τοῦ

82 3235 244 3318 χριστοῦ,
273 3233 333 3300 τόν
350 3233 490 3319 βασιλέα
510 3234 619 3317 πάσης
646 3237 809 3319 αἰσθητῆς
834 3231 891 3299 καὶ
911 3236 1034 3319 νοητῆς
1061 3233 1206 3318 φύσεως,

82 3337 144 3401 ἵνα
163 3332 286 3422 ἀγιάση
308 3334 347 3402 τὸ
371 3339 485 3402 ἔλαιον
506 3338 554 3424 τῷ
582 3333 721 3419 ὀνόματι
745 3339 807 3402 τοῦ
827 3338 950 3423 κυρίου
975 3332 1123 3421 Ἰησοῦ*
1151 3333 1208 3402 καλ

156 3490 1207 3560 1Οοιαθ,θΙ30011,ΙῦΙλθοτα8,όΙ50011,ΙῦΙλΗιοο

157 3575 239 3638 1,33

82 3715 100 3764 2
118 3705 173 3764 τόν
190 3711 309 3764 medium
325 3712 361 3777 >
378 3729 392 3763 τ
412 3711 417 3778 Ι
437 3714 453 3764 2
471 3709 563 3780 μόνον
579 3715 635 3765 W?
655 3707 797 3781 μονογενῆ
816 3729 840 3764 w
858 3717 967 3764 correct
984 3727 1032 3764 τεο
1047 3712 1052 3778 Ι
1067 3711 1083 3765 3
1100 3705 1209 3765 αίάνον

84 3789 245 3866 θίλΙ4οὐ
264 3791 472 3863 κτισθέντα)
489 3795 575 3864 γτΙῦ
592 3797 712 3849 ἱοίίτάν
730 3793 1183 3864 ιΙθτάκ>γτλΙΊταλῌ
1202 3795 1206 3863 Ι

83 3884 100 3932 7
120 3881 172 3935 καί
189 3883 224 3948 -Ι-
240 3899 259 3947 y
279 3879 284 3948 Ι
306 3881 338 3934 10
354 3882 410 3935 τάν
426 3884 461 3947 >
478 3885 545 3948 yut!
567 3885 598 3934 λθ
617 3877 693 3935 ἔστιν
710 3901 727 3934 x
743 3885 748 3948 Ι
766 3884 796 3934 Ιθ
813 3876 874 3949 τόν]
892 3876 924 3935 τὸ
941 3899 956 3933 τ
972 3880 977 3948 Ι
993 3881 1025 3933 16
1043 3874 1209 3946 ἐνερχεῖσακ

84 3985 110 4018 τι
126 3967 132 4034 Ι
150 3968 182 4020 λθ
199 3966 291 4019 πᾶσιν
307 3967 357 4029 τιΙ
374 3968 404 4018 17
423 3965 472 4020 καὶ
491 3969 552 4028 τοῖς
568 3957 738 4028 ἀποστόλοις
755 3967 789 4033 -Ι-
806 3971 860 4032 γαί,
881 3960 913 4019 όν
930 3959 1007 4018 ἀλλα
1025 3957 1096 4033 ἡμῖν
1113 3981 1208 4031 margo

84 4052 117 4116 tl
136 4053 168 4104 18
186 4051 263 4104 θεοῦ
280 4048 330 4104 καλ
347 4051 382 4118 -Ι-
399 4067 423 4102 τι
438 4050 443 4118 Ι
462 4052 492 4104 18
509 4048 560 4103 καλ
578 4053 681 4120 κυρίου
699 4053 733 4115 >
751 4069 774 4102 w
790 4054 795 4115 Ι
811 4051 844 4103 19
860 4049 950 4104 πᾶσιν
966 4069 984 4103 x
999 4053 1003 4117 Ι
1018 4051 1053 4101 20
1069 4045 1120 4102 καλ
1137 4039 1208 4100 ἀπο-

84 4135 202 4204 στολικη·
218 4136 254 4201 >
270 4143 308 4188 αλ
322 4134 327 4203 Ι
341 4137 373 4188 21
393 4135 541 4204 βασιλείας
557 4153 591 4202 γι
606 4134 611 4203 Ι
626 4139 657 4188 21
677 4127 913 4189 ἀποκατάστασιν
929 4136 963 4203 -Ι-
980 4150 1014 4200 γτ
1029 4134 1082 4199 122
1099 4129 1149 4184 καλ
1168 4133 1208 4183 al·

84 4227 175 4274 terum
192 4227 264 4285 nt,
283 4214 347 4274 εἷτα
363 4237 397 4287 γι
419 4221 424 4288 Ι
443 4224 486 4274 22.
498 4221 533 4274 23
550 4211 731 4288 ἀπαγγελίαν
747 4237 766 4288 y
781 4220 785 4289 Ι
800 4221 835 4274 23
851 4217 925 4273 κατά
946 4235 970 4270 τι
986 4217 991 4286 Ι
1005 4217 1039 4270 23
1056 4213 1107 4269 καλ
1122 4218 1157 4281 >
1174 4231 1208 4282 γι

85 4309 89 4373 Ι
116 4309 149 4358 24
169 4300 268 4372 ἀερίας
284 4322 319 4372 γτ
346 4306 350 4375 Ι
376 4307 411 4358 λθ
427 4299 684 4373 κροσκατασκενήν
701 4323 719 4358 x
745 4306 750 4367 Ι
777 4305 813 4356 26
829 4291 914 4364 οὐτος
930 4321 960 4366 x,
979 4292 1053 4354 οὐσα
1070 4307 1118 4370 yn
1143 4299 1149 4370 Ι
1174 4301 1207 4352 ’λλ

83 4383 174 4452 κάσις
191 4407 215 4442 τι
232 4389 285 4459 128
302 4385 345 4458 τό]
363 4385 414 4443 τὸν
432 4391 511 4454 λΙλθ
529 4389 644 4458 χριστοῦ
660 4389 695 4458 -Ι-
712 4406 736 4441 τι
