3120 4980
1398 355 1420 428 9

371 532 425 596 15.
446 530 483 594 ‘0
500 533 593 602 αὐτός
609 535 675 616 περί
691 531 884 616 ἐπορκιστῶν.

327 641 529 727 Ἐπορκιστλς
545 643 579 703 οὐ
594 647 820 726 χειροτονεῖται.
839 642 957 710 εὐνοίας
965 644 1028 727 γὰρ
1036 643 1170 704 ἐκουσίου
1178 647 1211 704 τό
1223 639 1361 706 ἐπαθλον
1374 647 1425 704 καί

167 733 173 742 ’
235 754 365 836 χάριτος
380 750 471 830 θεοῦ,
487 747 686 833 διὰχριστοῡ,
704 751 886 836 ἐπιφοιτήσει
909 757 963 811 τοῦ
990 751 1080 835 ἁγίου
1107 756 1291 833 πνεύματος.
1320 753 1335 814 ό
1361 755 1423 836 γὰρ

238 856 346 942 λαβὼν
369 861 512 943 χάρισμα
529 859 670 940 ἰαμάτων
699 854 737 919 δι’
762 856 985 940 ἀποκαλύψεως
1011 861 1068 921 ύπό
1096 858 1174 921 θεοῦ
1202 857 1425 940 ἀναδείκνυται,

207 990 221 1032 ε
239 975 379 1054 φανεράς
394 968 488 1038 οὔσης
502 970 606 1039 πάσης
621 975 679 1037 τῆς
695 967 724 1027 ἐν
737 967 822 1045 αὐτῷ
835 969 975 1052 χάριτος.
990 971 1044 1030 ἐὰν
1057 964 1089 1030 δέ
1098 973 1189 1054 χρεία
1197 972 1322 1052 γένηται
1332 970 1426 1030 αὐτοῦ

237 1078 281 1148 εἰς
297 1077 489 1144 ἐπίσκοπονῆ
506 1075 549 1146 τίς
565 1071 770 1160 πρεσβύτερον
785 1077 805 1144 ἣ
821 1076 864 1146 εές
881 1072 1029 1156 διάκονον,
1044 1078 1296 1162 χειροτονεῖται)
1328 1141 1331 1146 ,

238 1183 291 1250 16.
308 1184 449 1267 Σίμωνος
460 1189 689 1246 τσῡκαναναίου
700 1186 758 1246 ὐπό
768 1187 871 1248 πόσων
884 1187 1050 1249 ἐπισκόπων
1063 1184 1172 1274 ὀφείλει
1183 1186 1428 1274 χειροτονεῖσθαι

375 1294 545 1364 ἐπίσκοπος.

330 1401 429 1484 Κάγὼ
445 1399 548 1483 Σίμων
563 1402 579 1463 ὀ
594 1409 762 1473 καναναῖος
780 1399 987 1485 διατάσσομαι
1010 1407 1091 1487 ὑμῖν,
1115 1407 1172 1467 ὐπό
1195 1407 1297 1467 πόσων
1322 1402 1430 1492 ὀφείλει

197 1533 224 1573 ιο
241 1508 486 1596 χειροτονεῖσθαι
510 1509 681 1581 ἐπίσκοπος.
705 1513 762 1574 ὐπό
785 1516 911 1597 τριῶνῆ
937 1509 990 1575 δύο
1007 1515 1173 1576 ἐπισκόπων
1197 1512 1304 1603 ὀφείλει
1327 1531 1430 1598 χειρο-

242 1617 409 1682 τονεῖσθαι.
433 1619 487 1680 ἐὰν
512 1613 545 1679 δέ
568 1637 614 1689 τις
637 1621 694 1680 ύπό
710 1620 777 1690 ένός
800 1620 1006 1705 χειροτονηθρ
1022 1623 1196 1702 ἐπισκόπου,
1212 1621 1432 1706 καθαιρείσθω

244 1733 293 1789 καί
318 1728 413 1798 αὐτός
435 1731 485 1788 καί
509 1728 524 1789 δ
548 1732 777 1812 χειροτονήσας.
802 1728 856 1790 ἐάν
881 1723 914 1790 δέ
937 1730 1057 1814 ἀνάγκη
1092 1731 1148 1792 ὑπό
1172 1732 1239 1801 ἐνδς
1267 1726 1433 1812 καταλάβῃ

244 1833 502 1921 χειροτονηθῆναι
518 1832 571 1898 διά
585 1838 620 1896 τό
635 1840 679 1918 μὴ
696 1832 853 1900 δύνασθαι
870 1835 1011 1909 πλείονας
1025 1837 1273 1924 παραγενέσθαι,
1299 1834 1435 1921 διωγμοῦ

246 1945 333 2016 όντος
355 1947 375 2014 ἦ
399 1941 494 2014 ἄλλης
517 1947 663 2014 τοιαύτης
687 1945 806 2024 αέτίας,
829 1945 972 2033 ψήφισμα
995 1947 1171 2031 κομιζέσθω
1195 1957 1251 2020 τῆς
1273 1948 1438 2032 ἐπιτροπῆς

204 2073 230 2115 ιο
247 2051 388 2116 πλειόνων
414 2055 592 2116 ἐπισκόπων.

386 2159 437 2223 17.
456 2159 519 2223 Τοῦ
536 2163 629 2224 αὐτοῦ
645 2164 770 2234 κανόνες
786 2161 1029 2236 ἐκκλησιαστικοί.

251 2269 435 2340 Ἐπίσκοπος
458 2268 589 2354 εὐλογεῖ,
614 2273 666 2334 οὐκ
681 2268 866 2354 εὐλογεῖται,
890 2281 1072 2356 χειροτονεῖ,
1094 2275 1273 2358 προσφέρει,
1298 2267 1437 2353 εὐλογίαν
1456 2291 1478 2332 α

249 2382 337 2464 παρὰ
360 2380 528 2440 ἐπισκόπων
551 2375 717 2461 λαμβάνει,
734 2384 822 2465 παρά
839 2377 871 2443 δέ
887 2377 1095 2466 πρεσβυτέρου
1113 2377 1270 2462 οὐδαμῶς.

251 2485 433 2558 Ἐπίσκοπος
457 2487 609 2574 καθαιρεῖ
627 2492 730 2551 πάντα
754 2486 889 2573 κληρικόν
914 2484 997 2562 ἀξιον
1023 2489 1096 2550 όντσι
1119 2487 1337 2573 καθαιρέσεως
1363 2483 1480 2570 πλήνβ

208 2620 236 2660 ιο
251 2597 423 2658 ἐπισκόπου.
447 2599 542 2679 μόνος
557 2601 620 2682 γὰρ
637 2601 696 2684 οὐχ
712 2596 775 2669 οίός
789 2619 833 2660 τε.

250 2701 464 2789 Πρεσβύτερος
479 2704 605 2790 εὐλογεῖ,
629 2708 681 2769 οὐκ
697 2703 875 2790 εὐλογεῖται,
892 2703 1032 2790 εὐλογίας
1045 2703 1167 2791 δέχεται
1180 2709 1268 2792 παρὰ
1281 2707 1441 2767 ἐπισκόπου
1460 2726 1480 2786 γ

251 2820 301 2877 καί
313 2810 594 2900 συμπρεσβυτίρου,
606 2814 788 2900 χειροθετεῖ,
803 2817 836 2877 οὐ
849 2824 1024 2901 χειροτονεῖ,
1038 2817 1072 2877 οὐ
1083 2815 1241 2898 καθαιρεῖ,
1258 2811 1395 2900 ἀφορίζει
1410 2809 1443 2875 δέ

253 2928 324 2995 τούς
339 2919 589 3006 ὐποβεβηκότας,
606 2925 659 2984 έάν
676 2922 747 2985 ὦσιν
764 2923 929 2986 ὑπεύθυνοι
945 2933 982 3004 τῇ
999 2927 1125 3006 τοιαύτῃ
1141 2928 1284 3008 τιμωρίᾳ.

253 3035 400 3103 Διάκονος
415 3033 467 3096 οὐκ
482 3027 610 3114 εὐλογεῖ,
626 3030 660 3092 οὐ
674 3027 795 3094 δίδωσιν
808 3032 959 3116 εὐλογίαν,
973 3029 1128 3114 λαμβάνει
1140 3028 1173 3094 δέ
1185 3033 1273 3115 παρά
1285 3033 1444 3092 ἐπισκόπου
1464 3027 1485 3091 δ

210 3163 237 3205 οε
254 3146 305 3202 καί
329 3138 551 3226 πρεσβυτέρου,
574 3141 608 3203 οὐ
630 3137 790 3222 βαπτίζει,
808 3144 842 3204 οὐ
858 3146 1038 3228 προσφέρει,
1055 3148 1108 3202 τοῦ
1132 3138 1165 3203 δέ
1181 3142 1340 3202 ἐπισκόπου
1356 3142 1376 3210 ἢ
1392 3146 1446 3202 τοῦ

255 3248 464 3337 πρεσβυτέρου
476 3251 738 3335 προσενεγκόντος,
761 3251 854 3321 αὐτός
878 3247 1033 3312 ἐπιδίδωσι
1054 3256 1097 3328 τῷ
1112 3247 1192 3328 λαῷ,
1206 3250 1264 3333 οὐχ
1281 3249 1325 3320 ὡς
1341 3250 1447 3332 ἱερεύς,

257 3359 323 3425 ἀλλ’
336 3361 381 3432 ὡς
394 3355 625 3440 διακονούμενος
637 3359 772 3443 ἱερεῦσιν.
790 3367 851 3421 τῶν
864 3355 897 3420 δέ
908 3355 1007 3420 ἄλλων
1023 3356 1170 3443 κληρικύιν
1186 3361 1220 3419 τδ
1236 3365 1289 3418 τοῦ
1307 3354 1447 3418 διακόνου

258 3474 347 3557 έργον
364 3479 487 3537 ποιῆσαι
506 3464 602 3529 οὐδενί
618 3463 694 3540 ἐξόν.

259 3583 443 3644 Διακόνισσα
467 3579 520 3642 οὐκ
540 3573 671 3660 εὐλογεῖ,
695 3572 759 3639 ἀλλ’
773 3574 843 3640 οὐδέ
864 3597 890 3638 τι
914 3575 956 3639 ὧν
977 3585 1110 3643 ποιοῦσιν
1128 3579 1156 3639 σί
1170 3572 1404 3661 πρεσβύτεροιῆ
1423 3576 1451 3636 οἱ
1467 3593 1486 3635 ε

215 3711 243 3752 ευ
262 3685 393 3751 διάκονοι
410 3681 549 3764 ἐπιτελεῖ,
571 3680 669 3755 ἀλλ’ἢ
686 3691 740 3748 τοῦ
757 3682 915 3773 φυλάττειν
934 3689 992 3757 τοὶς
1007 3685 1114 3772 θύρας
1129 3691 1180 3748 καί
1195 3680 1450 3770 ἐξυπηρετείσθαι

259 3806 323 3869 τοῖς
343 3794 562 3882 πρεσβυτέροις
579 3795 610 3855 ἐν
626 3800 669 3873 τῷ
686 3790 900 3876 βαπτίζεσθαι
916 3797 976 3867 τάς
990 3803 1153 3880 γυναῖκας,
1176 3791 1229 3856 διά
1245 3797 1278 3855 τό
1295 3795 1449 3877 εὐπρεπές.

260 3909 409 3977 Διάκονος
421 3905 558 3992 ἀφορίζει
572 3899 782 3982 ύποδιάκονον,
797 3905 1011 3988 ἀναγνώστην,
1027 3901 1159 3986 ψάλτην,
1177 3899 1382 3981 διακόνισσαν,
1398 3902 1452 3963 ἐάν
1471 3919 1493 3970 ς

263 4014 316 4100 δέη
332 4037 360 4078 τι
377 4020 522 4095 τοιοῦτον,
544 4017 588 4094 μὴ
604 4014 758 4098 παρόντος
772 4010 996 4100 πρεσβυτέρου.

343 4229 357 4271 ό
366 4226 417 4270 πᾶσι
426 4227 475 4270 OV.
485 4247 513 4258 -
521 4229 535 4270 6
542 4226 556 4256 ⁸
563 4227 605 4269 hoe
613 4228 663 4268 Ιοοο
673 4229 729 4270 unte
738 4227 844 4270 Fabricio
853 4228 952 4270 ίαεετέεε
961 4227 1068 4277 leguntur
1076 4225 1100 4267 ln
1109 4226 1168 4266 Ιέίντο
1178 4224 1341 4266 vindobonensi
1350 4221 1374 4264 αέ
1383 4220 1453 4266 διατα-

264 4303 301 4359 γαί
306 4301 328 4345 nl
334 4300 370 4344 όιά
375 4298 500 4356 Κλήμεντος
507 4301 544 4342 καί
550 4299 639 4346 κανόνες
644 4299 818 4355 ἐτιληειαετικοί
823 4297 868 4341 τῶν
875 4296 944 4355 ἁγίων
950 4296 1086 4340 ἀποστόλων.
1096 4295 1190 4353 Χαίρετε
1196 4293 1242 4339 κτέ.
1253 4309 1277 4340 τ.
1285 4307 1382 4338 mones
1389 4306 1454 4346 εοεα-

269 4375 365 4428 puteos.
375 4397 403 4406 -
417 4375 428 4416 ’ί
443 4385 492 4415 ταν.
508 4369 601 4424 διάταξις
612 4371 653 4414 έιδ
662 4371 737 4415 τόαιυν
748 4370 834 4428 ὀφείλει
843 4372 892 4416 OV.
903 4393 930 4404 -
944 4371 970 4412 12
984 4372 1021 4413 καί
1030 4373 1126 4412 alterum
1135 4382 1161 4411 ιν
1171 4369 1213 4414 OV
1222 4367 1260 4424 (λ).
1274 4365 1395 4421 καταλάβοι
1404 4368 1454 4411 0V.

266 4449 324 4490 -ιῖ
335 4459 397 4500 νέης.
409 4457 514 4489 numeros
523 4449 597 4488 nullon
608 4447 632 4486 in
641 4447 741 4497 αοεταίαε
751 4447 837 4487 nomn
845 4445 972 4486 Fnbrieluu.
980 4445 1039 4485 -18
1047 4439 1199 4499 πρεσβυτέρων
1210 4441 1332 4492 0v.-19‚
1343 4441 1370 4482 22
1379 4437 1455 4482 καόαί-

226 4533 229 4540 ’
267 4534 300 4578 ρει
313 4523 344 4564 Μ.
360 4542 387 4553 -
401 4522 428 4562 28
442 4529 568 4575 τροσεντγι.
584 4518 626 4561 OV
639 4523 689 4561 τοῖο
703 4516 719 4571 ἢ
733 4529 793 4561 τετε.
804 4519 838 4561 15.
853 4537 880 4549 -
894 4517 920 4559 17
935 4515 1016 4573 ίιριῦσι
1022 4516 1070 4560 OV.
1085 4537 1112 4547 -
1127 4517 1154 4558 ³⁸
1170 4516 1299 4567 ίαορεῖπανῖέ
1313 4523 1326 4554 ε
1339 4525 1364 4554 τε
1378 4514 1456 4554 Fabri·

268 4595 325 4646 εῖοε,
340 4597 365 4636 σε
377 4604 419 4646 pro
429 4589 468 4648 δέη
479 4589 554 4634 oxOV
560 4589 588 4645 (ί)
598 4588 622 4632 δέ
636 4587 652 4645 ᾖ
666 4592 737 4633 duct.
