3128 4972
697 457 911 517 ..26-

184 633 328 714 ovaqda'·
359 634 548 718 ἐπιμαρτυρεῖ
565 630 595 698 di
617 630 700 718 καὶῆ
725 636 897 710 ἀνάστασις·
929 639 963 715 τῇ
985 638 1052 717 γοῦν
1072 633 1153 719 τρίτῃ
1178 633 1282 716 ἀνέστη
1303 634 1405 718 ἡμέρᾳ,

199 759 259 844 ἥτις
275 755 308 844 ἦν
325 761 423 847 πρώτη
440 765 497 826 τῶν
514 763 679 847 ἑβδομάδων
695 767 747 829 τοῦ
765 769 915 846 θερισμοῦ,
932 763 960 827 ἕο
978 757 994 845 ᾗ
1013 758 1062 827 καὶ
1078 759 1112 827 τὸ
1123 762 1239 846 δράγμα
1252 762 1406 842 monodi-

199 917 267 972 οηιο
286 881 478 973 προσενεγκεῖν
496 889 546 954 τὸν
560 890 645 972 ἱερέα.

286 1003 420 1088 Liquet,
443 1003 542 1068 etiam
566 1003 618 1068 his
642 1004 824 1069 Clementis
848 1002 1065 1068 Alexandrini
1088 1001 1196 1067 verbis
1219 1003 1407 1087 impugnari

201 1125 361 1207 quosdam
393 1121 557 1202 dieentes,
591 1123 771 1188 Dominum
802 1123 854 1187 die
884 1130 1001 1207 quarto
1033 1121 1160 1186 decimo
1192 1125 1316 1207 paseha
1347 1125 1406 1186 ha·

200 1242 323 1307 buisse.
370 1243 545 1306 Quomodo
574 1241 661 1307 enim
683 1251 753 1307 tam
777 1242 871 1307 enixe
894 1243 1045 1306 studeret
1067 1241 1309 1321 demonstrare,
1334 1242 1407 1326 jam

200 1361 301 1426 tertio
326 1360 453 1426 deoimo
477 1361 530 1426 die
553 1362 733 1426 Dominum
757 1385 892 1427 coenam
921 1361 1044 1440 edisse,
1074 1361 1137 1426 nisi
1162 1361 1319 1441 luissent,
1350 1361 1407 1445 qui

201 1484 265 1546 boo
297 1490 459 1566 negantes
488 1491 603 1546 eontra
634 1481 854 1562 affirmarent,
888 1490 1006 1566 quarto
1035 1481 1162 1546 decimo
1191 1482 1324 1546 demum
1352 1481 1407 1546 die

201 1603 265 1665 boo
303 1601 429 1665 laetum
462 1603 554 1666 esse?
607 1602 737 1666 Quibus
769 1602 924 1666 Clemens
961 1625 1054 1666 suam
1091 1601 1230 1685 opponit
1272 1609 1406 1666 senten-

202 1720 294 1800 tiam,
319 1743 460 1806 quaeum
484 1742 597 1786 omnes
621 1722 800 1806 scripturas
824 1722 997 1806 omniaque
1021 1721 1195 1805 evangelia
1218 1709 1406 1786 consentiris

201 1840 317 1905 dieit¹.
364 1841 458 1906 Quae
490 1843 591 1906 verba
622 1840 701 1925 quid
732 1841 922 1925 significent
949 1842 1021 1926 jam
1054 1863 1095 1905 ex
1123 1840 1309 1925 Apolinarii
1342 1841 1406 1904 sra-

158 1943 162 1950 ’
201 1958 347 2042 gmentis
385 1959 518 2024 seimus.
567 1961 693 2024 Eodem
731 1960 818 2026 enim
855 1961 953 2025 modo
986 1984 1051 2046 quo
1083 1960 1296 2046 Apolinarins
1328 1983 1406 2024 oon·
1488 1959 1492 1966 '

200 2077 310 2142 tendit
347 2077 502 2142 Clemens
539 2079 801 2159 Alexandrinus,
841 2104 935 2145 suam
972 2080 1172 2145 sententiam
1213 2087 1248 2144 et
1284 2079 1407 2144 veteris

200 2196 395 2261 testamenti
418 2198 493 2282 lege
517 2205 551 2263 et
575 2200 712 2263 historia
739 2200 931 2286 evangeliea
953 2200 1119 2286 probari¹.
1166 2199 1316 2283 Denique
1339 2222 1406 2264 non

200 2316 355 2381 fallemur
383 2316 613 2402 conjicientes,
645 2320 826 2385 Clementis
851 2343 980 2405 quoque
1004 2318 1222 2385 Alexandrini
1250 2319 1403 2384 adversa·

199 2435 265 2501 rios
289 2457 306 2500 e
330 2460 388 2500 sua
411 2437 570 2502 historiae
593 2440 804 2524 evangelicae
828 2439 1043 2525 chronologia
1064 2440 1251 2518 deduxisse,
1276 2461 1408 2523 semper

200 2555 254 2619 die
277 2555 406 2620 decimo
431 2565 547 2641 quarto
571 2562 695 2642 paseha
718 2581 789 2624 esse
813 2560 1059 2624 celebrandum.

287 2676 450 2740 Omnibus
466 2677 570 2761 igitur
584 2677 780 2762 fragmentis
796 2678 863 2743 illis
879 2679 1116 2763 impugnantur
1131 2678 1320 2760 adversarii,
1346 2677 1403 2762 qui

200 2795 379 2878 quotannis
401 2796 455 2860 die
472 2806 588 2881 quarto
605 2797 733 2862 decimo
756 2801 880 2882 paseha
896 2799 1120 2877 celebrabant,
1146 2821 1244 2882 quam
1264 2819 1402 2862 eonsue-

200 2913 352 2979 tudinem
375 2915 543 2980 defensuri
565 2917 700 2982 Domini
723 2917 828 2981 nostri
851 2919 1002 3002 exemplo
1026 2919 1217 2982 utebantur.

286 3036 361 3100 Jam
384 3041 461 3100 verb
485 3059 524 3100 ea
547 3059 676 3121 quoque
699 3036 795 3101 nobis
817 3037 1022 3121 respicienda
1041 3045 1129 3117 sunt,
1155 3059 1238 3122 quae
1254 3039 1404 3102 Psuuoo-

201 3155 371 3220 Onreunus
399 3157 439 3221 de
469 3156 666 3241 quibusdam
698 3156 751 3221 die
779 3164 896 3241 quarto
927 3155 1054 3221 decimo
1083 3160 1207 3240 paseha
1234 3159 1404 3222 celebran-

199 3271 291 3336 tibus
320 3277 496 3342 memoriae
524 3277 674 3341 tradidit.
720 3276 879 3361 Legimus
908 3277 994 3342 enim
1022 3277 1057 3342 in
1084 3277 1186 3356 libro,
1218 3277 1273 3363 qui
1301 3278 1403 3362 vulgo
1443 3355 1447 3362 ¹

199 3391 391 3457 inscribitur
411 3393 674 3475 ,φιλοσοφούμενα
695 3420 722 3461 s.
739 3396 898 3462 refutatio
915 3398 1060 3462 omnium
1075 3398 1287 3463 haeresium“
1301 3397 1403 3476 VIII,

206 3515 242 3575 18
266 3513 348 3575 haee
370 3513 486 3579 verba:

289 3889 298 3921 ¹
324 3895 461 3954 Ennrnn
482 3888 748 3975 (Wissenrelosll.
773 3891 856 3953 Krir.
884 3897 931 3956 ed.
955 3900 989 3970 2,
1019 3919 1047 3976 p.
1071 3901 1142 3956 943.
1173 3929 1205 3939 -
1235 3899 1272 3956 ol.
1300 3899 1346 3957 ed.
1374 3903 1405 3971 3,

202 4002 231 4060 p.
254 3978 336 4039 1207
357 3979 416 4058 ορ.)
437 3981 511 4040 haee
531 3981 622 4039 verba
642 3982 686 4040 ita
708 3983 814 4040 vertit:
845 3977 936 4050 „Bel
958 3978 1057 4039 dieser
1071 3999 1231 4056 μοιιοιιοο,
1254 3977 1404 4059 riclelr'qen

202 4061 405 4142 Berseluunq
421 4061 475 4122 der
493 4059 571 4140 Τορο
590 4061 782 4123 harmoniren
804 4063 867 4124 alle
884 4061 1040 4146 Schriften
1062 4063 1116 4124 mil
1132 4063 1280 4124 einander
1300 4069 1345 4140 (a.
1369 4085 1401 4124 ιι.

201 4169 232 4208 ιι.
254 4145 350 4226 Peri.)
372 4147 437 4209 und
451 4145 692 4225 (insbeaondere)
708 4146 781 4208 sind
800 4148 851 4209 die
866 4147 941 4209 Eva.
966 4147 1188 4229 eirretimrniy“.
1236 4152 1295 4212 Sed
1315 4147 1406 4229 ταύτῃ

201 4241 236 4315 τῇ
251 4234 476 4380 ἀκριβεὲᾳνομΗο
492 4237 701 4402 τοοᾰιὶὶροοοχετ
716 4237 855 4382 “bizim
870 4237 987 4298 dietum
1004 4257 1076 4298 esse.

324 4341 361 4381 o.
418 4339 546 4395 eluant,
599 4338 744 4401 area.p.
805 4368 811 4381 .
