2998 4972
101 417 170 484 η11

101 585 161 668 τῆς
182 585 244 668 σῆς
265 582 364 668 δόξης
389 583 446 650 καλ
472 588 533 650 τοῦ
558 581 721 670 ὀνόματός
747 603 811 652 σου
833 579 875 653 οὗ
904 589 1119 674 ἐφανέρωσεν
1140 588 1221 675 ἡμῖν

102 687 150 762 είς
170 684 372 770 κατάληψιν·
403 683 503 762 αι’πός
525 686 582 752 καλ
608 691 675 753 νῦν
695 689 788 752 ἔπιδε
811 686 856 752 δι’
877 686 982 754 αὐτοῦ
1010 688 1067 756 ἐπλ
1088 689 1127 756 τὸ
1144 696 1221 758 ποί-

100 787 204 871 μνιόν
232 804 296 854 σου
327 791 426 853 τοῦτο
454 788 510 854 καὶ
542 788 710 874 λότρωσαι
742 786 825 856 αὐτὸ
856 789 966 874 πάσης
997 789 1138 875 άγνοίας
1164 792 1221 860 καὶ

100 892 254 974 πονηρᾶς
273 889 439 974 πράξεως,
467 889 524 956 καλ
554 889 613 967 δὸς
637 891 734 978 φόβην
760 895 948 976 φοβεῖσθαί
970 909 1008 958 σε
1029 892 1086 960 καὶ
1106 892 1220 980 άγάπη

100 989 239 1076 άγαπάν
259 1009 298 1058 σε
320 989 376 1056 καί
398 990 596 1057 στέλλεσθαι
615 989 683 1058 άπὸ
698 992 882 1078 προσώπου
900 992 997 1079 δόξης
1019 1010 1097 1060 σου·
1121 991 1254 1080 εδμε-ιι

100 1091 163 1176 νής
186 1089 301 1170 αῦτοῑς
324 1095 428 1177 γενοῦ
452 1091 508 1158 καὶ
533 1095 631 1170 ἵλεως
654 1092 711 1159 καλ
741 1093 885 1179 ἐπήκοος
913 1094 952 1162 έν
979 1107 1051 1172 ταῖς
1074 1113 1221 1182 προσεν-

99 1205 174 1278 χαῑς
201 1192 315 1260 αὐτόν
348 1191 404 1260 καλ
437 1194 591 1280 φύλαξον
623 1193 746 1272 αὐτοῦς
779 1194 979 1280 ἀτρέπτους,
1016 1195 1220 1282 άμέμπτονς,

99 1293 345 1380 ἀνεγκλήτως,
368 1297 426 1361 ἵνα
445 1287 530 1362 οδσιν
551 1295 640 1381 ἅγιοι
661 1297 789 1381 σοι’ματι
807 1298 864 1364 καί
885 1303 992 1384 ψυχῇ,
1021 1297 1066 1384 μή
1090 1301 1222 1383 ἔχοντες

100 1393 266 1482 σπῖλονῆ
288 1397 408 1484 βυτίδα
427 1396 448 1483 ἥ
470 1421 502 1463 τι
523 1401 592 1463 τοῖν
614 1397 794 1482 τοιούτων,
822 1397 897 1464 ἀλλ’
927 1400 984 1466 ἵνα
1007 1390 1091 1466 άσιν
1112 1399 1221 1483 ἄρτιοι

99 1498 157 1566 καλ
176 1499 293 1584 μηδείς
323 1501 361 1565 έν
387 1496 501 1576 αὐτοῖς
527 1489 550 1585 ᾖ
575 1498 716 1583 κολοβός
737 1495 760 1585 ή
782 1499 910 1586 άτελής.
955 1499 1065 1586 άρωγέ
1095 1504 1219 1570 δυνατέ
1239 1521 1271 1574 10

99 1600 401 1687 άπροσωπόληπτε,
426 1602 530 1685 γενοῦ
544 1600 757 1686 άντιλήπτωρ
772 1605 834 1667 τοῦ
848 1606 933 1668 λαοῦ
947 1618 1011 1670 σον
1028 1604 1162 1688 τούτου,
1179 1600 1220 1670 δν

100 1703 238 1783 ἐξελέξω
260 1703 299 1768 ἐκ
319 1703 507 1788 μυριάδων,
530 1699 571 1769 δν
595 1703 800 1789 ἐξηγόρασας
822 1707 870 1793 τῷ
891 1709 988 1794 τιμίφ
1006 1708 1068 1771 τοῦ
1082 1709 1221 1791 χριστοῦ

99 1823 164 1872 σου
178 1807 303 1890 αἵματι,
320 1805 520 1890 προστάτης,
538 1807 728 1890 ἐπίκουρος,
740 1810 869 1890 ταμίας,
883 1808 1005 1891 φύλαξ,
1017 1818 1124 1891 τεῖχος
1139 1808 1219 1893 ἐρυ-

98 1906 279 1992 μνότατον,
301 1905 456 1992 φραγμδς
471 1905 672 1991 ἀσφαλείας·
700 1905 749 1972 ότι
771 1905 810 1972 ἐκ
831 1911 889 1992 τῆς
909 1911 969 1993 σῆς
983 1907 1092 1994 χειρὸς
1109 1905 1220 1987 οὐδεὶς

98 2007 250 2094 ἁρπάσαι
266 2008 420 2092 δύναται,
437 2005 516 2074 οὐδὲ
533 2007 598 2094 γάρ
611 2011 681 2074 ἐστι
694 2007 776 2086 θεὸς
787 2007 900 2094 ὥσπερ
919 2007 962 2076 σύ
976 2010 1099 2097 ἕτερος,
1115 2010 1165 2078 ότι
1180 2011 1219 2078 ἐν
1237 2029 1271 2082 15

100 2109 154 2176 σοὶ
167 2106 189 2196 ή
204 2105 359 2195 ὑπομονὴ
375 2106 481 2194 ήμῦν.
512 2107 654 2194 ἁγίασον
669 2108 792 2188 αὐτοῦς
807 2113 846 2177 ἐν
861 2115 903 2197 τῇ
917 2109 1062 2200 ἀληθείᾳ
1078 2129 1154 2196 σου,
1169 2111 1220 2180 ότι

99 2209 118 2279 ό
137 2212 238 2296 λόγος
256 2207 274 2278 6
295 2209 353 2288 σός
375 2209 520 2295 ἀλήθειά
537 2211 646 2294 ἐστιν,
670 2209 933 2299 άπροσχάριστε,
956 2211 1218 2299 άπαραλόγιστε·

100 2315 201 2400 βῦααι
234 2310 358 2390 αὐτοῦς
388 2313 497 2397 πάσης
528 2313 634 2378 νόσου
661 2314 718 2381 καί
746 2315 855 2400 πάσης
886 2319 1067 2398 μαλακίας,
1096 2313 1220 2394 παντὸς

100 2414 383 2502 παραπτώματος,
418 2414 526 2498 πάσης
559 2413 716 2498 ἐπηρείας
748 2415 805 2482 καὶ
833 2414 978 2501 ἀπάτης,
1006 2412 1073 2492 άπὸ
1106 2414 1219 2500 φόβον

101 2519 245 2604 ἐχθροῦ,
266 2516 334 2584 ἀπὸ
352 2517 475 2601 βέλους
497 2516 683 2600 πετομένου
704 2513 845 2602 ἡμέρας,
874 2515 941 2583 άπὸ
963 2516 1158 2601 πράγματος
1180 2517 1219 2584 ἐν
1235 2535 1270 2588 νο

100 2621 214 2688 σκότει
236 2618 540 2702 διαπορευομένου·
569 2616 625 2682 καὶ
642 2619 851 2696 καταξίωσον
865 2614 988 2696 αὐτοὺς
1004 2622 1062 2704 τῆς
1078 2621 1219 2688 αέωνίου

100 2725 183 2807 ζωῆς
200 2724 259 2806 τῆς
274 2723 312 2788 έυ
327 2725 374 2808 τῷ
387 2719 511 2806 χριστῷ
525 2737 588 2786 σου
601 2722 648 2806 τῷ
663 2720 728 2807 υίρῖ
742 2737 806 2786 σου
821 2724 868 2808 τῷ
882 2731 1071 2805 μονογενεῑ,
1087 2723 1134 2808 τῷ
1146 2725 1220 2809 θεῷ

101 2823 156 2890 καὶ
170 2827 297 2908 σωτῆρι
308 2820 416 2907 ήμῶν,
432 2820 477 2888 δι’
495 2812 537 2888 οῦ
551 2839 605 2888 σοι
619 2820 700 2900 δόξα
714 2820 772 2886 καὶ
786 2825 886 2908 σέβας
902 2821 940 2888 έν
954 2819 1038 2911 άγίφ
1053 2823 1219 2907 πνεύματι

100 2929 165 2990 νῦν
183 2923 240 2990 τιαλ
261 2922 314 2990 άεὶ
337 2925 394 2992 καὶ
421 2926 467 3001 είς
491 2921 571 3000 τοῦς
590 2923 715 3000 αίάνας
741 2927 810 2990 τάν
838 2923 989 2990 αίάνων·
1016 2922 1116 3008 ἀμήν.
1161 2923 1218 2990 παλ

99 3025 183 3112 μετά
201 3031 301 3092 τοῦτο
323 3026 444 3110 λεγέτω
467 3023 486 3091 6
510 3024 670 3102 διάκονος
689 3023 908 3110 Πρόσχωμεν.
942 3023 999 3090 καλ
1020 3021 1217 3103 άσπαζεοθω
1235 3045 1269 3098 25

100 3126 118 3196 6
139 3129 323 3204 έπίστιοπος
344 3125 406 3212 τήν
428 3127 611 3211 ἐκκλησίαν
636 3125 693 3192 καὶ
715 3125 836 3210 λεγέτω
854 3123 897 3191 Ἡ
914 3125 1030 3212 είρήνη
1053 3128 1114 3190 τοῦ
1132 3129 1219 3192 θεοῦ

99 3229 184 3315 μετὰ
199 3229 336 3295 πάντων
356 3226 463 3313 ὑμῶν,
488 3227 545 3294 καὶ
567 3224 586 3292 6
605 3225 684 3304 λαός
702 3224 948 3312 άποκρινάσδω
972 3224 1039 3293 Καὶ
1058 3225 1141 3309 μετά
1158 3229 1219 3292 τοῦ

99 3329 291 3414 πνεύματός
309 3347 381 3396 σου.
426 3328 483 3395 καὶ
505 3326 523 3394 6
544 3328 703 3406 διάκονος
726 3328 849 3395 εἰπάτω
877 3332 982 3395 πᾶσιν
1006 3327 1219 3395 Ἀσπάσασθε

100 3431 270 3516 ἀλλήλους
289 3430 328 3498 ἐν
343 3430 506 3516 φιλήματι
520 3427 613 3518 άγίφ.
644 3430 701 3497 καλ
715 3428 981 3511 άσπαξέσδωσαν
1003 3429 1040 3495 ot
1054 3431 1116 3494 τοῦ
1136 3428 1219 3514 κλή-

100 3557 165 3620 ρου
185 3529 246 3598 τόν
269 3531 472 3616 ἐπίσκοπον,
500 3532 536 3596 οἱ
553 3530 664 3598 λαλκολ
691 3531 814 3616 ἄνδρες
832 3528 911 3610 τοῦς
930 3530 1084 3614 λασκοός,
1103 3529 1142 3596 αἱ
1155 3555 1219 3615 γυ-
1236 3551 1270 3606 30

99 3647 216 3711 ναῖκες
243 3631 302 3712 τάς
325 3645 498 3718 γυναῖκας.
544 3631 584 3699 τὰ
610 3634 728 3700 παιδία
758 3633 796 3698 δὲ
827 3633 1039 3718 στηκέτωσαν
1064 3629 1148 3717 πρός
1173 3631 1220 3720 τῷ

167 3805 593 3874 7οο11,2218Ερ115,·λ“ί
620 3805 624 3870 Ι
654 3805 868 3867 12Ac220,28
893 3805 899 3871 Ι
926 3803 1219 3868 111ο1110,29115

167 3891 226 3956 lnj
245 3891 293 3954 45,
312 3891 352 3954 όΙ
376 3891 517 3942 151²sa1m
535 3889 619 3956 6²‚o
645 3891 650 3953 1
679 3889 894 3954 1610h17,17
920 3891 924 3954 Ι
953 3889 985 3942 18
1002 3889 1139 3950 Mum,
1158 3884 1216 3952 231

171 3973 203 4027 19
220 3975 313 4026 Psalm
330 3973 373 4038 91,
392 3975 417 4026 ό.
436 3974 521 4039 6128
539 3975 593 4026 Cor
611 3991 630 4025 α
653 3973 690 4040 16,
709 3976 744 4026 20

101 4129 113 4180 1
133 4120 287 4194 &ptum
310 4126 342 4178 10
360 4119 528 4193 κολωβδςιΙ
545 4126 574 4177 11
593 4114 628 4178 ὃν
706 4126 737 4178 12
754 4122 907 4193 μυριάδων
922 4127 957 4190 >
974 4125 1005 4188 tl
1024 4123 1055 4174 14
1072 4112 1219 4188 άσφάλεια

98 4213 238 4277 utrimque
255 4217 359 4277 puncto
377 4211 513 4263 inclusum
532 4217 544 4262 ι
563 4209 567 4276 1
588 4211 621 4263 15
638 4203 715 4263 ἐστιν
731 4228 749 4262 x
769 4208 774 4276 Ι
795 4211 827 4262 19
844 4208 895 4264 καλ
910 4211 945 4274 >
962 4224 998 4274 xy
1017 4205 1022 4274 Ι
1042 4206 1077 4258 20
1094 4203 1217 4274 κετωμέ-

99 4311 155 4348 τον
172 4301 184 4346 ι
202 4297 207 4358 Ι
227 4296 260 4345 22
278 4294 316 4346 τῶ
334 4293 435 4362 χριστοῦ
453 4308 505 4345 τον
522 4311 558 4359 xy
578 4291 636 4360 [bin
654 4309 677 4360 ῳ
693 4293 737 4361 y],
756 4295 857 4362 χριττῦ
874 4300 887 4345 t
906 4295 911 4358 Ι
929 4294 962 4344 27
980 4283 1183 4356 ἀποκρινέσθω
1199 4309 1218 4360 γ

98 4381 131 4432 31
152 4377 272 4432 παιδεία
290 4397 308 4430 x
322 4381 326 4446 Ι
342 4380 373 4432 31
392 4377 441 4448 τῷ]
454 4373 485 4430 τό
503 4395 520 4430 x
