2998 4972
102 437 119 487 η
140 419 153 470 1
1154 383 1214 488 τω

100 583 414 668 παρακολουθήσει·
443 581 482 649 ἐν
501 586 548 670 τῷ
574 580 716 668 ὀνόματί
740 605 807 668 μου
835 583 992 668 δαιμόνια
1023 583 1216 668 ἐκβαλοῦσι,

98 686 265 771 γλύσσαις
286 683 494 770 λαλήσουσιν
518 695 666 768 καιναῖς,
699 683 793 770 ὄφεις
817 683 956 770 άροῦσι,
985 678 1051 750 κάν
1071 686 1218 752 θανάσι-

98 788 164 874 μόν
184 813 217 853 τι
237 791 378 869 πίωσιν,
407 782 449 852 ού
469 784 513 870 μή
537 784 660 864 αύτούς
679 787 819 871 βλάψει,
851 786 908 852 ε’πλ
927 783 1122 872 ἀρρώστους
1147 797 1217 871 χεί-

98 913 159 977 ρας
178 887 384 974 ἐπιθήσουσι
405 885 462 953 καὶ
479 887 589 964 καλοῖς
607 887 736 966 ἕξουσι·
763 888 894 953 τούτων
914 892 984 954 τοῖν
1002 887 1217 972 χαρισμάτων

98 991 265 1078 πρότερον
291 990 355 1074 μὲν
378 986 460 1076 ήμίν
486 989 661 1054 δοθέντων
686 999 756 1066 τοῖς
778 987 976 1066 ἀποστόλοις
1002 989 1162 1074 μέλλουσι
1179 989 1251 1058 τόδ

98 1090 294 1177 εύαγγέλιον
313 1091 551 1175 καταγγέλλειν
572 1091 662 1176 πάση
681 1093 723 1176 τῇ
743 1095 866 1174 κτίσει,
885 1093 999 1158 ἔπειτα
1019 1091 1057 1158 δὲ
1076 1101 1147 1169 τοῖς
1168 1089 1215 1158 δι’

96 1193 194 1281 ἡμῶν
216 1191 437 1259 πιστεύσασιν
459 1191 650 1276 ἀναγκαίως
671 1191 989 1282 χορηγουμένων,,*
1006 1189 1068 1258 οῦκ
1090 1195 1136 1270 είς
1154 1191 1217 1278 τήν

96 1300 165 1362 ταῖν
199 1291 433 1377 ἐνεργούντων
464 1288 648 1377 αλφέλειαν,
685 1291 762 1359 ἀλλ’
799 1296 847 1372 είς
877 1291 939 1378 τήν
965 1297 1033 1360 τῶν
1065 1293 1217 1360 άπίστων

97 1395 367 1481 συγκατάθεσιν,
388 1392 435 1461 ἵν’
459 1391 518 1472 οῦς
537 1393 599 1462 οῦκ
619 1399 752 1464 ἔπεισεν
773 1392 791 1461 ό
813 1395 927 1480 λόγος,
947 1395 1089 1473 τούτους
1108 1391 1130 1480 ἡ
1148 1418 1217 1461 τον

96 1503 247 1584 σημείων
273 1497 459 1582 δυσωπήση
487 1497 640 1582 δύναμις.
685 1496 726 1564 τά
753 1495 819 1582 γάρ
847 1509 967 1583 σημεῖα
994 1495 1036 1563 οῦ
1063 1508 1133 1574 τοϊς
1160 1517 1216 1563 πι-
1236 1511 1268 1564 10

96 1612 189 1677 στοις
205 1596 304 1684 ἡμῖν,
332 1596 419 1663 άλλά
440 1609 511 1675 τοῖς
531 1597 684 1675 άπίστοις
701 1597 873 1666 Ἰουδαίων
897 1622 934 1664 τε
956 1597 1014 1665 καλ
1030 1595 1215 1684 Ἑλλήνων·

96 1702 174 1768 οὔτε
193 1699 260 1786 γάρ
278 1698 317 1766 τὸ
338 1700 501 1784 δαίμονας
517 1701 696 1786 ἐκβάλλειν
711 1697 874 1788 ἡμέτερον
888 1701 1017 1786 κέρδος,
1040 1699 1126 1766 άλλά
1147 1690 1217 1766 τοῖν

96 1805 251 1891 ἐνεργείᾳ
265 1805 405 1889 χριστοῦ
419 1802 690 1888 καθαιρομένων,
710 1800 825 1880 καθάς
846 1801 947 1880 αύτός
963 1824 1030 1868 που
1044 1799 1217 1870 παιδεύων

94 1905 183 1992 ἡμᾶς
209 1902 229 1970 ό
255 1903 373 1990 κύριος
400 1905 555 1970 δείκνυσι
583 1903 691 1988 λέγων
720 1905 779 1990 Μή
808 1908 940 1989 χαίρετε
967 1903 1018 1970 δτι
1042 1902 1083 1969 τά
1110 1900 1215 1970 πνεύ-

95 2031 185 2094 ματα
197 2003 280 2092 ύμῖν
293 2001 539 2089 ὑπακούουσιν,
562 2003 648 2072 άλλδ
665 2009 796 2092 χαίρετε
819 2005 870 2072 δτι
889 2003 930 2070 τά
953 2003 1102 2091 ὀνόματα
1120 1997 1216 2089 ύμῦν
1235 2020 1267 2073 15

94 2111 280 2196 γέγραπται
309 2107 348 2174 ἐν
375 2111 423 2197 τῷ
448 2105 607 2195 ούρανῷή
638 2106 752 2192 ἐπειδή
779 2106 818 2173 τό
844 2107 909 2193 μὲν
937 2106 1043 2174 αὐτοῦ
1072 2106 1217 2190 δυνάμει

94 2216 239 2296 γίνεται,
260 2206 299 2274 τδ
319 2211 358 2276 δὲ
378 2207 521 2297 τΙμετέρμ
542 2206 659 2296 εὐνοίᾳ
682 2208 738 2274 καὶ
761 2210 912 2295 σπουδῇ,
933 2209 1040 2295 δῆλον
1060 2207 1111 2275 ῦτι
1133 2210 1216 2292 βοη-

93 2312 279 2398 θουμένοις
303 2309 362 2376 ὑπ’
392 2309 508 2376 αύτοῦ.
554 2309 618 2376 οῦκ
646 2309 834 2395 ἐπάναγκες
862 2300 925 2376 οῦν
957 2309 1068 2376 πάντα
1095 2306 1216 2374 πιστόν

94 2418 260 2500 δαίμονας
282 2411 462 2498 ἐκβάλλειν
485 2409 509 2498 ή
530 2411 672 2499 νεκροὺς
699 2410 842 2479 άντστᾶν
859 2407 883 2496 τΙ
899 2411 1068 2495 γλάσσαις
1087 2414 1214 2494 λαλείν,

91 2515 183 2584 άλλά
206 2513 268 2581 τόν
289 2512 477 2594 άξιωθέντα
497 2520 698 2602 χαρίσματος
727 2512 783 2580 ἐπὶ
803 2510 872 2580 τινὶ
893 2515 983 2600 αίτίηι
1006 2516 1150 2598 χρησίμῃ
1170 2514 1217 2590 είς
1232 2527 1267 2580 20

94 2620 267 2703 σωτηρίαν
296 2619 366 2681 των
397 2615 564 2700 ἀπίστων,
592 2615 867 2700 δυσωπουμένων
892 2614 1055 2693 πολλάκις
1082 2610 1124 2679 οῦ
1152 2611 1216 2699 τήν

93 2725 164 2787 των
186 2719 299 2803 λόγων
320 2713 510 2802 άτιόδειξιν,
534 2717 620 2785 άλλά
644 2717 708 2802 τήν
733 2721 803 2786 τῦν
822 2721 971 2805 σημείων
994 2717 1216 2803 ἐνέργειαν*

94 2821 201 2903 ἀξίων
223 2819 332 2886 ὄντων
360 2825 534 2906 σωτηρίας.
580 2818 750 2906 οὐδὲγάρ
780 2821 904 2898 πάντες
929 2821 966 2885 os
989 2817 1124 2904 δσεβείς
1149 2815 1217 2884 ῦπδ

93 2929 164 2992 τῶν
188 2921 378 3006 θαυμάτων
407 2921 641 3008 ἐντρέπονται·
675 2922 732 2989 καλ
759 2922 882 2988 τοῦτον
914 2921 1044 3006 μάρτυς
1068 2917 1170 2996 αῦτδς
1197 2915 1216 2984 δ

92 3026 186 3109 θεός,
211 3021 256 3102 τός
277 3023 358 3089 ὅταν
380 3024 459 3110 λέγη
482 3022 523 3090 ἐν
546 3028 594 3112 τῷ
614 3024 708 3112 νόμςο
729 3023 780 3090 ὅτι
797 3023 854 3090 Ἐν
873 3021 1134 3106 ἑτερογλάσσοις
1154 3025 1215 3085 λα-
1232 3035 1266 3086 25

93 3130 188 3215 λήσω
209 3131 257 3214 τῷ
277 3129 348 3214 λαῷ
364 3125 472 3213 τούτῳ
489 3125 545 3192 καὶ
564 3125 603 3192 ἐν
624 3129 770 3210 χείλεσιν
792 3123 932 3211 ἑτέροις,
952 3123 1009 3190 καλ
1029 3120 1070 3187 ού
1088 3120 1133 3208 μή
1159 3143 1215 3188 πι-
1271 3119 1273 3124 ’

93 3229 294 3310 στεύσρσιν.
345 3225 423 3294 οῦτε
449 3226 514 3314 γάρ
547 3228 584 3293 ολ
611 3227 790 3312 Αἰγύπτιοι
822 3225 1026 3292 ἐπίστευσαν
1058 3227 1107 3313 τῷ
1132 3223 1216 3311 θεῷ,

94 3331 248 3408 Μωσέως
266 3335 413 3397 τοσαῦτα
436 3341 555 3415 σημεῖα
580 3329 638 3396 καλ
660 3330 781 3415 τέρατα
808 3325 1047 3413 πεποιηκότος,
1074 3322 1151 3392 οῦτε
1177 3323 1216 3391 τό

166 3523 199 3575 14
216 3523 276 3574 Luc
296 3519 336 3584 10,
355 3519 389 3571 20
404 3519 408 3587 Ι
423 3522 456 3573 25
474 3520 531 3586 Isaj
550 3519 592 3584 28,
613 3520 642 3571 ll
660 3539 696 3567 =
713 3519 767 3572 001·
784 3535 803 3570 α
822 3519 862 3579 14,
880 3517 912 3570 21

95 3712 107 3762 1
130 3701 304 3776 ἐκβαλοῦσιν
321 3725 338 3760 x
353 3705 358 3776 Ι
373 3708 390 3758 2
407 3701 561 3774 λαλήσονσι
575 3723 594 3772 y
609 3709 613 3773 Ι
627 3709 645 3766 2
662 3707 779 3767 καιναῖς
797 3698 969 3774 λαλήσουσιν
985 3707 998 3756 t
1012 3704 1048 3770 12
1065 3693 1187 3769 άροῦσιν
1198 3719 1215 3754 x

96 3792 101 3861 Ι
120 3795 138 3847 3
156 3785 256 3862 βλάψη
274 3810 309 3859 xy
324 3791 329 3859 Ι
344 3795 360 3843 4
379 3785 570 3861 ἐπιθήσουσιν
586 3808 604 3842 x
625 3789 630 3860 Ι
650 3793 666 3842 4
685 3785 798 3856 ἕξουσιν
814 3792 852 3855 x!
870 3793 888 3842 4
905 3781 1013 3844 τούτων
1079 3779 1215 3854 χαρισμά·

93 3895 153 3932 των
169 3885 211 3944 xt,
229 3877 320 3930 ταῦτα
339 3871 372 3928 δέ
389 3873 423 3929 τά
443 3877 605 3944 χαρίσματα
622 3891 640 3942 y
661 3878 665 3940 Ι
685 3877 701 3927 5
720 3867 813 3942 ἐδόθη
830 3892 849 3941 y
868 3873 874 3944 Ι
893 3874 910 3926 δ
926 3873 1009 3940 κτίση
1026 3875 1052 3924 X
1072 3874 1076 3937 Ι
1096 3871 1114 3924 δ
1131 3865 1165 3924 δέ
1181 3871 1216 3935 >

95 3981 132 4030 xy
159 3966 163 4030 Ι
188 3965 204 4013 7
222 3961 275 4016 τοῦ
293 3961 369 4016 θεοῦ
386 3955 440 4029 τήν
457 3955 566 4014 τούτων
584 3960 726 4028 χορηγίαν
743 3953 985 4028 ολκσνομήσαντος
1001 3958 1036 4024 -Ι-
1051 3973 1070 4022 y
1095 3956 1101 4024 Ι
1126 3955 1143 4007 8
1159 3954 1216 4006 τοῖν

97 4051 217 4102 alterum
235 4048 270 4112 >
287 4053 299 4100 t
314 4046 319 4114 Ι
333 4047 350 4099 θ
369 4045 419 4099 ἴνα
431 4053 443 4100 t
457 4045 462 4110 Ι
479 4047 511 4099 13
529 4044 644 4114 χριστοῦ
656 4062 700 4111 xy,
718 4043 821 4112 κυρίου
833 4050 845 4096 ι
859 4045 864 4110 Ι
881 4045 921 4096 14.
934 4044 966 4096 Ῑδ
984 4043 1044 4096 ἵνα
1054 4059 1089 4087 =-·
1101 4037 1215 4105 πνεῦμα

96 4151 123 4199 x,
143 4126 283 4200 δαιμόνια
299 4149 319 4198 y
338 4129 344 4199 Ι
366 4132 398 4185 15
414 4126 607 4184 δκοτάσσεται
624 4145 642 4196 y
662 4130 667 4193 Ι
687 4131 719 4181 17
736 4130 865 4198 γίγνεται
882 4146 902 4195 y
921 4129 926 4194 Ι
944 4129 976 4179 21
994 4125 1030 4193 τή
1048 4131 1077 4177 ει
1093 4125 1127 4174 22
1143 4113 1215 4174 άτιο-

97 4218 188 4285 δείξει
206 4225 219 4270 ι
244 4218 249 4281 Ι
275 4219 309 4269 22
327 4216 362 4285 ιη’
380 4223 409 4269 σι
426 4209 557 4282 ἐνεργιία
575 4221 587 4268 ι
610 4216 614 4278 Ι
640 4217 673 4266 22
691 4211 741 4267 καλ
758 4207 867 4272 τούτων
883 4203 919 4266 σά
935 4205 1052 4263 πάντων
1068 4199 1140 4261 άλλά
1158 4205 1216 4260 τῦν

95 4303 131 4371 -Ι-
146 4320 166 4369 y
181 4303 186 4367 Ι
199 4303 235 4354 25
254 4296 328 4368 λέγει
346 4320 364 4354 x
378 4303 383 4368 Ι
398 4301 441 4354 26.
451 4303 484 4352 27
502 4295 703 4353 πιστεύσουσιν
718 4315 737 4366 y
752 4299 757 4364 Ι
771 4297 806 4350 28
822 4291 967 4356 Μωύσέως
984 4301 997 4348 t
1011 4295 1016 4360 Ι
1035 4293 1069 4346 28
1086 4311 1103 4361 p
1121 4292 1213 4357 232,1

96 4381 132 4440 τά
149 4380 252 4456 πλήθη
269 4392 283 4438 t
