3160 4976
1402 378 1449 448 79

260 549 415 639 Ἀνδρέας
439 554 535 618 εἶπεν·
562 554 693 618 διάκονοι
711 558 841 640 ἐργάται
859 567 920 618 τῶν
936 555 1037 618 καλῶν
1056 559 1153 640 ἔργων
1172 555 1370 640 νυχθήμερον
1389 558 1457 616 έπε-
1493 553 1532 634 κβ

259 663 415 733 λεόσοντες
430 672 611 747 πανταχοῦ,
634 670 709 745 μητε
726 669 844 734 πένητα
860 667 1113 745 ὑπεροπτεῦοντες
1129 671 1207 744 μήτε
1223 663 1362 726 πλούσιον
1379 684 1457 747 προ-

260 771 529 843 σωποληπτοῦντες
552 775 770 854 έπιγνώσονται
800 776 850 832 τόν
873 770 1058 854 θλιβόμενον
1083 777 1132 831 καί
1158 774 1189 831 ἐκ
1210 782 1266 842 τῆς
1288 769 1398 853 λογίας
1421 773 1455 831 οῦ

261 880 532 963 παραπέμψονται,
550 883 798 962 έπαναγκάσουσι
810 875 876 964 [δέ]
891 885 963 949 τοὺς
980 877 1167 960 δυναμένους
1187 878 1453 965 άποθησαυρίζειν

227 1004 241 1042 ε
260 990 302 1058 είς
315 991 392 1071 ἔργα
411 987 539 1070 ἀγαθά,
558 997 758 1074 προορῶντας
771 992 843 1057 τοῦς
859 987 970 1069 λόγους
983 995 1035 1049 τοῦ
1048 985 1233 1050 διδασκάλου
1246 992 1346 1068 ἡμῶν·
1365 985 1457 1049 εἷδετέ

259 1118 297 1176 με
317 1095 492 1158 πεινῶντα’
509 1101 559 1156 καί
576 1097 628 1156 οὐκ
644 1095 802 1177 ἐθρέψατέ
824 1115 873 1176 με.
899 1097 927 1156 οί
948 1099 1009 1178 γάρ
1033 1095 1135 1166 καλῶς
1153 1093 1391 1166 διακονήσαντες
1407 1102 1457 1156 καί

260 1205 431 1284 ἀμέμπτως
447 1206 537 1263 τόπον
555 1205 678 1274 ἑαυτοῖς
694 1212 915 1286 περιποιοῦνται
933 1207 981 1263 τόν
999 1207 1177 1284 ποιμενικόν.

260 1310 414 1380 Φίλιππος
438 1309 532 1370 εἶπεν·
556 1312 571 1372 ό
594 1309 698 1381 λαίκός
722 1321 787 1382 τοίς
810 1309 925 1381 λαίκοίς
946 1315 1110 1394 πράγμασι
1127 1311 1361 1395 περιπειθέσθω
1379 1315 1456 1372 ὑπο·
1477 1342 1514 1400 17

260 1421 450 1501 τασσόμενος
477 1430 541 1489 τοῖς
566 1417 788 1504 παρεδρεύουσι
817 1426 862 1500 τῷ
890 1419 1119 1500 θυσιαστηρίῳ.
1158 1419 1286 1491 ἕκαστος
1314 1427 1357 1498 τῷ
1391 1417 1457 1498 ίδίῳ

217 1548 243 1586 ιο
261 1531 344 1608 τόπῳ
372 1533 524 1612 ἀρεσκέτω
548 1535 591 1606 τῷ
615 1527 702 1606 θεῷ,
726 1534 769 1609 μὴ
788 1525 1028 1614 φιλεχθροῦντες
1045 1526 1187 1598 ἀλληλοις
1203 1534 1269 1611 περὶ
1286 1537 1347 1588 τῶν
1364 1547 1457 1590 τετα-

262 1641 400 1719 γμένων,
426 1636 555 1706 ἕκαστος
570 1637 600 1696 ἐν
618 1635 643 1715 ᾤ
661 1633 776 1706 ἐκλήθη
798 1641 886 1720 παρά
903 1643 948 1714 τῷ
965 1635 1046 1714 θεῷ.
1065 1637 1201 1719 όὲτερος
1216 1644 1270 1697 τοῦ
1286 1638 1389 1719 έτέρσυ
1407 1638 1456 1696 τόν

263 1743 374 1828 δρόμον
398 1750 441 1824 μὴ
464 1749 681 1828 παρατεμέτω.
708 1742 777 1805 οὐδὲ
799 1749 860 1828 γάρ
878 1746 907 1804 οἱ
921 1741 1047 1828 ἄγγελοι
1064 1748 1151 1826 παρὰ
1169 1747 1202 1805 τό
1219 1741 1459 1825 διατεταγμένον

263 1857 369 1923 αὐτοῖς
387 1850 471 1914 ου’δέν
489 1853 590 1936 ἕτερον
606 1847 818 1924 ἐξελίσσουσιν.

266 1957 420 2043 Ἀνδρέας
441 1959 538 2020 εἶπεν·
571 1963 739 2044 εόχρηστόν
764 1962 856 2037 ἐστιν,
886 1957 1029 2045 ἀδελφοί,
1058 1968 1129 2030 ταῖς
1156 1951 1273 2040 γυναιξί
1304 1955 1458 2018 διακονίαν
1479 1961 1519 2028 115

220 2086 246 2125 ιο
264 2069 470 2137 καταστῆσαί.

263 2176 379 2260 Πέτρος
395 2175 486 2238 εἶπεν·
504 2173 691 2262 ἐφθάσαμεν
705 2171 864 2248 τάξαντες·
883 2181 949 2258 περί
963 2172 996 2236 δέ
1009 2186 1064 2245 τῆς
1080 2183 1261 2260 προσφορᾶς
1278 2181 1331 2234 τοῦ
1348 2175 1460 2252 σῶμα·
1479 2198 1516 2238 κε
1572 2223 1573 2240 .

262 2303 316 2354 τος
331 2289 383 2344 καί
398 2291 452 2344 τοῦ
468 2286 603 2365 αἵματος
619 2282 760 2367 ἀκριβῶς
777 2287 970 2363 μηνῦσωμεν.
1572 2281 1573 2286 ’

260 2391 417 2460 Ἰωάννης
444 2389 543 2451 εἶπεν·
569 2390 784 2466 ἐπελάθεσθε,
809 2388 950 2475 ἀδελφοί,
976 2394 1024 2452 ὅτε
1041 2393 1151 2469 ᾔτησεν
1168 2392 1183 2451 ό
1201 2387 1387 2459 διδάσκαλος
1409 2391 1459 2450 τόν
1480 2412 1521 2461 κς

263 2501 356 2584 άρτον
372 2504 421 2559 καί
440 2504 473 2560 τό
490 2507 631 2584 ποτήριον
648 2504 697 2560 καί
715 2496 882 2578 ηιίλόγησεν
901 2499 982 2556 αὐτὰ
999 2495 1107 2580 λέγων·
1125 2501 1215 2558 τοῦτό
1232 2499 1294 2557 ἐστι
1312 2500 1345 2556 τό
1364 2501 1457 2576 σῶμά

217 2622 245 2662 κο
262 2628 321 2690 μου
344 2611 394 2668 καί
418 2611 451 2668 τό
475 2605 571 2688 αι’μαι
598 2609 641 2668 ὅτι
665 2610 716 2666 οῦκ
740 2603 883 2688 ἐπέτρεψε
909 2609 1039 2676 ταύταις
1064 2616 1212 2674 συστῆναι
1228 2609 1310 2687 ἡμῖν.
1335 2604 1460 2688 Μάρθα

262 2713 354 2776 εἶπεν·
374 2712 426 2776 διά
438 2715 579 2798 Μαριάμ,
598 2719 642 2776 ὅτι
656 2712 730 2774 εἶδεν
745 2716 839 2781 αὐτὴν
852 2710 1031 2792 μειδιῶσαν.
1050 2714 1156 2796 Μαρία
1171 2712 1260 2774 εἶπεν·
1279 2716 1374 2774 οῦκὲτι
1390 2715 1459 2794 ἐγέ-

262 2822 355 2884 λασα.
377 2821 519 2908 προέλεγε
532 2827 594 2905 γὰρ
607 2826 690 2903 ἡμῖν,
705 2825 753 2882 ὅτε
766 2818 933 2898 ἐδίδασκεν,
952 2825 995 2882 ὅτι
1008 2825 1041 2881 τό
1056 2821 1191 2890 ἀσθενὲς
1204 2819 1255 2881 διὰ
1268 2831 1321 2881 τοῦ
1334 2823 1461 2904 ἰσχυροῦ

263 2930 457 3002 σωθήσεται.
469 2931 581 3016 Κηφᾶς
592 2929 682 2991 εἶπεν·
692 2931 778 2989 ε’νίων
788 2928 950 3010 μέμνησθε
964 2926 996 2989 δὲ
1008 2924 1189 3013 [λεγόντων]
1203 2931 1247 2989 ὅτι
1260 2939 1330 2998 ταῖς
1343 2923 1461 3012 γυναιξί
1480 2929 1522 3000 κζ

263 3044 305 3120 μη
324 3038 440 3124 ὀρθαῖς
460 3035 597 3124 [πρέπει]
617 3039 862 3122 προσεύχεσθαι,
882 3035 961 3099 ἀλλά
978 3039 1039 3098 ἀπό
1056 3047 1112 3106 τῆς
1129 3047 1188 3118 γῆς
1205 3035 1443 3117 καθεζομέναις.

159 3182 163 3188 -
216 3159 244 3199 2⁵
266 3145 420 3228 Ἰάκωβος
443 3145 538 3208 εἶπεν·
564 3157 630 3216 πῶς
655 3146 705 3206 οὖν
730 3145 896 3227 δυνάμεθα
919 3151 985 3228 περὶ
1001 3153 1154 3227 γυναικῶν
1172 3143 1329 3214 διακονίας
1346 3145 1458 3227 όρὶσαι,
1480 3169 1517 3232 κγ

262 3255 288 3316 εί
303 3261 390 3335 μήτι
408 3252 562 3316 διακονίαν
580 3256 628 3316 ἵνα
646 3256 795 3336 έπιοχῶσι
813 3265 883 3323 ταῖς
899 3251 1111 3332 ἐνδεομέναις;

262 3360 415 3431 Φίλιππος
437 3361 532 3422 εἶπεν·
558 3371 663 3436 τοῦτο,
683 3360 825 3446 ἀδελφοί,
849 3365 915 3444 περί
933 3372 988 3431 τῆς
1005 3358 1210 3442 μεταδόσεως.
1230 3361 1245 3420 ό
1262 3370 1354 3421 ποιῶν
1372 3361 1460 3443 ἔργον
1480 3355 1522 3421 κδ

261 3467 352 3530 καλόν
375 3471 476 3548 ἑαυτῷ
500 3470 663 3554 θησαυρόν
688 3479 896 3554 περιποιεῖται.
921 3471 1015 3552 όγάρ
1038 3469 1243 3550 θησαυρίζων
1261 3469 1292 3528 ἐν
1310 3479 1345 3548 τῇ
1363 3465 1460 3550 βασι-

262 3575 328 3654 λείᾳ
344 3579 505 3663 ἔγγραφος
522 3581 658 3662 ἐργάτης
675 3577 897 3660 λογισθήσεται
914 3581 1001 3659 παρὰ
1019 3583 1062 3654 τῷ
1079 3575 1161 3654 θεῷ.

216 3697 243 3737 ³0
262 3685 379 3769 Πέτρος
402 3683 500 3746 εἶπεν·
526 3694 646 3762 ταῦτα,
671 3683 814 3770 ἀδελφοί,
839 3687 897 3768 οὐχ
922 3685 966 3754 ὡς
989 3679 1127 3756 ἐξουσίαν
1149 3687 1228 3754 τινός
1245 3685 1369 3767 ἔχοντες
1385 3681 1496 3766 πρόςλ

262 3795 413 3877 ἀνάγκην,
430 3791 495 3858 ἀλλ’
513 3797 661 3875 ἐπιταγὴν
679 3797 803 3876 ἔχοντες
819 3797 906 3876 παρὰ
917 3797 1020 3876 κυρίου
1034 3794 1196 3875 ἐρωτῶμεν
1214 3795 1307 3871 ὑμᾶς,
1326 3785 1461 3876 φυλάξαι

260 3906 319 3972 τὰς
343 3901 467 3973 έντολάς
491 3900 588 3983 μηδὲν
606 3909 818 3987 ἀφαιροῦντας
834 3905 852 3968 ἢ
870 3899 1097 3984 προστιθέντας
1114 3901 1144 3958 έν
1163 3905 1206 3975 τῷ
1225 3900 1351 3978 ὀνόματι
1372 3894 1458 3982 [τοῦ]

260 4015 361 4094 κυρίου
377 4014 478 4092 ἡμῶν,
497 4008 521 4089 ᾧ
539 4014 558 4080 ἡ
576 4004 651 4082 δόξα
669 4011 712 4079 είς
729 4015 799 4080 τοὺς
818 4011 947 4078 αἰῶνας.
975 4008 1068 4087 άμίην.

341 4147 354 4185 6
368 4145 483 4186 *πίνοντα
497 4168 519 4174 -
530 4145 696 4192 διακονίεαντες,
710 4169 735 4177 -
749 4143 937 4199 ὃπεριετοιόέεθω
948 4145 996 4182 cod.
1009 4147 1031 4182 et
1042 4144 1106 4182 Βίείι.
1118 4145 1166 4182 -9
1181 4143 1274 4181 Lucina.
1287 4142 1355 4180 Iudlc.
1367 4143 1437 4179 νοτηί.
1449 4140 1462 4177 4

258 4215 324 4258 καλόν
339 4211 429 4258 ἐκτετον
449 4215 521 4270 μένειν
541 4215 574 4271 ἐφ’
590 4217 615 4270 ἧς
630 4217 736 4274 τετύχηκε
755 4219 846 4267 τάξεως.
869 4221 992 4257 οοπειίιυίί.
1010 4216 1067 4255 vm
1083 4217 1130 4255 κίιί
1147 4221 1154 4254 1
1172 4213 1275 4254 Corinth.
1292 4215 1302 4251 I
1318 4215 1349 4251 νίί
1365 4215 1392 4251 20
1407 4211 1460 4251 Τυτ-

258 4292 347 4330 tanim.
370 4291 397 4329 de
414 4291 526 4330 idololatr.
541 4293 565 4331 5:
587 4299 632 4331 eum
650 4294 709 4342 quod
723 4299 743 4331 τί
759 4295 785 4332 de
800 4293 919 4341 τττίρίιιτιί
934 4290 1017 4329 audem
1036 4291 1203 4338 ατριιπιεπίατί,
1226 4289 1308 4326 τίν’-τίκτε
1323 4289 1460 4335 aptandum:

258 4370 282 4402 ιιι
292 4363 464 4414 ςυίιφιιεΙυετίί
479 4369 585 4410 invenem,
602 4368 636 4403 ίια
647 4372 667 4402 ιι
675 4371 809 4414 perseveret.
825 4364 856 4402 ld.
868 4363 896 4402 do
911 4371 996 4400 corona
1011 4364 1048 4398 Il:
1064 4365 1086 4400 τί
1099 4373 1152 4411 quos
1168 4362 1248 4398 ιινίίίιιά
1261 4364 1394 4409 praeacutae
1405 4359 1462 4407 fides

255 4439 368 4486 posterior
383 4438 477 4483 ίκοιιιίί,
501 4439 549 4476 aaa
570 4437 668 4474 ταινιίίτίο
683 4443 722 4476 εει.
740 4457 765 4464 -
789 4437 812 4474 λιι
827 4431 992 4487 παρατιμνιίτο.
1016 4454 1040 4460 -
1060 4434 1085 4472 21
1102 4428 1223 4485 μηδιιῑνεαν.
1241 4451 1267 4458 -
1286 4431 1313 4470 26
1329 4425 1462 4482 ἐπιτχυεωει

258 4509 308 4548 τοῦ.
324 4514 346 4549 τί
360 4509 424 4550 Βίοίτ.
440 4529 466 4537 -
487 4510 514 4548 20
529 4505 691 4561 μιττδώτοιυς,
715 4509 790 4549 ὁποῖον
810 4509 870 4557 quod
888 4507 1013 4549 BiekellIm
1033 4509 1141 4548 ίιιίκείυιη
1162 4508 1290 4556 reliquerat.
1307 4527 1332 4534 -
1354 4507 1380 4544 28
1395 4503 1462 4544 καλὸν

256 4587 307 4630 μοστ
322 4575 375 4632 θηει.
392 4581 464 4620 codex
482 4585 504 4618 τί
519 4580 584 4618 niet.
