2998 4972
100 443 116 490 ι
134 425 144 475 ¹
1141 428 1204 494 233

99 588 277 656 ποιούντων
295 599 415 675 σημεῖα
439 586 495 654 καλ
515 589 636 673 τίροιτα
661 587 802 675 κρινέτω
826 586 902 653 τινά
924 590 992 654 τῦν
1009 591 1137 654 πιστοῦν
1158 587 1203 674 μή

99 689 273 771 ἀξιωθέντα
295 689 462 774 ἐνεργεῖν·
486 689 636 776 διάφορα
659 690 726 774 γάρ
754 685 888 755 ἐστιτὰ
914 693 976 756 τοῦ
995 693 1083 755 θεοῦ
1108 694 1203 775 χαρί-

98 811 207 878 σματα,
227 789 340 875 *παρ’
364 788 469 858 αύτοῦ
483 789 540 858 διά
554 795 693 879 χριστοῦ
713 789 885 875 διδόμενα,
901 791 959 858 καλ
976 788 1019 856 σῦ
1033 791 1096 876 μὲν
1113 796 1204 875 εῖλη-

98 919 156 980 φας
173 899 282 976 τοῦτο,
306 893 436 970 ἐκεῖνος
456 893 493 960 δὲ
517 891 599 960 ἄλλο
617 915 664 959 τι·
684 888 708 977 ή
729 891 795 978 γάρ
816 893 919 977 λόγον
939 887 1098 977 σοφίαςή
1113 892 1203 977 γνού-

97 992 210 1082 σευςή
230 998 431 1082 διακρίσεως
451 995 654 1080 πνευμάτων
672 989 696 1079 ή
710 993 905 1080 πρόγνωσιν
925 997 994 1060 τῶν
1010 993 1204 1078 μελλόντων
1220 1011 1236 1062 ο

96 1092 232 1183 ήλόγον
253 1095 449 1165 διδακτικόν
476 1092 500 1182 ή
525 1095 741 1176 ἀνεξικακίαν
766 1090 790 1180 ή
819 1095 1018 1183 ἐγκράτειαν
1047 1099 1201 1182 ἔννομον.

97 1199 145 1266 καὶ
165 1199 227 1285 γάρ
241 1204 258 1241 *
273 1203 435 1285 Μωῦσής,
457 1197 476 1265 6
495 1202 558 1266 τοῦ
572 1202 658 1266 θεοῦ
675 1197 874 1282 ἄνθρωπος,
894 1197 934 1264 όν
950 1196 1110 1287 Αίγύπτςο
1129 1197 1203 1265 ἐπι·
1266 1272 1268 1276 .

95 1305 191 1366 τελεῖν
204 1301 245 1368 τά
260 1313 393 1387 σημεῖα,
410 1299 452 1366 ού
466 1299 662 1386 κατεπήρθη
676 1323 746 1366 τιιν
758 1295 941 1388 ὁμοφύλων
956 1298 1013 1366 καὶ
1026 1298 1107 1379 θεός
1120 1305 1202 1388 κλη-

95 1400 491 1488 θελςούκήλαζονεύσατο
503 1400 588 1468 κατά
599 1405 661 1468 τοῦ
671 1403 761 1469 ίδίου
773 1399 951 1486 προφήτου
963 1398 1103 1488 Ἀαροίν.
1130 1401 1201 1468 ἀλλ’

96 1502 195 1571 ούτεύ
216 1509 278 1572 τοῦ
299 1507 403 1588 Ναυῆ
418 1500 559 1589 Ἰησοῦς,
581 1500 791 1590 ἡγησάμενος
813 1499 882 1587 μετ’
908 1500 1012 1574 αύτὸν
1032 1507 1093 1570 τοῦ
1117 1506 1203 1570 λαοῦ
1222 1519 1253 1570 1⁰

96 1601 153 1671 κάν
176 1611 222 1695 τῷ
244 1604 331 1691 πρδς
357 1604 436 1683 τούς
453 1603 678 1691 Ἰεβουσαίους
706 1605 840 1693 πολέμῳ
867 1603 991 1690 στήσας
1018 1601 1078 1670 τόν
1103 1604 1202 1690 ἥλιον

96 1707 172 1774 κατά
197 1706 345 1795 Γαβαάν
365 1706 423 1774 καὶ
441 1705 508 1793 ’τήν
534 1705 683 1792 σελήνην
714 1705 799 1772 κατά
823 1706 982 1792 φάραγγα
1001 1704 1118 1773 Αίλιόν
1144 1700 1202 1776 διά

93 1809 126 1874 τό
142 1809 185 1895 μή
205 1810 390 1894 ἀπαρκεῖν
409 1807 493 1897 πρδς
513 1806 576 1896 τήν
597 1811 698 1894 νίκην
717 1805 780 1892 τήν
799 1803 939 1893 ἡμέραν,
962 1806 1095 1892 ἐπήρθη
1117 1806 1202 1875 κατὰ

94 1915 146 1976 τοῦ
165 1913 283 1990 Φινεὲς
302 1908 325 1998 ή
342 1915 404 1978 τοῦ
422 1911 545 1996 Χαλέβ.
590 1907 666 1976 οὔτε
682 1908 845 1994 Σαμουὴλ
861 1912 1007 1974 τοσαῦτα
1028 1909 1202 1994 παράδοξα

93 2013 223 2098 ποιήσας
250 2013 331 2098 παρ’
362 2011 465 2080 οῦδὲν
488 2009 636 2099 ἡγήσατο
668 2009 729 2078 τόν
755 2013 904 2095 θεοφιλῆ
930 2012 1059 2096 Δαβίδ,
1092 2015 1202 2078 καίτοι
1221 2030 1252 2084 ιε

93 2113 267 2199 άμφύτεροι
294 2115 465 2200 προφῆται
494 2113 552 2180 καὶ
580 2111 599 2180 6
625 2114 689 2198 μὲν
713 2111 904 2200 ἀρχιερεύς,
932 2107 951 2178 6
972 2113 1009 2178 δὲ
1030 2113 1200 2199 βασιλεύς.

93 2216 142 2282 καλ
159 2216 237 2284 ἑπτά
260 2223 277 2260 *
299 2217 461 2303 χιλιάδων
481 2213 709 2300 ύπαρχουσκυ
728 2215 767 2282 ἐν
784 2212 915 2298 Ἰσραήλ
937 2205 1045 2298 άγίωυ
1066 2219 1134 2282 τοῖν
1155 2213 1200 2301 μή

92 2319 290 2402 κομυάντιιν
306 2317 392 2403 γόνυ
408 2321 450 2403 τή
464 2317 559 2384 Βάαλ
574 2316 676 2403 μόνος
687 2314 802 2392 Ἠλίας
823 2314 862 2398 ἐν
880 2311 1065 2392 αὐτοῖςκαὶ
1085 2313 1102 2382 6
1121 2317 1199 2384 τού-

92 2443 145 2484 του
160 2424 313 2507 μαθητής
330 2418 516 2497 Ἐλισσαῖος
531 2416 779 2503 θαυματοποιοὶ
799 2417 1008 2502 γεγένηνται,
1028 2415 1104 2482 ἀλλ’
1123 2416 1201 2486 οὔτε

87 2516 188 2600 Ἡλιθς
208 2521 268 2589 τόν
283 2520 465 2606 οίκονύμον
483 2517 618 2607 Ἀβδιοῦ
638 2518 885 2606 ἐξεμυκτήρισε,
907 2518 1124 2603 φοβούμενον
1137 2521 1201 2606 μὲν
1217 2537 1252 2592 2⁰

92 2621 143 2688 τόν
161 2623 256 2708 θεόν,
279 2619 323 2690 ού
344 2625 507 2690 ποιοῦντα
527 2623 566 2690 δὲ
588 2635 719 2710 σημεῖα,
742 2619 819 2688 οῦτε
837 2619 1021 2698 Ἐλισσαῖος
1040 2619 1100 2688 τόν
1121 2623 1201 2688 ἑαυ-

90 2727 143 2789 τοῦ
168 2723 325 2812 μαθητήν
355 2727 537 2810 φρίττοντα
564 2722 643 2802 τοῦς
670 2727 851 2808 πολεμίους
875 2717 1064 2806 ὑπερεῖδεν.
1114 2722 1200 2792 ἀλλὰ

90 2826 147 2910 γὰρ
176 2825 252 2894 οῦτε
278 2824 412 2911 Δανιήλ
440 2824 460 2892 6
486 2824 593 2912 σοφὸς
621 2824 762 2912 όυσθελς
785 2824 947 2909 δεύτερον
975 2825 1013 2892 aa
1039 2825 1201 2912 στόματος

90 2926 228 2994 λεόντων
260 2927 339 2996 οὔτε
373 2929 410 2994 ολ
438 2941 527 3015 τρεῖς
560 2930 677 3007 παῖδες
712 2928 751 2996 ἐκ
786 2932 932 3014 καμίνου
963 2932 981 2969 ⁸
1014 2928 1201 3008 δξουδέυω-

89 3045 148 3094 σου
171 3030 250 3110 τοῦς
274 3028 413 3108 λοιπούς
439 3035 508 3096 νῦν
535 3027 733 3116 ὁμοφύλων·
768 3028 952 3115 ήπίσταυτο
983 3027 1049 3114 γὰρ
1077 3029 1128 3098 ὅτι
1157 3028 1199 3097 ού
1215 3045 1250 3100 25

89 3134 126 3214 πή
148 3135 253 3220 ολκείφ
275 3133 420 3216 δυνάμει
447 3133 682 3217 περιεγένοντο
708 3135 778 3198 τοῖν
799 3131 940 3214 δειυιιν,
969 3128 1056 3196 άλλά
1079 3135 1121 3217 τῇ
1138 3136 1200 3199 τοῦ

88 3237 166 3299 θεοῦ
187 3235 277 3320 λσχύι
300 3234 358 3301 καὶ
378 3246 498 3319 σημεῖα
524 3233 705 3300 ἐπετέλουν
731 3231 788 3300 καὶ
808 3236 877 3298 τῶν
894 3233 1069 3318 δυσχερῶν
1091 3232 1197 3318 ἀπηλ-

90 3335 253 3403 λάττοντο.
300 3333 428 3403 οὐκοῦν
446 3334 563 3423 μηδεὶς
582 3333 679 3421 ὑμῶν
701 3335 892 3421 ἐσαιρέσθω
908 3332 993 3400 κατά
1014 3338 1076 3399 τοῦ
1098 3333 1198 3402 άδελ-

89 3437 161 3521 φοῦ,
180 3432 247 3504 κάν
264 3439 440 3524 προφήτης
457 3429 480 3525 ή
499 3433 565 3506 κάν
585 3437 848 3524 θαυματοποιός.
892 3437 924 3502 εί
938 3434 1004 3523 γάρ
1025 3439 1116 3524 δοθῇ
1133 3462 1198 3523 μη-

88 3539 151 3604 κέτι
169 3535 260 3606 εἶναί
277 3562 344 3606 που
366 3538 520 3624 ἄπιστον,
542 3537 678 3626 περιττή
693 3529 814 3606 λόιπόυ
833 3541 926 3606 ἔσται
946 3542 1037 3608 πάσα
1051 3545 1199 3626 σημείων
1215 3553 1250 3608 80

89 3637 242 3728 ἐνέργεια.
292 3640 331 3707 τό
357 3644 421 3728 μὲν
449 3639 515 3729 γάρ
540 3637 628 3708 εἶναι
653 3639 775 3727 εύσεβή
797 3643 836 3708 ἐκ
863 3645 923 3727 τῆς
945 3646 1008 3709 τοῦ
1028 3665 1121 3721 τινος
1142 3639 1199 3710 εύ-

149 3849 164 3898 7
181 3851 256 3902 Dout
273 3847 315 3914 3³,
335 3849 349 3900 1
370 3845 375 3917 Ι
396 3849 427 3900 12
444 3851 525 3904 Ῑοευε
544 3850 584 3916 10,
604 3849 637 3902 12
656 3849 661 3915 Ι
682 3847 714 3900 17
731 3849 793 3917 Reg
810 3866 827 3917 γ
846 3849 892 3913 19,
914 3847 945 3900 18

88 4041 1195 4122 namn1316÷y14=a>5162067max17m2÷ytl

88 4133 208 4205 Ὶμωοής
222 4155 241 4203 y
256 4138 261 4203 Ι
278 4138 306 4191 11
326 4133 393 4199 τοδί
408 4138 444 4203 >
460 4139 512 4204 711
528 4139 559 4190 12
576 4133 668 4206 οιίλῦμ
685 4153 704 4204 y
719 4136 724 4204 Ι
740 4137 772 4190 13
789 4129 946 4204 αὐταρκεῖν
961 4142 994 4203 yt
1008 4137 1013 4201 Ι
1028 4137 1060 4188 12
1078 4131 1111 4188 δλ
1127 4135 1198 4203 -Η

89 4215 142 4282 120
158 4213 376 4290 ίξεμυκτήριτεν
394 4241 412 4276 x
431 4223 436 4287 Ι
456 4223 490 4276 20
506 4217 561 4290 μὲν
576 4223 612 4288 >
627 4223 665 4291 xl
684 4225 718 4274 22
736 4216 878 4290 πολέμους
894 4238 913 4287 5
927 4221 933 4286 Ι
947 4223 981 4272 22
998 4212 1138 4286 ύπιρίδεκ
1154 4219 1195 4287 xl

87 4299 226 4401 λήματός
248 4305 283 4374 -1-
305 4314 336 4373 yt
360 4307 365 4374 Ι
388 4307 423 4360 26
439 4306 653 4376 περιιγείνοττυ
675 4308 713 4372 Χ,
741 4299 939 4373 περλίγίνοκτο
961 4321 981 4371 y
1004 4307 1009 4371 Ι
1034 4304 1076 4358 29.
1089 4305 1123 4358 ³0
1144 4322 1197 4373 μη·

87 4401 132 4438 κετ
159 4407 178 4455 y
