<?xml version="1.0" encoding="UTF-8"?>
<!DOCTYPE html PUBLIC "-//W3C//DTD XHTML 1.0 Transitional//EN"
    "http://www.w3.org/TR/xhtml1/DTD/xhtml1-transitional.dtd">
<html xmlns="http://www.w3.org/1999/xhtml" xml:lang="en" lang="en">
 <head>
  <title>
</title>
<meta http-equiv="Content-Type" content="text/html;charset=utf-8" />
  <meta name='ocr-system' content='tesseract 3.04.00' />
  <meta name='ocr-capabilities' content='ocr_page ocr_carea ocr_par ocr_line ocrx_word'/>
</head>
<body>
  <div class='ocr_page' id='page_1' title='image "./decontroversiis00schgoog_0115.png"; bbox 0 0 3052 4974; ppageno 0'>
   <div class='ocr_carea' id='block_1_1' title="bbox 123 397 1244 476">
    <p class='ocr_par' dir='ltr' id='par_1_1' title="bbox 123 397 1244 476">
     <span class='ocr_line' id='line_1_1' title="bbox 123 397 1244 476; baseline 0.002 -24"><span class='ocrx_word' id='word_1_1' title='bbox 123 397 141 466; x_wconf 78' lang='grc' dir='ltr'><strong>β</strong></span> <span class='ocrx_word' id='word_1_2' title='bbox 164 399 230 454; x_wconf 78' lang='grc'><strong><em>1-3</em></strong></span> <span class='ocrx_word' id='word_1_3' title='bbox 1204 413 1244 476; x_wconf 79' lang='lat'><strong><em>15</em></strong></span> 
     </span>
    </p>
   </div>
   <div class='ocr_carea' id='block_1_2' title="bbox 82 563 1293 3293">
    <p class='ocr_par' dir='ltr' id='par_1_2' title="bbox 82 563 1293 3293">
     <span class='ocr_line' id='line_1_2' title="bbox 123 563 1244 654; baseline 0.009 -26"><span class='ocrx_word' id='word_1_4' title='bbox 123 563 231 647; x_wconf 81' lang='grc' dir='ltr'><strong><em>ποιός,</em></strong></span> <span class='ocrx_word' id='word_1_5' title='bbox 255 563 306 629; x_wconf 83' lang='grc' dir='ltr'><strong><em>ὅτι</em></strong></span> <span class='ocrx_word' id='word_1_6' title='bbox 329 564 434 630; x_wconf 85' lang='grc' dir='ltr'><strong><em>πάλιν</em></strong></span> <span class='ocrx_word' id='word_1_7' title='bbox 453 567 542 650; x_wconf 85' lang='grc' dir='ltr'><strong><em>λέγει</em></strong></span> <span class='ocrx_word' id='word_1_8' title='bbox 562 565 736 654; x_wconf 77' lang='grc' dir='ltr'><em>Μακάριοι</em></span> <span class='ocrx_word' id='word_1_9' title='bbox 763 568 799 633; x_wconf 86' lang='grc' dir='ltr'><strong><em>ολ</em></strong></span> <span class='ocrx_word' id='word_1_10' title='bbox 815 570 1025 654; x_wconf 75' lang='grc' dir='ltr'><strong><em>εἰρηνοποιοί</em></strong></span> <span class='ocrx_word' id='word_1_11' title='bbox 1033 617 1043 652; x_wconf 94' lang='grc'><strong><em>,</em></strong></span> <span class='ocrx_word' id='word_1_12' title='bbox 1077 568 1127 635; x_wconf 81' lang='grc' dir='ltr'><strong><em>ὅτι</em></strong></span> <span class='ocrx_word' id='word_1_13' title='bbox 1148 568 1244 638; x_wconf 78' lang='grc' dir='ltr'><strong><em>αὐτοὶ</em></strong></span> 
     </span>
     <span class='ocr_line' id='line_1_3' title="bbox 123 665 1244 758; baseline 0.008 -28"><span class='ocrx_word' id='word_1_14' title='bbox 123 665 195 731; x_wconf 83' lang='grc' dir='ltr'><strong><em>υίολ</em></strong></span> <span class='ocrx_word' id='word_1_15' title='bbox 215 669 303 731; x_wconf 80' lang='grc' dir='ltr'><strong><em>θεοῦ</em></strong></span> <span class='ocrx_word' id='word_1_16' title='bbox 325 666 564 751; x_wconf 71' lang='grc' dir='ltr'><strong><em>κληθήσονται.</em></strong></span> <span class='ocrx_word' id='word_1_17' title='bbox 599 669 746 751; x_wconf 75' lang='grc' dir='ltr'><strong><em>γινέσθω</em></strong></span> <span class='ocrx_word' id='word_1_18' title='bbox 769 669 807 734; x_wconf 76' lang='grc' dir='ltr'><strong><em>δὲ</em></strong></span> <span class='ocrx_word' id='word_1_19' title='bbox 829 666 886 734; x_wconf 82' lang='grc' dir='ltr'><strong><em>καί</em></strong></span> <span class='ocrx_word' id='word_1_20' title='bbox 908 666 1155 758; x_wconf 84' lang='grc' dir='ltr'><strong><em>εὐσυνείδητος,</em></strong></span> <span class='ocrx_word' id='word_1_21' title='bbox 1178 673 1244 738; x_wconf 87' lang='grc' dir='ltr'><strong><em>πά-</em></strong></span> 
     </span>
     <span class='ocr_line' id='line_1_4' title="bbox 123 765 1243 858; baseline 0.006 -25"><span class='ocrx_word' id='word_1_22' title='bbox 123 785 187 852; x_wconf 89' lang='grc' dir='ltr'><strong><em>σης</em></strong></span> <span class='ocrx_word' id='word_1_23' title='bbox 208 772 328 845; x_wconf 83' lang='grc' dir='ltr'><strong><em>κακίας</em></strong></span> <span class='ocrx_word' id='word_1_24' title='bbox 346 765 405 834; x_wconf 80' lang='grc' dir='ltr'><strong><em>καί</em></strong></span> <span class='ocrx_word' id='word_1_25' title='bbox 423 772 587 854; x_wconf 77' lang='grc' dir='ltr'><strong><em>πονηρίας</em></strong></span> <span class='ocrx_word' id='word_1_26' title='bbox 603 768 660 834; x_wconf 80' lang='grc' dir='ltr'><strong><em>καί</em></strong></span> <span class='ocrx_word' id='word_1_27' title='bbox 673 767 805 846; x_wconf 76' lang='grc' dir='ltr'><strong><em>ἀδικίας</em></strong></span> <span class='ocrx_word' id='word_1_28' title='bbox 823 773 1088 858; x_wconf 86' lang='grc' dir='ltr'><strong><em>κεκαθαρμένος,</em></strong></span> <span class='ocrx_word' id='word_1_29' title='bbox 1108 773 1158 840; x_wconf 82' lang='grc' dir='ltr'><strong><em>δτι</em></strong></span> <span class='ocrx_word' id='word_1_30' title='bbox 1178 776 1243 840; x_wconf 88' lang='grc' dir='ltr'><strong><em>πά-</em></strong></span> 
     </span>
     <span class='ocr_line' id='line_1_5' title="bbox 124 869 1244 958; baseline 0.004 -24"><span class='ocrx_word' id='word_1_31' title='bbox 124 873 181 934; x_wconf 87' lang='grc' dir='ltr'><strong><em>λιν</em></strong></span> <span class='ocrx_word' id='word_1_32' title='bbox 203 875 332 955; x_wconf 86' lang='grc' dir='ltr'><strong><em>είρηται</em></strong></span> <span class='ocrx_word' id='word_1_33' title='bbox 352 870 527 955; x_wconf 76' lang='grc' dir='ltr'><strong><em>Μακάριοι</em></strong></span> <span class='ocrx_word' id='word_1_34' title='bbox 549 871 585 935; x_wconf 89' lang='grc' dir='ltr'><strong><em>οί</em></strong></span> <span class='ocrx_word' id='word_1_35' title='bbox 603 869 749 957; x_wconf 80' lang='grc' dir='ltr'><strong><em>καθαροί</em></strong></span> <span class='ocrx_word' id='word_1_36' title='bbox 770 873 812 956; x_wconf 80' lang='grc' dir='ltr'><strong><em>τὴ</em></strong></span> <span class='ocrx_word' id='word_1_37' title='bbox 832 871 970 958; x_wconf 75' lang='grc' dir='ltr'><strong><em>καρδίᾳ,</em></strong></span> <span class='ocrx_word' id='word_1_38' title='bbox 1000 870 1050 937; x_wconf 83' lang='grc' dir='ltr'><strong><em>ὅτι</em></strong></span> <span class='ocrx_word' id='word_1_39' title='bbox 1068 869 1165 938; x_wconf 78' lang='grc' dir='ltr'><strong><em>αὐτοὶ</em></strong></span> <span class='ocrx_word' id='word_1_40' title='bbox 1183 873 1244 940; x_wconf 88' lang='grc' dir='ltr'><strong><em>τὸν</em></strong></span> 
     </span>
     <span class='ocr_line' id='line_1_6' title="bbox 86 959 1277 1059; baseline -0.002 -19"><span class='ocrx_word' id='word_1_41' title='bbox 86 969 210 1040; x_wconf 75' lang='grc' dir='ltr'><strong><em>θθεδν</em></strong></span> <span class='ocrx_word' id='word_1_42' title='bbox 232 968 384 1048; x_wconf 78' lang='grc' dir='ltr'><strong><em>ὄψονται.</em></strong></span> <span class='ocrx_word' id='word_1_43' title='bbox 406 973 410 1058; x_wconf 93' lang='grc' dir='ltr'>Ι</span> <span class='ocrx_word' id='word_1_44' title='bbox 430 975 514 1038; x_wconf 84' lang='grc' dir='ltr'><strong><em>έστω</em></strong></span> <span class='ocrx_word' id='word_1_45' title='bbox 536 959 678 1038; x_wconf 73' lang='grc' dir='ltr'><strong><em>οὖνκαὶ</em></strong></span> <span class='ocrx_word' id='word_1_46' title='bbox 700 972 881 1057; x_wconf 77' lang='grc' dir='ltr'><strong><em>νηφάλιος,</em></strong></span> <span class='ocrx_word' id='word_1_47' title='bbox 905 971 1070 1058; x_wconf 82' lang='grc' dir='ltr'><strong><em>σάφρων,</em></strong></span> <span class='ocrx_word' id='word_1_48' title='bbox 1093 972 1241 1059; x_wconf 89' lang='grc' dir='ltr'><strong><em>κόσμιος,</em></strong></span> <span class='ocrx_word' id='word_1_49' title='bbox 1260 1001 1277 1052; x_wconf 72' lang='lat'><strong>5</strong></span> 
     </span>
     <span class='ocr_line' id='line_1_7' title="bbox 123 1069 1243 1160; baseline 0.003 -23"><span class='ocrx_word' id='word_1_50' title='bbox 123 1069 311 1157; x_wconf 78' lang='grc' dir='ltr'><strong><em>εὐσταθὴς,</em></strong></span> <span class='ocrx_word' id='word_1_51' title='bbox 333 1071 515 1158; x_wconf 84' lang='grc' dir='ltr'><strong><em>άτάραχος,</em></strong></span> <span class='ocrx_word' id='word_1_52' title='bbox 539 1071 583 1159; x_wconf 93' lang='grc' dir='ltr'><strong><em>μὴ</em></strong></span> <span class='ocrx_word' id='word_1_53' title='bbox 603 1075 780 1160; x_wconf 82' lang='grc' dir='ltr'><strong><em>πάροινος,</em></strong></span> <span class='ocrx_word' id='word_1_54' title='bbox 802 1071 846 1158; x_wconf 89' lang='grc' dir='ltr'><strong><em>μὴ</em></strong></span> <span class='ocrx_word' id='word_1_55' title='bbox 870 1071 1027 1160; x_wconf 77' lang='grc' dir='ltr'><strong><em>πλήκτης,</em></strong></span> <span class='ocrx_word' id='word_1_56' title='bbox 1051 1073 1121 1140; x_wconf 76' lang='grc' dir='ltr'><strong><em>ἀλλ’</em></strong></span> <span class='ocrx_word' id='word_1_57' title='bbox 1138 1077 1243 1142; x_wconf 83' lang='grc' dir='ltr'><strong><em>ἐπιει-</em></strong></span> 
     </span>
     <span class='ocr_line' id='line_1_8' title="bbox 82 1172 1244 1262; baseline 0.003 -23"><span class='ocrx_word' id='word_1_58' title='bbox 82 1175 197 1260; x_wconf 68' lang='grc' dir='ltr'><strong><em>μκὴς,</em></strong></span> <span class='ocrx_word' id='word_1_59' title='bbox 218 1173 359 1260; x_wconf 76' lang='grc' dir='ltr'><strong><em>ἄμαχος,</em></strong></span> <span class='ocrx_word' id='word_1_60' title='bbox 380 1172 644 1262; x_wconf 83' lang='grc' dir='ltr'><strong><em>άΙΙφιλάργυρος.</em></strong></span> <span class='ocrx_word' id='word_1_61' title='bbox 665 1172 710 1260; x_wconf 92' lang='grc' dir='ltr'><strong><em>μὴ</em></strong></span> <span class='ocrx_word' id='word_1_62' title='bbox 729 1175 906 1259; x_wconf 87' lang='grc' dir='ltr'><strong><em>νεόφυτος,</em></strong></span> <span class='ocrx_word' id='word_1_63' title='bbox 929 1174 1048 1261; x_wconf 79' lang='grc' dir='ltr'><strong><em>ἵναμὴ</em></strong></span> <span class='ocrx_word' id='word_1_64' title='bbox 1071 1177 1244 1261; x_wconf 76' lang='grc' dir='ltr'><strong><em>τυφωθεὶς</em></strong></span> 
     </span>
     <span class='ocr_line' id='line_1_9' title="bbox 122 1273 1243 1362; baseline 0.003 -20"><span class='ocrx_word' id='word_1_65' title='bbox 122 1279 172 1354; x_wconf 85' lang='grc' dir='ltr'><strong><em>είς</em></strong></span> <span class='ocrx_word' id='word_1_66' title='bbox 191 1281 296 1362; x_wconf 88' lang='grc' dir='ltr'><strong><em>κρίμα</em></strong></span> <span class='ocrx_word' id='word_1_67' title='bbox 318 1278 443 1362; x_wconf 80' lang='grc' dir='ltr'><strong><em>ἐμπέση</em></strong></span> <span class='ocrx_word' id='word_1_68' title='bbox 466 1284 484 1324; x_wconf 85' lang='grc'>*</span> <span class='ocrx_word' id='word_1_69' title='bbox 509 1280 570 1342; x_wconf 84' lang='grc' dir='ltr'><strong><em>τοῦ</em></strong></span> <span class='ocrx_word' id='word_1_70' title='bbox 591 1276 769 1361; x_wconf 83' lang='grc' dir='ltr'><strong><em>διαβόλου·</em></strong></span> <span class='ocrx_word' id='word_1_71' title='bbox 801 1274 852 1342; x_wconf 83' lang='grc' dir='ltr'><strong><em>ὅτι</em></strong></span> <span class='ocrx_word' id='word_1_72' title='bbox 873 1279 939 1354; x_wconf 78' lang='grc' dir='ltr'><strong><em>πᾶς</em></strong></span> <span class='ocrx_word' id='word_1_73' title='bbox 960 1274 978 1342; x_wconf 90' lang='grc' dir='ltr'>ὁ</span> <span class='ocrx_word' id='word_1_74' title='bbox 997 1273 1096 1356; x_wconf 73' lang='grc' dir='ltr'><strong><em>ὑμῶν</em></strong></span> <span class='ocrx_word' id='word_1_75' title='bbox 1120 1276 1243 1344; x_wconf 84' lang='grc' dir='ltr'><strong><em>ἑαυτὸν</em></strong></span> 
     </span>
     <span class='ocr_line' id='line_1_10' title="bbox 121 1373 1243 1464; baseline 0.003 -21"><span class='ocrx_word' id='word_1_76' title='bbox 121 1377 422 1463; x_wconf 79' lang='grc' dir='ltr'><strong><em>ταπεινωθήσεται.</em></strong></span> <span class='ocrx_word' id='word_1_77' title='bbox 452 1382 607 1444; x_wconf 86' lang='grc' dir='ltr'><strong><em>τοιοῦτον</em></strong></span> <span class='ocrx_word' id='word_1_78' title='bbox 628 1380 666 1445; x_wconf 82' lang='grc' dir='ltr'><strong><em>δέ</em></strong></span> <span class='ocrx_word' id='word_1_79' title='bbox 687 1379 743 1444; x_wconf 81' lang='grc' dir='ltr'><strong><em>δεῖ</em></strong></span> <span class='ocrx_word' id='word_1_80' title='bbox 762 1373 849 1444; x_wconf 80' lang='grc' dir='ltr'><strong><em>εἶναι</em></strong></span> <span class='ocrx_word' id='word_1_81' title='bbox 867 1375 927 1442; x_wconf 89' lang='grc' dir='ltr'><strong><em>τὸν</em></strong></span> <span class='ocrx_word' id='word_1_82' title='bbox 943 1379 1141 1444; x_wconf 76' lang='grc' dir='ltr'><strong><em>ἐπίσκοπον·</em></strong></span> <span class='ocrx_word' id='word_1_83' title='bbox 1164 1384 1243 1464; x_wconf 81' lang='grc' dir='ltr'><strong><em>μιᾶς</em></strong></span> 
     </span>
     <span class='ocr_line' id='line_1_11' title="bbox 121 1479 1293 1568; baseline 0.003 -24"><span class='ocrx_word' id='word_1_84' title='bbox 121 1479 286 1562; x_wconf 87' lang='grc' dir='ltr'><strong><em>γυναικὸς</em></strong></span> <span class='ocrx_word' id='word_1_85' title='bbox 307 1479 416 1568; x_wconf 75' lang='grc' dir='ltr'><strong><em>ἄνδρα</em></strong></span> <span class='ocrx_word' id='word_1_86' title='bbox 435 1480 679 1565; x_wconf 87' lang='grc' dir='ltr'><strong><em>γεγενημένον,</em></strong></span> <span class='ocrx_word' id='word_1_87' title='bbox 700 1479 914 1563; x_wconf 88' lang='grc' dir='ltr'><strong><em>μυνόγαμον,</em></strong></span> <span class='ocrx_word' id='word_1_88' title='bbox 936 1483 1046 1555; x_wconf 75' lang='grc' dir='ltr'><strong><em>καλοῖς</em></strong></span> <span class='ocrx_word' id='word_1_89' title='bbox 1064 1483 1127 1545; x_wconf 79' lang='grc' dir='ltr'><strong><em>τοῦ</em></strong></span> <span class='ocrx_word' id='word_1_90' title='bbox 1150 1481 1240 1548; x_wconf 91' lang='grc' dir='ltr'><strong><em>ίδίον</em></strong></span> <span class='ocrx_word' id='word_1_91' title='bbox 1261 1509 1293 1562; x_wconf 84' lang='lat'><strong><em>10</em></strong></span> 
     </span>
     <span class='ocr_line' id='line_1_12' title="bbox 122 1569 1241 1668; baseline 0.002 -22"><span class='ocrx_word' id='word_1_92' title='bbox 122 1587 221 1647; x_wconf 79' lang='grc' dir='ltr'><strong><em>οἰκον</em></strong></span> <span class='ocrx_word' id='word_1_93' title='bbox 235 1586 440 1666; x_wconf 73' lang='grc' dir='ltr'><strong><em>προεστῶτα.</em></strong></span> <span class='ocrx_word' id='word_1_94' title='bbox 469 1569 583 1659; x_wconf 73' lang='grc' dir='ltr'><strong><em>ὀὕτως</em></strong></span> <span class='ocrx_word' id='word_1_95' title='bbox 599 1581 665 1668; x_wconf 84' lang='grc' dir='ltr'><strong><em>γάρ</em></strong></span> <span class='ocrx_word' id='word_1_96' title='bbox 683 1579 924 1664; x_wconf 77' lang='grc' dir='ltr'><strong><em>δοκιμαζέσθω,</em></strong></span> <span class='ocrx_word' id='word_1_97' title='bbox 948 1577 1073 1646; x_wconf 86' lang='grc' dir='ltr'><strong><em>ὁπόταν</em></strong></span> <span class='ocrx_word' id='word_1_98' title='bbox 1092 1579 1155 1666; x_wconf 84' lang='grc' dir='ltr'><strong><em>τὴν</em></strong></span> <span class='ocrx_word' id='word_1_99' title='bbox 1172 1605 1241 1666; x_wconf 82' lang='grc' dir='ltr'><strong><em>χει-</em></strong></span> 
     </span>
     <span class='ocr_line' id='line_1_13' title="bbox 122 1679 1241 1769; baseline 0 -21"><span class='ocrx_word' id='word_1_100' title='bbox 122 1687 284 1767; x_wconf 88' lang='grc' dir='ltr'><strong><em>ροτονίαν</em></strong></span> <span class='ocrx_word' id='word_1_101' title='bbox 305 1685 488 1769; x_wconf 71' lang='grc' dir='ltr'><strong><em>λαμβάνων</em></strong></span> <span class='ocrx_word' id='word_1_102' title='bbox 509 1686 709 1751; x_wconf 82' lang='grc' dir='ltr'><strong><em>καθίσταται</em></strong></span> <span class='ocrx_word' id='word_1_103' title='bbox 733 1684 771 1748; x_wconf 85' lang='grc' dir='ltr'><strong><em>έν</em></strong></span> <span class='ocrx_word' id='word_1_104' title='bbox 788 1685 836 1768; x_wconf 76' lang='grc' dir='ltr'><strong><em>τῷ</em></strong></span> <span class='ocrx_word' id='word_1_105' title='bbox 856 1679 947 1769; x_wconf 84' lang='grc' dir='ltr'><strong><em>τόπφ</em></strong></span> <span class='ocrx_word' id='word_1_106' title='bbox 966 1686 1024 1766; x_wconf 82' lang='grc' dir='ltr'><strong><em>τῆς</em></strong></span> <span class='ocrx_word' id='word_1_107' title='bbox 1045 1683 1241 1768; x_wconf 80' lang='grc' dir='ltr'><strong><em>ἐπισκοπῆς,</em></strong></span> 
     </span>
     <span class='ocr_line' id='line_1_14' title="bbox 122 1782 1242 1872; baseline 0 -22"><span class='ocrx_word' id='word_1_108' title='bbox 122 1787 156 1850; x_wconf 88' lang='grc' dir='ltr'><strong><em>εί</em></strong></span> <span class='ocrx_word' id='word_1_109' title='bbox 173 1788 245 1851; x_wconf 76' lang='grc' dir='ltr'><strong><em>ἔστι</em></strong></span> <span class='ocrx_word' id='word_1_110' title='bbox 267 1787 401 1870; x_wconf 89' lang='grc' dir='ltr'><strong><em>πιστός,</em></strong></span> <span class='ocrx_word' id='word_1_111' title='bbox 423 1785 544 1872; x_wconf 83' lang='grc' dir='ltr'><strong><em>σεμνὸς</em></strong></span> <span class='ocrx_word' id='word_1_112' title='bbox 564 1784 622 1852; x_wconf 83' lang='grc' dir='ltr'><strong><em>καλ</em></strong></span> <span class='ocrx_word' id='word_1_113' title='bbox 640 1783 794 1869; x_wconf 84' lang='grc' dir='ltr'><strong><em>κόσμιος,</em></strong></span> <span class='ocrx_word' id='word_1_114' title='bbox 821 1785 853 1848; x_wconf 87' lang='grc' dir='ltr'><strong><em>εί</em></strong></span> <span class='ocrx_word' id='word_1_115' title='bbox 868 1796 1014 1868; x_wconf 82' lang='grc' dir='ltr'><strong><em>γυναῖκα</em></strong></span> <span class='ocrx_word' id='word_1_116' title='bbox 1035 1782 1164 1868; x_wconf 87' lang='grc' dir='ltr'><strong><em>σεμνὴν</em></strong></span> <span class='ocrx_word' id='word_1_117' title='bbox 1184 1783 1242 1850; x_wconf 81' lang='grc' dir='ltr'><strong><em>καί</em></strong></span> 
     </span>
     <span class='ocr_line' id='line_1_15' title="bbox 122 1883 1241 1974; baseline 0.002 -24"><span class='ocrx_word' id='word_1_118' title='bbox 122 1885 248 1971; x_wconf 85' lang='grc' dir='ltr'><strong><em>πιστὴν</em></strong></span> <span class='ocrx_word' id='word_1_119' title='bbox 273 1889 341 1971; x_wconf 76' lang='grc' dir='ltr'><strong><em>ἔχει</em></strong></span> <span class='ocrx_word' id='word_1_120' title='bbox 361 1883 385 1972; x_wconf 89' lang='grc' dir='ltr'><strong><em>ὴ</em></strong></span> <span class='ocrx_word' id='word_1_121' title='bbox 407 1889 556 1974; x_wconf 79' lang='grc' dir='ltr'><strong><em>ἐσχὴκει,</em></strong></span> <span class='ocrx_word' id='word_1_122' title='bbox 585 1890 617 1954; x_wconf 91' lang='grc' dir='ltr'><strong><em>εί</em></strong></span> <span class='ocrx_word' id='word_1_123' title='bbox 636 1889 737 1954; x_wconf 82' lang='grc' dir='ltr'><strong><em>τέκνα</em></strong></span> <span class='ocrx_word' id='word_1_124' title='bbox 764 1887 936 1969; x_wconf 74' lang='grc' dir='ltr'><strong><em>θεοσεβῶς</em></strong></span> <span class='ocrx_word' id='word_1_125' title='bbox 961 1883 1159 1971; x_wconf 79' lang='grc' dir='ltr'><strong><em>άναθρέψας</em></strong></span> <span class='ocrx_word' id='word_1_126' title='bbox 1184 1887 1241 1952; x_wconf 85' lang='grc' dir='ltr'><strong><em>καί</em></strong></span> 
     </span>
     <span class='ocr_line' id='line_1_16' title="bbox 122 1983 1292 2077; baseline -0.001 -24"><span class='ocrx_word' id='word_1_127' title='bbox 122 1989 163 2054; x_wconf 92' lang='grc' dir='ltr'><strong><em>έν</em></strong></span> <span class='ocrx_word' id='word_1_128' title='bbox 183 1993 351 2077; x_wconf 72' lang='grc' dir='ltr'><strong><em>νουθεσίᾳ</em></strong></span> <span class='ocrx_word' id='word_1_129' title='bbox 376 1995 498 2077; x_wconf 85' lang='grc' dir='ltr'><strong><em>κυρίου</em></strong></span> <span class='ocrx_word' id='word_1_130' title='bbox 525 1988 709 2065; x_wconf 80' lang='grc' dir='ltr'><strong><em>παιδεύσας</em></strong></span> <span class='ocrx_word' id='word_1_131' title='bbox 733 1987 942 2073; x_wconf 84' lang='grc' dir='ltr'><strong><em>προήγαγεν,</em></strong></span> <span class='ocrx_word' id='word_1_132' title='bbox 972 1989 1004 2052; x_wconf 87' lang='grc' dir='ltr'><strong><em>εί</em></strong></span> <span class='ocrx_word' id='word_1_133' title='bbox 1026 1988 1063 2053; x_wconf 89' lang='grc' dir='ltr'><strong><em>οί</em></strong></span> <span class='ocrx_word' id='word_1_134' title='bbox 1087 1985 1162 2054; x_wconf 88' lang='grc' dir='ltr'><strong><em>κατ’</em></strong></span> <span class='ocrx_word' id='word_1_135' title='bbox 1190 1983 1241 2053; x_wconf 77' lang='lat' dir='ltr'><strong><em>ol-</em></strong></span> <span class='ocrx_word' id='word_1_136' title='bbox 1260 2013 1292 2066; x_wconf 76' lang='lat'><strong><em>15</em></strong></span> 
     </span>
     <span class='ocr_line' id='line_1_17' title="bbox 121 2085 1240 2176; baseline 0 -22"><span class='ocrx_word' id='word_1_137' title='bbox 121 2113 185 2155; x_wconf 88' lang='grc' dir='ltr'><strong><em>κον</em></strong></span> <span class='ocrx_word' id='word_1_138' title='bbox 205 2087 327 2175; x_wconf 80' lang='grc' dir='ltr'><strong><em>αὐτοῦ,</em></strong></span> <span class='ocrx_word' id='word_1_139' title='bbox 350 2088 593 2176; x_wconf 79' lang='grc' dir='ltr'><strong><em>εὐλαβούμενοι</em></strong></span> <span class='ocrx_word' id='word_1_140' title='bbox 614 2089 671 2156; x_wconf 77' lang='grc' dir='ltr'><strong><em>καί</em></strong></span> <span class='ocrx_word' id='word_1_141' title='bbox 692 2088 930 2174; x_wconf 79' lang='grc' dir='ltr'><strong><em>ἐντρεπόμενοι</em></strong></span> <span class='ocrx_word' id='word_1_142' title='bbox 951 2085 1071 2173; x_wconf 74' lang='grc' dir='ltr'><strong><em>αὐτόν,</em></strong></span> <span class='ocrx_word' id='word_1_143' title='bbox 1097 2085 1240 2173; x_wconf 81' lang='grc' dir='ltr'><strong><em>ὑπήκοοι</em></strong></span> 
     </span>
     <span class='ocr_line' id='line_1_18' title="bbox 120 2187 1240 2280; baseline -0.002 -22"><span class='ocrx_word' id='word_1_144' title='bbox 120 2192 247 2268; x_wconf 82' lang='grc' dir='ltr'><strong><em>πάντες</em></strong></span> <span class='ocrx_word' id='word_1_145' title='bbox 269 2191 356 2258; x_wconf 85' lang='grc' dir='ltr'><strong><em>είσὶν</em></strong></span> <span class='ocrx_word' id='word_1_146' title='bbox 379 2190 481 2279; x_wconf 76' lang='grc' dir='ltr'><strong><em>αὐτῷ.</em></strong></span> <span class='ocrx_word' id='word_1_147' title='bbox 514 2195 547 2258; x_wconf 87' lang='grc' dir='ltr'><strong><em>εί</em></strong></span> <span class='ocrx_word' id='word_1_148' title='bbox 558 2191 624 2280; x_wconf 84' lang='grc' dir='ltr'><strong><em>γὰρ</em></strong></span> <span class='ocrx_word' id='word_1_149' title='bbox 648 2191 685 2257; x_wconf 87' lang='grc' dir='ltr'><strong><em>οί</em></strong></span> <span class='ocrx_word' id='word_1_150' title='bbox 695 2187 779 2256; x_wconf 77' lang='grc' dir='ltr'><strong><em>κατὰ</em></strong></span> <span class='ocrx_word' id='word_1_151' title='bbox 800 2189 910 2275; x_wconf 86' lang='grc' dir='ltr'><strong><em>σάρκα</em></strong></span> <span class='ocrx_word' id='word_1_152' title='bbox 933 2191 1013 2256; x_wconf 88' lang='grc' dir='ltr'><strong><em>ίδιοι</em></strong></span> <span class='ocrx_word' id='word_1_153' title='bbox 1035 2187 1142 2256; x_wconf 74' lang='grc' dir='ltr'><strong><em>αὐτοῦ</em></strong></span> <span class='ocrx_word' id='word_1_154' title='bbox 1155 2188 1240 2275; x_wconf 83' lang='grc' dir='ltr'><strong><em>πρὸς</em></strong></span> 
     </span>
     <span class='ocr_line' id='line_1_19' title="bbox 121 2290 1241 2376; baseline -0.002 -18"><span class='ocrx_word' id='word_1_155' title='bbox 121 2290 227 2358; x_wconf 83' lang='grc' dir='ltr'><strong><em>αάτδν</em></strong></span> <span class='ocrx_word' id='word_1_156' title='bbox 245 2294 470 2374; x_wconf 78' lang='grc' dir='ltr'><strong><em>,στασιάζουσι</em></strong></span> <span class='ocrx_word' id='word_1_157' title='bbox 495 2296 552 2359; x_wconf 86' lang='grc' dir='ltr'><strong><em>καί</em></strong></span> <span class='ocrx_word' id='word_1_158' title='bbox 578 2291 776 2375; x_wconf 75' lang='grc' dir='ltr'><strong><em>ἀπειθοῦσι,</em></strong></span> <span class='ocrx_word' id='word_1_159' title='bbox 806 2293 877 2367; x_wconf 78' lang='grc' dir='ltr'><strong><em>πῶς</em></strong></span> <span class='ocrx_word' id='word_1_160' title='bbox 901 2291 937 2354; x_wconf 90' lang='grc' dir='ltr'><strong><em>οί</em></strong></span> <span class='ocrx_word' id='word_1_161' title='bbox 959 2294 1021 2369; x_wconf 80' lang='grc' dir='ltr'><strong><em>ἔξω</em></strong></span> <span class='ocrx_word' id='word_1_162' title='bbox 1049 2296 1107 2376; x_wconf 85' lang='grc' dir='ltr'><strong><em>τὴς</em></strong></span> <span class='ocrx_word' id='word_1_163' title='bbox 1133 2294 1241 2368; x_wconf 85' lang='grc' dir='ltr'><strong><em>οίκίας</em></strong></span> 
     </span>
     <span class='ocr_line' id='line_1_20' title="bbox 87 2388 1240 2480; baseline -0.002 -20"><span class='ocrx_word' id='word_1_164' title='bbox 87 2392 245 2478; x_wconf 83' lang='grc' dir='ltr'><strong><em>3αάτοῦ,</em></strong></span> <span class='ocrx_word' id='word_1_165' title='bbox 275 2395 357 2462; x_wconf 86' lang='grc' dir='ltr'><strong><em>ίδιοι</em></strong></span> <span class='ocrx_word' id='word_1_166' title='bbox 377 2393 483 2460; x_wconf 80' lang='grc' dir='ltr'><strong><em>αὐτοῦ</em></strong></span> <span class='ocrx_word' id='word_1_167' title='bbox 511 2394 703 2479; x_wconf 87' lang='grc' dir='ltr'><strong><em>γενόμενοι,</em></strong></span> <span class='ocrx_word' id='word_1_168' title='bbox 732 2390 824 2480; x_wconf 74' lang='grc' dir='ltr'><strong><em>αὐτῷ</em></strong></span> <span class='ocrx_word' id='word_1_169' title='bbox 844 2388 1130 2478; x_wconf 75' lang='grc' dir='ltr'><strong><em>ὑποταγὴσονταις</em></strong></span> <span class='ocrx_word' id='word_1_170' title='bbox 1151 2397 1155 2480; x_wconf 91' lang='grc' dir='ltr'>Ι</span> <span class='ocrx_word' id='word_1_171' title='bbox 1180 2395 1240 2458; x_wconf 91' lang='grc' dir='ltr'><strong><em>δο-</em></strong></span> 
     </span>
     <span class='ocr_line' id='line_1_21' title="bbox 121 2487 1291 2581; baseline -0.003 -18"><span class='ocrx_word' id='word_1_172' title='bbox 121 2499 312 2580; x_wconf 77' lang='grc' dir='ltr'><strong><em>κιμαζέσθω</em></strong></span> <span class='ocrx_word' id='word_1_173' title='bbox 337 2487 401 2563; x_wconf 79' lang='grc' dir='ltr'><strong><em>οὖν</em></strong></span> <span class='ocrx_word' id='word_1_174' title='bbox 428 2499 460 2563; x_wconf 90' lang='grc' dir='ltr'><strong><em>εί</em></strong></span> <span class='ocrx_word' id='word_1_175' title='bbox 483 2494 618 2581; x_wconf 81' lang='grc' dir='ltr'><strong><em>ἄμωμός</em></strong></span> <span class='ocrx_word' id='word_1_176' title='bbox 647 2498 718 2563; x_wconf 93' lang='grc' dir='ltr'><strong><em>έστι</em></strong></span> <span class='ocrx_word' id='word_1_177' title='bbox 744 2493 821 2581; x_wconf 77' lang='grc' dir='ltr'><strong><em>περὶ</em></strong></span> <span class='ocrx_word' id='word_1_178' title='bbox 844 2493 902 2572; x_wconf 84' lang='grc' dir='ltr'><strong><em>τάς</em></strong></span> <span class='ocrx_word' id='word_1_179' title='bbox 929 2492 1086 2578; x_wconf 84' lang='grc' dir='ltr'><strong><em>βιωτικάς</em></strong></span> <span class='ocrx_word' id='word_1_180' title='bbox 1111 2499 1238 2581; x_wconf 80' lang='grc' dir='ltr'><strong><em>χρείας·</em></strong></span> <span class='ocrx_word' id='word_1_181' title='bbox 1256 2521 1291 2574; x_wconf 78' lang='lat'><strong><em>20</em></strong></span> 
     </span>
     <span class='ocr_line' id='line_1_22' title="bbox 120 2596 1240 2685; baseline -0.001 -22"><span class='ocrx_word' id='word_1_182' title='bbox 120 2599 304 2684; x_wconf 79' lang='grc' dir='ltr'><strong><em>γέγραπται</em></strong></span> <span class='ocrx_word' id='word_1_183' title='bbox 323 2598 389 2685; x_wconf 75' lang='grc' dir='ltr'><strong><em>γὰρ</em></strong></span> <span class='ocrx_word' id='word_1_184' title='bbox 410 2605 427 2643; x_wconf 80' lang='grc'><strong><em>*</em></strong></span> <span class='ocrx_word' id='word_1_185' title='bbox 445 2604 743 2683; x_wconf 81' lang='grc' dir='ltr'><strong><em>μωμοσκοπείσθαι</em></strong></span> <span class='ocrx_word' id='word_1_186' title='bbox 760 2601 821 2662; x_wconf 86' lang='grc' dir='ltr'><strong><em>τὸν</em></strong></span> <span class='ocrx_word' id='word_1_187' title='bbox 841 2599 1006 2680; x_wconf 84' lang='grc' dir='ltr'><strong><em>μέλλοντα</em></strong></span> <span class='ocrx_word' id='word_1_188' title='bbox 1028 2600 1076 2674; x_wconf 86' lang='grc' dir='ltr'><strong><em>είς</em></strong></span> <span class='ocrx_word' id='word_1_189' title='bbox 1098 2596 1240 2683; x_wconf 85' lang='grc' dir='ltr'><strong><em>ίερωσά-</em></strong></span> 
     </span>
     <span class='ocr_line' id='line_1_23' title="bbox 120 2689 1239 2786; baseline 0 -22"><span class='ocrx_word' id='word_1_190' title='bbox 120 2723 186 2784; x_wconf 87' lang='grc' dir='ltr'><strong><em>νην</em></strong></span> <span class='ocrx_word' id='word_1_191' title='bbox 209 2705 487 2786; x_wconf 73' lang='grc' dir='ltr'><strong><em>προχειρίζεσθαι.</em></strong></span> <span class='ocrx_word' id='word_1_192' title='bbox 525 2697 699 2786; x_wconf 69' lang='grc' dir='ltr'><strong><em>ὑπαρχέτω</em></strong></span> <span class='ocrx_word' id='word_1_193' title='bbox 721 2689 785 2765; x_wconf 82' lang='grc' dir='ltr'><strong><em>οὖν</em></strong></span> <span class='ocrx_word' id='word_1_194' title='bbox 806 2699 864 2765; x_wconf 78' lang='grc' dir='ltr'><strong><em>καί</em></strong></span> <span class='ocrx_word' id='word_1_195' title='bbox 881 2695 1055 2784; x_wconf 87' lang='grc' dir='ltr'><strong><em>άόργητος,</em></strong></span> <span class='ocrx_word' id='word_1_196' title='bbox 1079 2697 1129 2764; x_wconf 84' lang='grc' dir='ltr'><strong><em>ὅτι</em></strong></span> <span class='ocrx_word' id='word_1_197' title='bbox 1150 2700 1239 2782; x_wconf 79' lang='grc' dir='ltr'><strong><em>λέγει</em></strong></span> 
     </span>
     <span class='ocr_line' id='line_1_24' title="bbox 117 2797 1238 2889; baseline 0 -23"><span class='ocrx_word' id='word_1_198' title='bbox 117 2797 140 2885; x_wconf 88' lang='grc' dir='ltr'><strong><em>ὴ</em></strong></span> <span class='ocrx_word' id='word_1_199' title='bbox 161 2804 267 2886; x_wconf 81' lang='grc' dir='ltr'><strong><em>σοφία</em></strong></span> <span class='ocrx_word' id='word_1_200' title='bbox 279 2799 376 2888; x_wconf 89' lang='grc' dir='ltr'><strong><em>Ὀργὴ</em></strong></span> <span class='ocrx_word' id='word_1_201' title='bbox 392 2803 449 2870; x_wconf 82' lang='grc' dir='ltr'><strong><em>καί</em></strong></span> <span class='ocrx_word' id='word_1_202' title='bbox 464 2805 652 2889; x_wconf 84' lang='grc' dir='ltr'><strong><em>φρονίμους</em></strong></span> <span class='ocrx_word' id='word_1_203' title='bbox 673 2798 870 2866; x_wconf 77' lang='grc' dir='ltr'><strong><em>ἀπόλλυσιν.</em></strong></span> <span class='ocrx_word' id='word_1_204' title='bbox 903 2803 987 2866; x_wconf 76' lang='grc' dir='ltr'><strong><em>ἔστω</em></strong></span> <span class='ocrx_word' id='word_1_205' title='bbox 1009 2802 1047 2867; x_wconf 79' lang='grc' dir='ltr'><strong><em>δὲ</em></strong></span> <span class='ocrx_word' id='word_1_206' title='bbox 1070 2797 1238 2884; x_wconf 77' lang='grc' dir='ltr'><strong><em>εὔσπλαγ-</em></strong></span> 
     </span>
     <span class='ocr_line' id='line_1_25' title="bbox 118 2901 1238 2990; baseline 0 -23"><span class='ocrx_word' id='word_1_207' title='bbox 118 2925 215 2986; x_wconf 80' lang='grc' dir='ltr'><strong><em>χνος,</em></strong></span> <span class='ocrx_word' id='word_1_208' title='bbox 241 2901 450 2988; x_wconf 80' lang='grc' dir='ltr'><strong><em>άβάναυσος,</em></strong></span> <span class='ocrx_word' id='word_1_209' title='bbox 472 2901 705 2988; x_wconf 83' lang='grc' dir='ltr'><strong><em>άγαπητικός·-</em></strong></span> <span class='ocrx_word' id='word_1_210' title='bbox 720 2901 771 2967; x_wconf 84' lang='grc' dir='ltr'><strong><em>ὅτι</em></strong></span> <span class='ocrx_word' id='word_1_211' title='bbox 793 2903 881 2986; x_wconf 84' lang='grc' dir='ltr'><strong><em>λέγει</em></strong></span> <span class='ocrx_word' id='word_1_212' title='bbox 908 2901 1025 2988; x_wconf 84' lang='grc' dir='ltr'><strong><em>κύριος</em></strong></span> <span class='ocrx_word' id='word_1_213' title='bbox 1048 2901 1104 2968; x_wconf 83' lang='grc' dir='ltr'><strong><em>Ἐν</em></strong></span> <span class='ocrx_word' id='word_1_214' title='bbox 1129 2902 1238 2990; x_wconf 83' lang='grc' dir='ltr'><strong><em>τοάτφ</em></strong></span> 
     </span>
     <span class='ocr_line' id='line_1_26' title="bbox 117 3001 1289 3089; baseline -0.001 -19"><span class='ocrx_word' id='word_1_215' title='bbox 117 3002 311 3086; x_wconf 72' lang='grc' dir='ltr'><strong><em>γνώσονται</em></strong></span> <span class='ocrx_word' id='word_1_216' title='bbox 333 3006 456 3082; x_wconf 85' lang='grc' dir='ltr'><strong><em>πάντες</em></strong></span> <span class='ocrx_word' id='word_1_217' title='bbox 476 3003 526 3071; x_wconf 82' lang='grc' dir='ltr'><strong><em>δτι</em></strong></span> <span class='ocrx_word' id='word_1_218' title='bbox 550 3002 623 3089; x_wconf 78' lang='grc' dir='ltr'><strong><em>ἐμοὶ</em></strong></span> <span class='ocrx_word' id='word_1_219' title='bbox 644 3009 797 3088; x_wconf 86' lang='grc' dir='ltr'><strong><em>μαθηταί</em></strong></span> <span class='ocrx_word' id='word_1_220' title='bbox 815 3005 901 3088; x_wconf 89' lang='grc' dir='ltr'><strong><em>έστε,</em></strong></span> <span class='ocrx_word' id='word_1_221' title='bbox 925 3001 985 3072; x_wconf 85' lang='grc' dir='ltr'><strong><em>έάν</em></strong></span> <span class='ocrx_word' id='word_1_222' title='bbox 1005 3002 1155 3088; x_wconf 84' lang='grc' dir='ltr'><strong><em>άγαπάτε</em></strong></span> <span class='ocrx_word' id='word_1_223' title='bbox 1176 3002 1237 3069; x_wconf 85' lang='grc' dir='ltr'><strong><em>άλ-</em></strong></span> <span class='ocrx_word' id='word_1_224' title='bbox 1254 3027 1289 3080; x_wconf 66' lang='grc' dir='ltr'><strong><em>γε</em></strong></span> 
     </span>
     <span class='ocr_line' id='line_1_27' title="bbox 118 3101 1237 3192; baseline 0 -22"><span class='ocrx_word' id='word_1_225' title='bbox 118 3107 255 3192; x_wconf 90' lang='grc' dir='ltr'><strong><em>λη’λονς.</em></strong></span> <span class='ocrx_word' id='word_1_226' title='bbox 289 3110 373 3174; x_wconf 77' lang='grc' dir='ltr'><strong><em>ἔστω</em></strong></span> <span class='ocrx_word' id='word_1_227' title='bbox 392 3106 450 3174; x_wconf 83' lang='grc' dir='ltr'><strong><em>καί</em></strong></span> <span class='ocrx_word' id='word_1_228' title='bbox 471 3105 706 3192; x_wconf 84' lang='grc' dir='ltr'><strong><em>εὐμετάδοτος,</em></strong></span> <span class='ocrx_word' id='word_1_229' title='bbox 727 3105 924 3192; x_wconf 85' lang='grc' dir='ltr'><strong><em>φιλόχηρος,</em></strong></span> <span class='ocrx_word' id='word_1_230' title='bbox 944 3107 1132 3190; x_wconf 80' lang='grc' dir='ltr'><strong><em>φιλόξενος,</em></strong></span> <span class='ocrx_word' id='word_1_231' title='bbox 1151 3101 1237 3189; x_wconf 83' lang='grc' dir='ltr'><strong><em>ὑπη-</em></strong></span> 
     </span>
     <span class='ocr_line' id='line_1_28' title="bbox 118 3202 1238 3293; baseline -0.002 -19"><span class='ocrx_word' id='word_1_232' title='bbox 118 3207 263 3293; x_wconf 86' lang='grc' dir='ltr'><strong><em>ρετικός,</em></strong></span> <span class='ocrx_word' id='word_1_233' title='bbox 285 3208 498 3293; x_wconf 83' lang='grc' dir='ltr'><strong><em>εὐδιάκονος,</em></strong></span> <span class='ocrx_word' id='word_1_234' title='bbox 523 3205 724 3292; x_wconf 84' lang='grc' dir='ltr'><strong><em>εὔσκυλτος,</em></strong></span> <span class='ocrx_word' id='word_1_235' title='bbox 753 3205 1036 3292; x_wconf 80' lang='grc' dir='ltr'><strong><em>άνεπαίσγυντος,</em></strong></span> <span class='ocrx_word' id='word_1_236' title='bbox 1061 3204 1157 3284; x_wconf 80' lang='grc' dir='ltr'><strong><em>είδάς</em></strong></span> <span class='ocrx_word' id='word_1_237' title='bbox 1178 3202 1238 3272; x_wconf 82' lang='grc' dir='ltr'><strong><em>τὸν</em></strong></span> 
     </span>
    </p>
   </div>
   <div class='ocr_carea' id='block_1_3' title="bbox 185 3359 1235 3515">
    <p class='ocr_par' dir='ltr' id='par_1_3' title="bbox 185 3359 1235 3515">
     <span class='ocr_line' id='line_1_29' title="bbox 190 3359 1235 3432; baseline -0.003 -17"><span class='ocrx_word' id='word_1_238' title='bbox 190 3365 397 3427; x_wconf 46' lang='lat' dir='ltr'><strong><em>matthat&gt;</em></strong></span> <span class='ocrx_word' id='word_1_239' title='bbox 421 3364 426 3432; x_wconf 97' lang='grc' dir='ltr'>Ι</span> <span class='ocrx_word' id='word_1_240' title='bbox 451 3365 632 3430; x_wconf 60' lang='grc'><strong><em>4199915,</em></strong></span> <span class='ocrx_word' id='word_1_241' title='bbox 656 3365 673 3415; x_wconf 88' lang='grc'>8</span> <span class='ocrx_word' id='word_1_242' title='bbox 696 3370 702 3426; x_wconf 87' lang='grc' dir='ltr'>Ι</span> <span class='ocrx_word' id='word_1_243' title='bbox 727 3362 943 3428; x_wconf 78' lang='grc' dir='ltr'><strong><em>ΊΤίωα9,6</em></strong></span> <span class='ocrx_word' id='word_1_244' title='bbox 966 3361 970 3430; x_wconf 93' lang='grc' dir='ltr'>Ι</span> <span class='ocrx_word' id='word_1_245' title='bbox 994 3362 1153 3426; x_wconf 69' lang='grc' dir='ltr'><strong><em>81ιαο14,</em></strong></span> <span class='ocrx_word' id='word_1_246' title='bbox 1175 3359 1235 3430; x_wconf 80' lang='grc'><strong><em>111</em></strong></span> 
     </span>
     <span class='ocr_line' id='line_1_30' title="bbox 185 3446 956 3515; baseline 0 -15"><span class='ocrx_word' id='word_1_247' title='bbox 185 3446 956 3515; x_wconf 65' lang='lat' dir='ltr'><strong>21Levit21‚171231&gt;r0v15‚112410h13,35</strong></span> 
     </span>
    </p>
   </div>
   <div class='ocr_carea' id='block_1_4' title="bbox 115 3593 1237 4435">
    <p class='ocr_par' dir='ltr' id='par_1_4' title="bbox 115 3593 1237 4435">
     <span class='ocr_line' id='line_1_31' title="bbox 120 3593 1237 3669; baseline 0 -17"><span class='ocrx_word' id='word_1_248' title='bbox 120 3601 132 3652; x_wconf 97' lang='grc'><strong>1</strong></span> <span class='ocrx_word' id='word_1_249' title='bbox 152 3593 237 3653; x_wconf 82' lang='grc' dir='ltr'><strong><em>αάτολ</em></strong></span> <span class='ocrx_word' id='word_1_250' title='bbox 254 3607 318 3668; x_wconf 75' lang='lat' dir='ltr'><strong><em>post</em></strong></span> <span class='ocrx_word' id='word_1_251' title='bbox 334 3601 410 3654; x_wconf 76' lang='grc' dir='ltr'><strong><em>θεοῦ</em></strong></span> <span class='ocrx_word' id='word_1_252' title='bbox 426 3604 477 3668; x_wconf 71' lang='lat'><strong><em>²5</em></strong></span> <span class='ocrx_word' id='word_1_253' title='bbox 501 3603 506 3667; x_wconf 94' lang='grc' dir='ltr'>Ι</span> <span class='ocrx_word' id='word_1_254' title='bbox 530 3603 547 3656; x_wconf 83' lang='grc'><strong>3</strong></span> <span class='ocrx_word' id='word_1_255' title='bbox 564 3595 802 3669; x_wconf 84' lang='grc' dir='ltr'><strong><em>κεκαρθαρμένος</em></strong></span> <span class='ocrx_word' id='word_1_256' title='bbox 819 3617 858 3668; x_wconf 84' lang='lat' dir='ltr'><strong><em>w,</em></strong></span> <span class='ocrx_word' id='word_1_257' title='bbox 880 3596 1130 3668; x_wconf 80' lang='grc' dir='ltr'><strong><em>κεκαθαρισμένος</em></strong></span> <span class='ocrx_word' id='word_1_258' title='bbox 1145 3606 1178 3666; x_wconf 76' lang='grc' dir='ltr'><strong><em>γι</em></strong></span> <span class='ocrx_word' id='word_1_259' title='bbox 1197 3600 1202 3669; x_wconf 95' lang='grc' dir='ltr'>Ι</span> <span class='ocrx_word' id='word_1_260' title='bbox 1220 3601 1237 3652; x_wconf 78' lang='grc' dir='ltr'><strong><em>δ</em></strong></span> 
     </span>
     <span class='ocr_line' id='line_1_32' title="bbox 118 3677 1235 3754; baseline -0.001 -15"><span class='ocrx_word' id='word_1_261' title='bbox 118 3681 313 3753; x_wconf 75' lang='grc' dir='ltr'><strong><em>τηφάλσιοςγ</em></strong></span> <span class='ocrx_word' id='word_1_262' title='bbox 332 3687 337 3753; x_wconf 95' lang='grc' dir='ltr'>Ι</span> <span class='ocrx_word' id='word_1_263' title='bbox 356 3680 527 3754; x_wconf 80' lang='grc' dir='ltr'><strong><em>Ίνεάφντον</em></strong></span> <span class='ocrx_word' id='word_1_264' title='bbox 543 3704 562 3753; x_wconf 77' lang='lat' dir='ltr'>y</span> <span class='ocrx_word' id='word_1_265' title='bbox 581 3687 586 3754; x_wconf 99' lang='grc' dir='ltr'>Ι</span> <span class='ocrx_word' id='word_1_266' title='bbox 605 3688 622 3738; x_wconf 90' lang='grc'><strong>8</strong></span> <span class='ocrx_word' id='word_1_267' title='bbox 639 3682 690 3739; x_wconf 79' lang='grc' dir='ltr'><strong><em>καί</em></strong></span> <span class='ocrx_word' id='word_1_268' title='bbox 708 3685 820 3753; x_wconf 80' lang='grc' dir='ltr'><strong><em>παγίδα</em></strong></span> <span class='ocrx_word' id='word_1_269' title='bbox 836 3685 899 3753; x_wconf 56' lang='grc'><strong><em>4-1</em></strong></span> <span class='ocrx_word' id='word_1_270' title='bbox 917 3687 922 3751; x_wconf 94' lang='grc' dir='ltr'>Ι</span> <span class='ocrx_word' id='word_1_271' title='bbox 941 3686 958 3736; x_wconf 90' lang='grc'><strong>8</strong></span> <span class='ocrx_word' id='word_1_272' title='bbox 976 3677 1086 3738; x_wconf 78' lang='grc' dir='ltr'><strong><em>έαυτάν</em></strong></span> <span class='ocrx_word' id='word_1_273' title='bbox 1103 3689 1128 3738; x_wconf 81' lang='lat' dir='ltr'>X</span> <span class='ocrx_word' id='word_1_274' title='bbox 1142 3687 1148 3751; x_wconf 98' lang='grc' dir='ltr'>Ι</span> <span class='ocrx_word' id='word_1_275' title='bbox 1167 3687 1185 3738; x_wconf 95' lang='grc'><strong>9</strong></span> <span class='ocrx_word' id='word_1_276' title='bbox 1202 3681 1235 3738; x_wconf 74' lang='grc' dir='ltr'><strong><em>δὲ</em></strong></span> 
     </span>
     <span class='ocr_line' id='line_1_33' title="bbox 116 3759 1236 3840; baseline -0.001 -18"><span class='ocrx_word' id='word_1_277' title='bbox 116 3771 151 3834; x_wconf 97' lang='grc'>&gt;</span> <span class='ocrx_word' id='word_1_278' title='bbox 166 3787 187 3836; x_wconf 79' lang='lat' dir='ltr'><strong>y</strong></span> <span class='ocrx_word' id='word_1_279' title='bbox 202 3774 206 3837; x_wconf 92' lang='grc' dir='ltr'>Ι</span> <span class='ocrx_word' id='word_1_280' title='bbox 224 3771 256 3822; x_wconf 88' lang='grc'><strong><em>10</em></strong></span> <span class='ocrx_word' id='word_1_281' title='bbox 273 3766 410 3838; x_wconf 79' lang='grc' dir='ltr'><strong><em>γυναικὸς</em></strong></span> <span class='ocrx_word' id='word_1_282' title='bbox 426 3777 489 3839; x_wconf 73' lang='lat' dir='ltr'><strong>post</strong></span> <span class='ocrx_word' id='word_1_283' title='bbox 505 3767 697 3840; x_wconf 76' lang='grc' dir='ltr'><strong><em>γεγενημένον</em></strong></span> <span class='ocrx_word' id='word_1_284' title='bbox 713 3773 763 3839; x_wconf 70' lang='grc' dir='ltr'><strong><em>γίΙ</em></strong></span> <span class='ocrx_word' id='word_1_285' title='bbox 779 3771 812 3823; x_wconf 88' lang='lat'><strong><em>10</em></strong></span> <span class='ocrx_word' id='word_1_286' title='bbox 828 3766 996 3840; x_wconf 76' lang='grc' dir='ltr'><strong><em>μονογάμου</em></strong></span> <span class='ocrx_word' id='word_1_287' title='bbox 1012 3771 1044 3838; x_wconf 76' lang='lat' dir='ltr'><strong><em>tl</em></strong></span> <span class='ocrx_word' id='word_1_288' title='bbox 1061 3772 1089 3822; x_wconf 92' lang='lat' dir='ltr'><strong><em>ll</em></strong></span> <span class='ocrx_word' id='word_1_289' title='bbox 1109 3759 1183 3824; x_wconf 73' lang='grc' dir='ltr'><strong><em>οὕτω</em></strong></span> <span class='ocrx_word' id='word_1_290' title='bbox 1200 3776 1213 3821; x_wconf 80' lang='lat' dir='ltr'><strong>t</strong></span> <span class='ocrx_word' id='word_1_291' title='bbox 1229 3771 1236 3837; x_wconf 96' lang='grc' dir='ltr'>Ι</span> 
     </span>
     <span class='ocr_line' id='line_1_34' title="bbox 119 3849 1236 3924; baseline -0.001 -17"><span class='ocrx_word' id='word_1_292' title='bbox 119 3857 159 3910; x_wconf 86' lang='grc' dir='ltr'><strong><em>ΙΙ.</em></strong></span> <span class='ocrx_word' id='word_1_293' title='bbox 175 3857 207 3907; x_wconf 82' lang='lat'><strong><em>12</em></strong></span> <span class='ocrx_word' id='word_1_294' title='bbox 220 3856 448 3922; x_wconf 73' lang='grc' dir='ltr'><strong><em>γειροτονείανγ</em></strong></span> <span class='ocrx_word' id='word_1_295' title='bbox 463 3857 467 3923; x_wconf 97' lang='grc' dir='ltr'>Ι</span> <span class='ocrx_word' id='word_1_296' title='bbox 484 3857 516 3910; x_wconf 82' lang='grc'><strong><em>18</em></strong></span> <span class='ocrx_word' id='word_1_297' title='bbox 534 3851 610 3909; x_wconf 67' lang='grc' dir='ltr'><strong><em>ἔστιν</em></strong></span> <span class='ocrx_word' id='word_1_298' title='bbox 621 3873 657 3922; x_wconf 80' lang='lat' dir='ltr'><strong><em>xy</em></strong></span> <span class='ocrx_word' id='word_1_299' title='bbox 671 3854 676 3920; x_wconf 91' lang='grc' dir='ltr'>Ι</span> <span class='ocrx_word' id='word_1_300' title='bbox 691 3855 723 3908; x_wconf 83' lang='lat'><strong><em>13</em></strong></span> <span class='ocrx_word' id='word_1_301' title='bbox 736 3849 839 3923; x_wconf 78' lang='grc' dir='ltr'><strong><em>σεμνός</em></strong></span> <span class='ocrx_word' id='word_1_302' title='bbox 850 3851 948 3918; x_wconf 81' lang='grc' dir='ltr'><strong><em>πιστὸς</em></strong></span> <span class='ocrx_word' id='word_1_303' title='bbox 960 3855 1011 3909; x_wconf 82' lang='grc' dir='ltr'><strong><em>καλ</em></strong></span> <span class='ocrx_word' id='word_1_304' title='bbox 1023 3854 1140 3924; x_wconf 81' lang='grc' dir='ltr'><strong><em>κόσμιος</em></strong></span> <span class='ocrx_word' id='word_1_305' title='bbox 1152 3861 1172 3921; x_wconf 78' lang='lat' dir='ltr'><strong><em>t,</em></strong></span> <span class='ocrx_word' id='word_1_306' title='bbox 1190 3872 1236 3906; x_wconf 89' lang='grc' dir='ltr'><strong><em>πι-</em></strong></span> 
     </span>
     <span class='ocr_line' id='line_1_35' title="bbox 116 3933 1237 4010; baseline -0.001 -18"><span class='ocrx_word' id='word_1_307' title='bbox 116 3935 182 4002; x_wconf 84' lang='grc' dir='ltr'><strong><em>στὸς</em></strong></span> <span class='ocrx_word' id='word_1_308' title='bbox 200 3937 252 3992; x_wconf 83' lang='grc' dir='ltr'><strong><em>καλ</em></strong></span> <span class='ocrx_word' id='word_1_309' title='bbox 270 3933 387 4008; x_wconf 82' lang='grc' dir='ltr'><strong><em>κόσμιος</em></strong></span> <span class='ocrx_word' id='word_1_310' title='bbox 404 3937 454 3994; x_wconf 77' lang='grc' dir='ltr'><strong><em>καί</em></strong></span> <span class='ocrx_word' id='word_1_311' title='bbox 472 3937 574 4009; x_wconf 82' lang='grc' dir='ltr'><strong><em>σεμνίς</em></strong></span> <span class='ocrx_word' id='word_1_312' title='bbox 590 3959 609 4006; x_wconf 84' lang='lat' dir='ltr'>y</span> <span class='ocrx_word' id='word_1_313' title='bbox 633 3941 638 4007; x_wconf 93' lang='grc' dir='ltr'>Ι</span> <span class='ocrx_word' id='word_1_314' title='bbox 661 3940 694 3994; x_wconf 83' lang='grc'><strong><em>13</em></strong></span> <span class='ocrx_word' id='word_1_315' title='bbox 716 3936 823 4009; x_wconf 86' lang='grc' dir='ltr'><strong><em>σεμνὴν</em></strong></span> <span class='ocrx_word' id='word_1_316' title='bbox 846 3948 891 4006; x_wconf 81' lang='lat' dir='ltr'><strong><em>xt,</em></strong></span> <span class='ocrx_word' id='word_1_317' title='bbox 920 3936 1043 4010; x_wconf 78' lang='grc' dir='ltr'><strong><em>συνετὴν</em></strong></span> <span class='ocrx_word' id='word_1_318' title='bbox 1064 3959 1105 4008; x_wconf 82' lang='lat' dir='ltr'><strong><em>w,</em></strong></span> <span class='ocrx_word' id='word_1_319' title='bbox 1132 3933 1237 4007; x_wconf 67' lang='grc' dir='ltr'><strong><em>πισπὴκ</em></strong></span> 
     </span>
     <span class='ocr_line' id='line_1_36' title="bbox 115 4019 1236 4094; baseline -0.001 -17"><span class='ocrx_word' id='word_1_320' title='bbox 115 4041 133 4090; x_wconf 77' lang='lat' dir='ltr'><strong>y</strong></span> <span class='ocrx_word' id='word_1_321' title='bbox 147 4028 153 4091; x_wconf 96' lang='grc' dir='ltr'>Ι</span> <span class='ocrx_word' id='word_1_322' title='bbox 171 4026 204 4077; x_wconf 80' lang='lat'><strong><em>14</em></strong></span> <span class='ocrx_word' id='word_1_323' title='bbox 220 4019 327 4092; x_wconf 77' lang='grc' dir='ltr'><strong><em>πιστὴν</em></strong></span> <span class='ocrx_word' id='word_1_324' title='bbox 342 4032 406 4090; x_wconf 74' lang='grc' dir='ltr'><strong><em>ινιτ,</em></strong></span> <span class='ocrx_word' id='word_1_325' title='bbox 425 4020 533 4093; x_wconf 84' lang='grc' dir='ltr'><strong><em>σεμνὴν</em></strong></span> <span class='ocrx_word' id='word_1_326' title='bbox 549 4043 567 4092; x_wconf 78' lang='lat' dir='ltr'><strong>y</strong></span> <span class='ocrx_word' id='word_1_327' title='bbox 588 4027 591 4090; x_wconf 94' lang='grc' dir='ltr'>Ι</span> <span class='ocrx_word' id='word_1_328' title='bbox 613 4025 645 4077; x_wconf 79' lang='lat'><strong><em>14</em></strong></span> <span class='ocrx_word' id='word_1_329' title='bbox 662 4021 722 4092; x_wconf 74' lang='grc' dir='ltr'><strong><em>ἔχοι</em></strong></span> <span class='ocrx_word' id='word_1_330' title='bbox 743 4028 775 4091; x_wconf 70' lang='lat' dir='ltr'><strong><em>t!</em></strong></span> <span class='ocrx_word' id='word_1_331' title='bbox 792 4027 824 4077; x_wconf 82' lang='lat'><strong><em>14</em></strong></span> <span class='ocrx_word' id='word_1_332' title='bbox 841 4021 960 4094; x_wconf 74' lang='grc' dir='ltr'><strong><em>έσγηκεν</em></strong></span> <span class='ocrx_word' id='word_1_333' title='bbox 976 4031 1008 4089; x_wconf 63' lang='lat' dir='ltr'><strong><em>t!</em></strong></span> <span class='ocrx_word' id='word_1_334' title='bbox 1024 4027 1056 4078; x_wconf 93' lang='grc'><strong><em>18</em></strong></span> <span class='ocrx_word' id='word_1_335' title='bbox 1072 4020 1236 4088; x_wconf 73' lang='grc' dir='ltr'><strong><em>στασιάζον</em></strong></span> 
     </span>
     <span class='ocr_line' id='line_1_37' title="bbox 116 4100 1237 4178; baseline -0.001 -18"><span class='ocrx_word' id='word_1_336' title='bbox 116 4123 164 4161; x_wconf 80' lang='grc' dir='ltr'><strong><em>σιν</em></strong></span> <span class='ocrx_word' id='word_1_337' title='bbox 179 4125 217 4175; x_wconf 81' lang='lat' dir='ltr'><strong><em>xy</em></strong></span> <span class='ocrx_word' id='word_1_338' title='bbox 232 4110 238 4174; x_wconf 94' lang='grc' dir='ltr'>Ι</span> <span class='ocrx_word' id='word_1_339' title='bbox 255 4107 287 4160; x_wconf 90' lang='grc'><strong><em>18</em></strong></span> <span class='ocrx_word' id='word_1_340' title='bbox 304 4107 355 4160; x_wconf 82' lang='grc' dir='ltr'><strong><em>καλ</em></strong></span> <span class='ocrx_word' id='word_1_341' title='bbox 371 4117 439 4174; x_wconf 80' lang='lat' dir='ltr'><strong><em>th,</em></strong></span> <span class='ocrx_word' id='word_1_342' title='bbox 458 4100 478 4177; x_wconf 83' lang='grc' dir='ltr'><strong><em>ὴ</em></strong></span> <span class='ocrx_word' id='word_1_343' title='bbox 494 4128 513 4177; x_wconf 84' lang='lat' dir='ltr'><strong>y</strong></span> <span class='ocrx_word' id='word_1_344' title='bbox 531 4111 535 4177; x_wconf 92' lang='grc' dir='ltr'>Ι</span> <span class='ocrx_word' id='word_1_345' title='bbox 558 4111 589 4162; x_wconf 89' lang='grc'><strong><em>18</em></strong></span> <span class='ocrx_word' id='word_1_346' title='bbox 606 4102 750 4164; x_wconf 80' lang='grc' dir='ltr'><strong><em>άκιθοῦσι</em></strong></span> <span class='ocrx_word' id='word_1_347' title='bbox 767 4129 807 4176; x_wconf 86' lang='lat' dir='ltr'><strong><em>w,</em></strong></span> <span class='ocrx_word' id='word_1_348' title='bbox 823 4103 1001 4165; x_wconf 71' lang='grc' dir='ltr'><strong><em>ἀπειθοῦσιν</em></strong></span> <span class='ocrx_word' id='word_1_349' title='bbox 1018 4127 1055 4178; x_wconf 72' lang='grc' dir='ltr'><strong><em>ιγ</em></strong></span> <span class='ocrx_word' id='word_1_350' title='bbox 1070 4113 1074 4176; x_wconf 90' lang='grc' dir='ltr'>Ι</span> <span class='ocrx_word' id='word_1_351' title='bbox 1095 4109 1128 4162; x_wconf 91' lang='grc'><strong><em>19</em></strong></span> <span class='ocrx_word' id='word_1_352' title='bbox 1145 4101 1237 4161; x_wconf 81' lang='grc' dir='ltr'><strong><em>κάτοδ</em></strong></span> 
     </span>
     <span class='ocr_line' id='line_1_38' title="bbox 117 4183 1234 4262; baseline 0 -18"><span class='ocrx_word' id='word_1_353' title='bbox 117 4195 193 4258; x_wconf 71' lang='lat' dir='ltr'><strong>prius</strong></span> <span class='ocrx_word' id='word_1_354' title='bbox 209 4200 269 4260; x_wconf 64' lang='lat'><strong><em>¹52,</em></strong></span> <span class='ocrx_word' id='word_1_355' title='bbox 287 4183 383 4246; x_wconf 82' lang='grc' dir='ltr'><strong><em>αάτάν</em></strong></span> <span class='ocrx_word' id='word_1_356' title='bbox 398 4211 424 4244; x_wconf 82' lang='lat' dir='ltr'>w</span> <span class='ocrx_word' id='word_1_357' title='bbox 438 4195 442 4260; x_wconf 94' lang='grc' dir='ltr'>Ι</span> <span class='ocrx_word' id='word_1_358' title='bbox 460 4194 492 4246; x_wconf 93' lang='grc'><strong><em>19</em></strong></span> <span class='ocrx_word' id='word_1_359' title='bbox 503 4185 596 4248; x_wconf 81' lang='grc' dir='ltr'><strong><em>αάτοά</em></strong></span> <span class='ocrx_word' id='word_1_360' title='bbox 612 4196 728 4248; x_wconf 74' lang='lat' dir='ltr'>alterum</span> <span class='ocrx_word' id='word_1_361' title='bbox 744 4197 780 4261; x_wconf 96' lang='lat'>&gt;</span> <span class='ocrx_word' id='word_1_362' title='bbox 795 4203 836 4262; x_wconf 65' lang='grc' dir='ltr'><strong><em>γε,</em></strong></span> <span class='ocrx_word' id='word_1_363' title='bbox 853 4189 931 4249; x_wconf 79' lang='grc' dir='ltr'><strong><em>μάτευ’</em></strong></span> <span class='ocrx_word' id='word_1_364' title='bbox 946 4215 964 4250; x_wconf 86' lang='lat' dir='ltr'>x</span> <span class='ocrx_word' id='word_1_365' title='bbox 978 4197 983 4262; x_wconf 97' lang='grc' dir='ltr'>Ι</span> <span class='ocrx_word' id='word_1_366' title='bbox 1001 4197 1032 4248; x_wconf 91' lang='grc'><strong><em>19</em></strong></span> <span class='ocrx_word' id='word_1_367' title='bbox 1049 4187 1126 4261; x_wconf 75' lang='grc' dir='ltr'><strong><em>αάτῷ</em></strong></span> <span class='ocrx_word' id='word_1_368' title='bbox 1141 4195 1175 4257; x_wconf 95' lang='grc'>&gt;</span> <span class='ocrx_word' id='word_1_369' title='bbox 1191 4209 1209 4244; x_wconf 87' lang='lat' dir='ltr'>x</span> <span class='ocrx_word' id='word_1_370' title='bbox 1226 4184 1234 4256; x_wconf 96' lang='grc' dir='ltr'>Ι</span> 
     </span>
     <span class='ocr_line' id='line_1_39' title="bbox 117 4269 1234 4351; baseline 0.006 -24"><span class='ocrx_word' id='word_1_371' title='bbox 117 4275 150 4327; x_wconf 78' lang='lat'><strong><em>20</em></strong></span> <span class='ocrx_word' id='word_1_372' title='bbox 168 4269 246 4330; x_wconf 86' lang='grc' dir='ltr'><strong><em>έστιν</em></strong></span> <span class='ocrx_word' id='word_1_373' title='bbox 263 4293 299 4342; x_wconf 78' lang='lat' dir='ltr'><strong><em>xy</em></strong></span> <span class='ocrx_word' id='word_1_374' title='bbox 314 4277 319 4344; x_wconf 95' lang='grc' dir='ltr'>Ι</span> <span class='ocrx_word' id='word_1_375' title='bbox 334 4278 369 4330; x_wconf 79' lang='lat'><strong><em>20</em></strong></span> <span class='ocrx_word' id='word_1_376' title='bbox 379 4273 458 4344; x_wconf 73' lang='grc' dir='ltr'><strong><em>παρὰ</em></strong></span> <span class='ocrx_word' id='word_1_377' title='bbox 470 4297 488 4331; x_wconf 85' lang='lat' dir='ltr'>x</span> <span class='ocrx_word' id='word_1_378' title='bbox 503 4282 507 4346; x_wconf 93' lang='grc' dir='ltr'>Ι</span> <span class='ocrx_word' id='word_1_379' title='bbox 522 4281 554 4331; x_wconf 82' lang='lat'><strong><em>21</em></strong></span> <span class='ocrx_word' id='word_1_380' title='bbox 572 4275 611 4348; x_wconf 92' lang='grc' dir='ltr'><strong><em>μὴ</em></strong></span> <span class='ocrx_word' id='word_1_381' title='bbox 628 4281 662 4349; x_wconf 90' lang='grc' dir='ltr'><strong><em>-Ι-</em></strong></span> <span class='ocrx_word' id='word_1_382' title='bbox 679 4287 690 4333; x_wconf 82' lang='lat' dir='ltr'><strong>t</strong></span> <span class='ocrx_word' id='word_1_383' title='bbox 704 4285 709 4347; x_wconf 90' lang='grc' dir='ltr'>Ι</span> <span class='ocrx_word' id='word_1_384' title='bbox 723 4282 755 4333; x_wconf 83' lang='grc'><strong><em>21</em></strong></span> <span class='ocrx_word' id='word_1_385' title='bbox 774 4283 1013 4351; x_wconf 84' lang='grc' dir='ltr'><strong><em>μωμοσκοπεῖσθε</em></strong></span> <span class='ocrx_word' id='word_1_386' title='bbox 1030 4281 1108 4346; x_wconf 78' lang='grc'><strong><em>1123</em></strong></span> <span class='ocrx_word' id='word_1_387' title='bbox 1127 4277 1234 4346; x_wconf 77' lang='grc' dir='ltr'><strong><em>φρονή-</em></strong></span> 
     </span>
     <span class='ocr_line' id='line_1_40' title="bbox 116 4353 1208 4435; baseline 0.007 -23"><span class='ocrx_word' id='word_1_388' title='bbox 116 4375 189 4424; x_wconf 84' lang='grc' dir='ltr'><strong><em>μους</em></strong></span> <span class='ocrx_word' id='word_1_389' title='bbox 205 4379 223 4427; x_wconf 83' lang='lat' dir='ltr'>y</span> <span class='ocrx_word' id='word_1_390' title='bbox 248 4359 254 4427; x_wconf 90' lang='grc' dir='ltr'>Ι</span> <span class='ocrx_word' id='word_1_391' title='bbox 273 4361 308 4413; x_wconf 76' lang='lat'><strong><em>23</em></strong></span> <span class='ocrx_word' id='word_1_392' title='bbox 325 4353 461 4414; x_wconf 81' lang='grc' dir='ltr'><strong><em>άπόλλυσι</em></strong></span> <span class='ocrx_word' id='word_1_393' title='bbox 482 4366 515 4414; x_wconf 87' lang='lat' dir='ltr'>W</span> <span class='ocrx_word' id='word_1_394' title='bbox 530 4368 535 4430; x_wconf 97' lang='grc' dir='ltr'>Ι</span> <span class='ocrx_word' id='word_1_395' title='bbox 549 4365 591 4418; x_wconf 76' lang='lat'><strong><em>23.</em></strong></span> <span class='ocrx_word' id='word_1_396' title='bbox 601 4368 634 4418; x_wconf 78' lang='lat'><strong><em>24</em></strong></span> <span class='ocrx_word' id='word_1_397' title='bbox 647 4359 852 4434; x_wconf 74' lang='grc' dir='ltr'><strong><em>εάσιιλαγγοςγ</em></strong></span> <span class='ocrx_word' id='word_1_398' title='bbox 867 4370 871 4434; x_wconf 96' lang='grc' dir='ltr'>Ι</span> <span class='ocrx_word' id='word_1_399' title='bbox 886 4369 974 4420; x_wconf 73' lang='grc'><strong>21127</strong></span> <span class='ocrx_word' id='word_1_400' title='bbox 992 4360 1173 4435; x_wconf 80' lang='grc' dir='ltr'><strong><em>δτηρετηκός</em></strong></span> <span class='ocrx_word' id='word_1_401' title='bbox 1185 4385 1208 4420; x_wconf 82' lang='lat' dir='ltr'><strong>w</strong></span> 
     </span>
    </p>
   </div>
   <div class='ocr_carea' id='block_1_5' title="bbox 0 0 1530 4974">
    <p class='ocr_par' dir='ltr' id='par_1_5' title="bbox 0 0 1530 4974">
     <span class='ocr_line' id='line_1_41' title="bbox 0 0 1530 4974; baseline 0 0"><span class='ocrx_word' id='word_1_402' title='bbox 0 0 1530 4974; x_wconf 95' lang='lat' dir='ltr'><strong><em> </em></strong></span> 
     </span>
    </p>
   </div>
  </div>
 </body>
</html>
