3128 4972
687 433 900 496 ..58-

193 599 368 685 displicere
390 600 548 686 profiteor
556 602 579 679 ¹,
602 608 715 666 temen
738 622 808 666 rem
830 599 865 664 in
888 600 996 666 medio
1019 600 1216 684 relinquam.
1253 601 1396 666 Etiamsi

193 719 279 786 enim
310 743 425 786 revera
456 720 633 806 Epiphanii
664 727 775 786 aetate
813 719 1095 805 quartodecimani
1132 718 1165 784 in
1204 721 1396 786 memoriam

192 838 355 924 passionis
378 839 562 906 dominicae
585 842 710 925 pascha
732 841 970 920 celebrassent,
990 839 1067 904 inde
1090 839 1225 906 minime
1249 840 1396 907 efficere-

192 967 262 1040 tur,
285 961 355 1044 jem
379 961 566 1045 Polycratis
591 960 797 1046 temporibus
828 959 985 1025 ecclesias
1014 959 1157 1024 Asianos
1185 960 1227 1025 ob
1257 961 1396 1027 eandem

192 1082 278 1145 hano
295 1103 426 1145 causam
443 1088 598 1164 quartum
613 1079 778 1145 decimum
795 1080 882 1146 diem
898 1080 1103 1146 observasse.
1143 1081 1206 1146 Per
1223 1080 1288 1146 duo
1308 1081 1396 1146 enim

192 1201 326 1265 saecula
347 1200 553 1264 consuetudo
581 1199 640 1264 illa
660 1199 759 1265 variis
781 1199 887 1265 modis
911 1205 1044 1285 poterat
1067 1200 1273 1265 commutari.
1320 1201 1395 1267 Hoc

192 1327 303 1384 autem
327 1327 455 1385 certum
478 1327 594 1384 est-
617 1320 706 1404 quod
729 1341 770 1384 ex
792 1318 928 1384 Eusebii
951 1319 991 1385 dc
1016 1322 1176 1404 paschate
1200 1319 1285 1385 libro
1313 1321 1395 1386 satis

192 1447 330 1526 apparet
344 1478 398 1521 -,
412 1439 513 1505 etiam
527 1439 694 1505 Nicaenae
711 1439 830 1525 synodi
845 1439 1052 1524 temporibus
1064 1439 1208 1505 Asianos
1223 1441 1394 1521 statuisse,

191 1560 372 1625 Dominum
387 1581 477 1625 more
494 1560 632 1626 Judaico
654 1559 706 1624 die
727 1567 844 1644 quarto
867 1557 994 1624 decimo
1015 1561 1139 1644 pascha
1158 1583 1254 1624 suum
1273 1561 1392 1644 egisse.

191 1681 311 1764 Itaque
341 1688 414 1744 tum
439 1681 572 1764 quidem
597 1680 714 1746 Asiani
737 1679 825 1745 diem
850 1686 1003 1764 quartum
1027 1679 1191 1744 decimum
1220 1679 1395 1746 observare

190 1823 257 1864 non
288 1808 460 1886 poterant,
494 1809 611 1886 utpote
644 1823 708 1885 quo
736 1799 898 1864 Dominus
930 1807 1020 1864 esset
1050 1799 1139 1863 cruci
1169 1799 1302 1865 affixus.
1347 1802 1397 1867 Ut

190 1919 294 2004 igitur
315 1920 494 2005 Epiphanii
522 1919 726 2005 temporibus
750 1918 1033 2003 quartodecimani
1061 1941 1174 1984 revera
1201 1921 1394 2001 statuerint,

190 2038 370 2104 Dominum
394 2038 446 2104 die
470 2047 587 2122 quarto
611 2039 738 2104 decimo
762 2045 929 2103 mortuum
953 2060 1042 2118 esse,
1066 2062 1171 2124 usque
1194 2040 1235 2104 ad
1258 2040 1396 2106 Eusebii

191 2159 324 2242 quidem
347 2165 496 2245 tempora
520 2162 582 2224 hoc
606 2167 695 2224 certe
719 2181 786 2222 non
808 2165 1010 2223 statuerunt.

278 2281 308 2344 7.
333 2279 577 2344 Tnsonoamus
601 2278 742 2363 denique
766 2279 807 2343 de
831 2277 1131 2362 quartodecimanis
1152 2281 1233 2345 haec
1253 2280 1391 2346 refert¹2

191 2405 235 2467 ‘H
248 2401 278 2468 di
295 2405 352 2469 πάν
375 2407 730 2492 Τισσαρισιιαιάεκαταῶν
747 2401 855 2488 αἵρεσις
872 2402 979 2485 ταύτην
999 2402 1142 2468 ὑπόθεσιν
1164 2405 1224 2488 ἔχει.
1252 2401 1325 2489 φασὶ
1345 2407 1396 2472 τὸν

190 2531 386 2615 consperto
401 2531 583 2614 Ἰωάννην,ι’ν
600 2537 634 2616 τῇ
645 2532 732 2616 Ἀσίη
750 2532 925 2615 κηρύξαντα,
941 2532 1055 2609 διδάξαι
1073 2529 1179 2605 αὐτοὺς
1196 2534 1224 2598 ἰν
1240 2540 1275 2616 πῇ
1293 2559 1393 2600 πασσα-

190 2661 394 2744 ρεσκαιδικάτη
412 2664 462 2743 τῆς
478 2662 595 2743 σελήνης
612 2661 770 2726 ἐπιτελέσαι
786 2662 838 2724 τοῦ
856 2659 958 2742 πάσχα
974 2657 1024 2742 τὴν
1040 2659 1153 2742 ἑορτήν·
1176 2664 1273 2734 κακῶς
1292 2660 1322 2727 di
1342 2662 1393 2745 τὴν

191 2787 382 2870 άπσσπολιιιὴν
398 2789 562 2870 νενοηκόπες
579 2789 752 2872 παράδυσιν,
770 2787 819 2870 τὴν
836 2789 887 2870 τῆς
904 2790 1041 2870 κυριακῆι·
1054 2787 1243 2864 ἀναστάσεως
1259 2789 1309 2855 οὐκ
1324 2789 1393 2855 άνα-

190 2917 321 2999 μένουσιν
339 2916 457 2999 ἡμέραν,
474 2915 551 2980 ἀλλὰ
569 2913 639 2981 ποτὲ
655 2914 706 2998 μὲν
722 2917 811 2999 τρίτη,
830 2911 900 2981 ποσά
917 2913 947 2979 bi
965 2916 1094 2998 πέμπτη,
1111 2915 1182 2983 ποτὲ
1199 2915 1229 2982 di
1246 2919 1392 3004 σαββάτῳ,

189 3032 207 3118 ἢ
225 3035 304 3109 ὅπως
322 3032 358 3100 eis
375 3036 459 3119 πάχη,
483 3036 772 3120 πανηγυρίζουσι
788 3041 851 3101 τοῦ
870 3036 1022 3109 πάθυυι·
1038 3036 1099 3119 σὴν
1115 3037 1260 3120 μνήμην.
1298 3041 1392 3106 Quae

191 3152 291 3216 verba
314 3172 408 3229 sane,
434 3151 523 3235 quod
547 3151 722 3215 Warrznn⁸
746 3156 781 3215 et
804 3151 938 3216 Srarrz‘
962 3160 1161 3216 monuerunt
1183 3173 1289 3236 neque
1313 3153 1393 3217 Hin-

191 3289 337 3334 euurano
361 3270 529 3353 negavit⁵,
556 3293 618 3336 nos
641 3270 779 3350 docent,
809 3271 1056 3336 Theodoretum
1080 3279 1231 3356 putasse,
1260 3281 1393 3358 quarto-

108 3401 114 3416 ·
191 3389 380 3454 decimanos
403 3389 456 3454 die
480 3399 597 3472 quarto
621 3390 749 3455 decimo
775 3391 882 3474 egisse
906 3392 1023 3456 mortis
1040 3391 1166 3456 Christi
1190 3393 1391 3458 memoriam.

191 3509 429 3573 Verumtamen
449 3508 527 3593 quid
544 3509 635 3573 valet
650 3511 714 3576 boo
730 3510 959 3576 testimonium
975 3512 1119 3576 auctoris
1136 3513 1244 3577 medio
1261 3514 1393 3579 sacculo

246 3887 251 3900 ι
278 3801 287 3834 ¹
305 3807 352 3866 De
368 3807 536 3886 Epiphanii
551 3807 610 3866 fide
630 3807 667 3866 cf.
685 3808 910 3886 quaeL11³s1os
927 3807 1061 3866 monuit:
1084 3802 1147 3864 Zur
1166 3803 1343 3883 Qoeltenlcr.
1362 3805 1393 3868 d.

190 3887 419 4038 Ruspi-fige&
436 3979 529 4038 fabul.
546 3977 705 4057 compend.
722 3979 781 4050 III,
798 3980 828 4036 4.
1111 4057 1117 4070 ι

275 4060 288 4092 ⁸
304 4059 367 4122 Die
381 4059 499 4122 christi.
512 4058 653 4144 Paucos„
667 4083 697 4140 p.
708 4065 771 4121 252
783 4067 848 4121 not.
859 4093 901 4106 -
912 4056 1001 4120 Stud.
1013 4081 1044 4120 α.
1057 4056 1154 4136 Koch,
1173 4065 1265 4136 1848,
1280 4085 1308 4142 p.
1321 4067 1392 4124 822.

99 4203 101 4208 .
276 4145 288 4177 ⁴
306 4143 394 4208 Secu.
412 4169 444 4207 ιι.
462 4144 563 4215 Krit,
582 4151 675 4220 1856,
687 4168 716 4226 p.
729 4151 801 4207 804.
815 4181 855 4190 -
873 4145 965 4222 1857,
979 4169 1008 4227 p.
1020 4145 1038 4208 7
1042 4152 1092 4207 50.
1103 4179 1144 4190 -
1160 4150 1310 4246 nsanos,
1322 4143 1390 4207 RE.

190 4236 529 4386 ΧΙ’1”51)άάάάαα1νσὶ1,
547 4340 575 4397 p.
594 4317 655 4378 897
659 4361 665 4377 .
