3128 4972
639 450 911 531 '-5o-

203 635 245 699 ob
278 634 470 699 Nabothem
504 634 719 700 interfectum
749 657 889 721 poenam
921 644 1020 720 atque
1052 636 1231 722 perniciem
1262 635 1408 702 minatus

203 761 308 833 esset,
331 753 494 838 jejunium
525 755 672 840 suscepit
699 779 717 819 a
744 757 816 821 Deo
843 755 973 821 veniam
1002 756 1238 842 impetraturus
1268 757 1297 840 (I
1320 759 1406 842 Reg.

203 878 260 952 21,
298 877 362 958 tl).
400 913 442 924 -
480 875 564 938 Cum
597 883 709 940 autem
735 875 902 961 jejunium
935 914 978 926 —
1014 878 1102 962 quod
1136 899 1178 941 ex
1208 876 1322 962 paucis
1355 876 1408 941 his

202 994 363 1079 exemplis
400 994 574 1079 apparebit
604 1032 647 1043 -
678 996 902 1082 poenitentiae
934 996 979 1060 sit
1012 996 1145 1081 signum
1183 1003 1218 1060 et
1254 1002 1405 1076 eventus,

202 1114 335 1178 omnino
352 1114 542 1200 jejunatum
564 1137 637 1180 esse
659 1115 856 1195 invenimus,
882 1138 956 1181 cum
973 1116 1051 1200 quid
1074 1115 1201 1181 factum
1225 1124 1277 1180 est
1297 1115 1407 1181 animo

201 1233 387 1319 poenitenti
414 1241 448 1298 et
475 1233 603 1319 gratiae
628 1234 757 1300 divinae
781 1234 911 1322 cupido.
958 1237 1063 1301 Velut
1085 1235 1205 1300 Daniel
1228 1235 1406 1321 jejunavit,

202 1375 277 1418 cum
317 1361 451 1437 rogaret
487 1355 664 1434 Jehovam,
706 1363 745 1420 ut
785 1356 907 1442 populo
948 1379 1007 1421 suo
1045 1363 1183 1442 peccata
1220 1357 1407 1420 remitteret

202 1473 409 1559 erigeretque
433 1497 542 1539 muros
565 1475 656 1540 urbis
679 1498 791 1541 sacrae
814 1475 941 1540 dirutos
965 1477 1063 1560 (Dan.
1089 1479 1119 1555 0,
1150 1481 1167 1542 1
1192 1479 1278 1560 sqq.)
1286 1500 1295 1552 ;
1325 1475 1407 1540 item

202 1593 375 1658 Cornelius
394 1594 554 1675 centurio,
580 1617 666 1676 oum,
690 1603 729 1660 ut
751 1597 883 1661 videtur
895 1599 916 1676 ¹,
941 1619 961 1660 a
975 1596 1047 1660 Deo
1070 1603 1210 1681 peteret,
1235 1605 1274 1660 ut
1295 1617 1407 1660 veram

201 1713 375 1779 scientiam
391 1717 598 1800 salutemque
615 1715 678 1780 sibi
694 1717 857 1781 tribueret
873 1721 963 1800 (Act.
984 1721 1034 1796 10,
1052 1722 1083 1780 4.
1102 1720 1180 1799 30.).
1197 1716 1406 1799 -Denique

197 1835 363 1918 jejunium
387 1835 519 1899 omnino
534 1834 602 1898 vim
626 1843 660 1900 et
683 1835 883 1919 dignitatem
906 1836 1036 1918 accepit
1058 1834 1210 1914 actionis,
1236 1859 1299 1919 qua
1315 1836 1406 1900 Deus

201 1953 324 2018 colitur
345 1955 481 2038 ejusque
497 1954 606 2038 gratia
621 1963 771 2038 paratur;
797 1955 982 2038 cujusmodi
997 1953 1155 2038 imprimis
1171 1962 1266 2017 erant
1277 1953 1406 2038 jejunia

200 2073 462 2157 pharisaeorum,
494 2095 631 2157 quorum
654 2073 868 2138 multitudine
896 2073 959 2158 ipsi
981 2073 1226 2157 gloriabantur,
1255 2094 1316 2136 nee
1339 2095 1405 2137 non

201 2192 338 2257 Hanuae
361 2192 451 2256 illius
474 2193 702 2278 prophetissae
721 2192 864 2277 jejunia,
893 2193 1012 2276 quihus
1035 2215 1108 2257 eam
1131 2192 1201 2256 dies
1225 2201 1405 2277 noctesque

200 2312 342 2376 refertur
365 2313 472 2377 Deum
496 2313 637 2378 coluisse
661 2313 755 2397 (Luc.
781 2317 816 2392 0,
841 2316 905 2395 37).
952 2312 1026 2377 Qua
1050 2313 1090 2378 de
1114 2335 1213 2377 causa
1236 2313 1335 2376 etiam
1353 2313 1405 2396 je-

194 2431 290 2518 junia
306 2439 341 2498 et
352 2433 556 2518 precationes
567 2455 664 2519 saepe
676 2435 870 2518 conjunctas
882 2432 983 2498 luisse
999 2431 1183 2497 invenimus
1195 2433 1288 2516 (Luc.
1302 2438 1332 2512 2,
1350 2435 1404 2498 37.

200 2553 265 2616 Μ1.
285 2555 335 2632 17,
361 2557 413 2618 21.
438 2555 516 2617 Act.
537 2558 587 2632 13,
612 2557 643 2618 3.
672 2558 722 2632 14,
748 2556 826 2637 td).
850 2591 892 2601 -
915 2555 989 2617 Jam
1012 2569 1090 2618 vero
1112 2576 1179 2616 non
1202 2551 1403 2630 mirabimur,

199 2692 271 2750 eos,
302 2671 358 2756 qui
385 2695 436 2737 res
465 2695 575 2737 sacras
604 2673 750 2753 adirent,
781 2682 880 2737 antea
902 2673 1084 2757 jejunando
1114 2681 1149 2736 et
1177 2673 1340 2758 precando
1371 2694 1406 2736 se

199 2815 343 2876 parasse,
360 2815 400 2856 ne
416 2792 544 2877 indigni
554 2794 691 2876 Deoque
707 2777 831 2877 ingrati
846 2794 953 2858 adeas
967 2793 1173 2858 accederent.
1201 2793 1305 2856 Velut
1320 2792 1407 2878 apud

198 2911 325 2975 Lucam
347 2915 526 2998 prophetas
550 2921 585 2978 et
607 2912 786 2998 magistros
811 2913 970 2978 ecclesiae
987 2913 1219 2977 Antiochense
1236 2913 1406 2997 jejunasse

198 3031 359 3116 legimus,
390 3040 569 3117 antequam
592 3034 778 3097 Barnabarn
808 3041 842 3098 et
865 3035 1001 3097 Saulum
1025 3033 1177 3097 manibus
1200 3031 1407 3116 imponendis

198 3152 241 3215 ad
258 3176 376 3218 munus
392 3153 613 3237 apostolieum
630 3161 862 3218 consecrarent
879 3155 969 3236 (Act.
989 3156 1040 3232 13,
1063 3156 1106 3237 3).
1125 3191 1166 3201 -
1183 3151 1272 3216 Quid
1289 3151 1407 3215 mirum

199 3271 318 3355 igitur,
353 3273 510 3338 ecclesias
540 3273 681 3338 Asianas
710 3273 799 3338 diem
831 3282 984 3357 quartum
1013 3273 1193 3352 decimum,
1230 3279 1407 3354 antequam

199 3413 326 3455 sacram
349 3415 486 3457 coenam
509 3393 739 3474 instituerent,
766 3394 949 3479 jejunando
974 3393 1102 3477 egisse?
1148 3393 1221 3456 Hoc
1244 3391 1330 3456 enim
1355 3390 1408 3454 die

199 3511 270 3574 solo
295 3533 349 3576 eas
368 3513 548 3596 jejunasse,
574 3536 673 3599 supra
690 3515 761 3598 jam
775 3514 929 3579 vidimus.
964 3513 1063 3578 Quod
1080 3511 1246 3597 jejunium
1268 3520 1306 3575 ut
1329 3511 1407 3575 sub-

198 3631 285 3696 irent
308 3653 346 3695 eo
369 3631 500 3696 facilius
525 3633 646 3714 adduci
676 3641 842 3718 poterant,
868 3645 943 3696 culn
966 3641 1001 3696 et
1028 3631 1145 3696 Judaei
1169 3639 1246 3695 ante
1271 3653 1407 3695 coenam

197 3752 389 3842 paschalem
421 3752 624 3836 aliquamdiu
652 3754 799 3817 solerent
819 3753 983 3837 jejunare.
1030 3751 1189 3834 Legimus
1218 3750 1327 3814 enim¹
1356 3751 1404 3814 M.

197 3872 373 3936 Pesaehim
390 3877 441 3951 10,
464 3877 498 3938 1:
524 3883 651 3953 runnu
670 3883 713 3939 rr
733 3885 801 3941 aas
822 3867 899 3938 tas*
919 3867 961 3939 ab
978 3867 1086 3937 norat
1102 3881 1188 3949 pann
1204 3879 1313 3936 aanor
1328 3881 1407 3939 *aar

254 4067 375 4073 -——-
378 4065 629 4073 ———-—

286 4183 295 4215 ¹
320 4189 365 4247 Ol.
382 4189 512 4259 Mursa,
530 4179 752 4261 Apostelpesoll.
770 4184 816 4243 ed.
835 4188 863 4243 3.
880 4183 1004 4259 (1861),
1022 4205 1050 4261 p.
1068 4185 1131 4242 220
1146 4189 1213 4243 not.

285 4267 296 4299 ²
321 4274 475 4332 Notitiam
495 4272 584 4350 hujus
604 4271 664 4329 loci
679 4270 775 4330 debeo
791 4271 966 4329 doctissimo
983 4271 1138 4344 Wrnuao,
1159 4270 1220 4329 vid.
1239 4269 1343 4328 llWB.
1360 4270 1403 4342 II,

199 4361 261 4418 200
276 4363 341 4417 not.
360 4361 388 4416 1.
