2994 4972
100 421 172 480 512

99 591 183 676 λαῷ.
227 586 285 655 καὶ
313 585 379 672 γάρ
403 589 422 626 *
448 588 537 664 τινὲς
562 587 785 665 κατελθόντες
812 585 878 653 άπό
905 591 964 671 τῆς
987 585 1150 665 Ἰουδαίας
1172 591 1219 665 είς

94 689 301 774 Ἀντιόχειαν
331 688 512 756 ἐδίδασκον
542 696 560 735 *
585 689 657 756 ἐκεῖ
671 687 856 774 άδελφούς,
885 689 1039 772 λέγοντες
1067 687 1118 754 ότι
1140 688 1218 754 Ἐάν

97 789 146 876 μή
164 791 410 877 περιτέμνησθε
424 795 471 878 τῷ
486 795 560 858 ἔθει
575 792 726 868 Μωσέως
740 791 797 856 καὶ
812 801 881 868 τοῖς
895 789 1009 868 ἄλλοις
1025 788 1151 856 ἅπασιν
1168 782 1218 868 οἷς

97 892 274 972 διετάξατο
284 898 302 936 *
312 898 525 980 περιπατῆτε,
543 889 584 959 ού
599 892 752 960 δύνασθε
763 896 927 976 σωθῆναι.
957 893 1140 976 γενομένης
1155 882 1218 958 ούν

97 995 295 1071 συστάσεως
309 993 366 1061 καὶ
379 995 542 1080 ζητήσεως
556 993 618 1060 ούκ
634 992 760 1078 ὀλίγης,
773 994 810 1058 οί
819 994 858 1059 ἐν
866 991 1049 1082 Ἀντιοχείᾳ
1063 992 1216 1080 άδελφοί,
1235 1015 1251 1066 5

96 1096 239 1182 γνόντες
258 1094 309 1161 δτι
330 1096 610 1182 συνεληλύθαμεν
632 1096 756 1172 πάντες
772 1093 849 1181 περὶ
869 1095 991 1161 τούτου
1012 1095 1216 1181 ζητήσοντες.

50 1203 118 1298 §nli
141 1197 378 1278 ἐξαπέστειλαν
399 1195 484 1283 πρὸς
502 1195 590 1283 ἡμᾶς
605 1196 733 1286 ἄνδρας
752 1195 891 1275 πιστούς
911 1196 969 1263 καὶ
989 1202 1058 1263 τεόν
1074 1201 1217 1283 γραφῶν

95 1300 290 1386 είδήμονας,
305 1305 430 1384 μαθεῖν
445 1300 523 1383 περὶ
538 1305 598 1366 τοῦ
614 1300 824 1385 ζητήματος*
840 1298 977 1365 τούτου·
995 1301 1031 1365 οί
1042 1301 1090 1383 δέ,
1107 1321 1217 1386 παρα-

95 1402 277 1488 γενόμενοι
292 1403 340 1478 εἰς
349 1397 575 1486 Ἱεροσόλυμα,
595 1399 799 1486 άνήγγειλαν
811 1397 892 1486 ἡμῖν
907 1399 948 1466 τά
963 1401 1145 1486 ζητηθέντα
1160 1400 1217 1466 καὶ

97 1505 139 1571 ἐν
153 1507 197 1590 τῇ
209 1501 405 1587 Ἀντιοχέων
420 1502 592 1590 ἐκκλησίᾳ,
613 1499 722 1581 ύςότι
741 1503 832 1579 τινὲς
845 1505 962 1586 ἔλεγον
982 1499 1031 1568 ὅτι
1048 1503 1103 1568 δεῖ
1121 1523 1217 1589 περι·
1237 1521 1268 1572 ιο

95 1606 281 1690 τέμνεσθαι
296 1603 425 1684 καλιάς
439 1603 542 1682 ἄλλας
557 1606 665 1682 πάσας
677 1603 813 1689 ἁγνείας
826 1604 1021 1689 φυλάττειν.
1051 1601 1165 1670 ἄλλων
1178 1604 1217 1670 δὲ

95 1707 181 1774 ἄλλο
202 1731 235 1773 τι
255 1706 440 1791 λεγόντοιν,
469 1704 534 1791 ἐγιύ
558 1707 686 1793 Πέτρος
702 1703 849 1784 ἀναστάς
870 1701 967 1772 εἶπον
988 1703 1071 1790 πρὸς
1094 1702 1218 1784 αύτούς

84 1809 231 1894 Ἀνδρες
251 1807 411 1893 άδελφοί,
431 1805 527 1894 ὑμεῖς
549 1807 732 1876 ἐπίστασθε
754 1806 805 1874 ότι
827 1805 888 1893 ἀφ’
910 1804 1047 1894 ήμερύν
1067 1804 1217 1894 ἀρχαίαν

95 2015 183 2098 ἔθνη
205 2009 266 2078 τὸν
288 2010 391 2096 λόγον
406 2017 468 2078 τού
491 2009 690 2097 εύαγγελίου
716 2011 774 2078 καλ
794 2015 987 2080 πιστεύσαι·
1016 2011 1073 2078 καὶ
1095 2009 1113 2079 ό
1132 2036 1216 2100 καρ-
1238 2028 1267 2080 Ισ

94 2114 305 2199 διογνύστης
319 2111 400 2191 θεὸς
418 2113 651 2200 ἐμαρτύρησεν
665 2112 778 2192 αὐτοῖς
791 2119 818 2180 *.
848 2118 1028 2202 Κορνηλίῳ
1048 2114 1115 2201 γάρ
1136 2139 1217 2182 ποτε

94 2216 323 2302 ἑκατοντάρχῃ
338 2215 509 2302 ῥωμαικής
528 2215 632 2302 ἀρχῆς
645 2213 747 2302 ύφθη
763 2214 903 2300 ἄγγελος
917 2221 1039 2301 κυρίου
1061 2217 1118 2282 καὶ
1139 2217 1217 2304 περὶ

95 2318 182 2403 ἐμοῦ
197 2312 293 2384 εἶπεν
308 2314 411 2404 αύτῷ,
434 2317 524 2396 ὅπως
537 2322 792 2403 μεταστείληταί
805 2341 847 2402 με
868 2318 925 2384 καὶ
940 2315 1071 2404 ἀκούσῃ
1087 2318 1216 2403 ῥήματα

95 2423 180 2506 ζωῆς
203 2420 242 2486 ἐκ
259 2422 321 2484 τοῦ
341 2419 504 2504 στόματός
521 2443 603 2505 μον·
633 2416 651 2486 ό
672 2421 710 2486 δὲ
731 2419 961 2504 μετεπέμψατό
983 2443 1025 2504 με
1045 2417 1112 2486 άπὸ
1129 2418 1215 2486 Ἰόπ-

95 2542 161 2606 πης
182 2523 232 2598 είς
251 2520 462 2606 Καισάρειαν
479 2521 542 2608 τήν
564 2522 775 2606 Στράτωνος.
810 2518 910 2588 ὁπότε
923 2521 962 2586 δὲ
977 2525 1118 2606 ἔμελλον
1133 2521 1216 2609 πρὸς
1233 2536 1267 2587 20

95 2619 202 2688 αὐτόν
230 2621 494 2708 ἐκπορεύεσθαι,
526 2622 729 2710 ἠβουλήθην
755 2626 883 2709 τροφῆς
909 2626 1127 2709 μεταλαβεῖν·
1159 2624 1216 2690 καὶ

95 2724 433 2810 παρασκευαζόντων,
453 2723 544 2812 ἥμην
564 2725 670 2813 ἐντῷ
690 2722 833 2814 ύπερβφ
855 2725 1135 2812 προσευχόμενος,
1159 2725 1216 2794 καὶ

93 2829 219 2913 θεωριό
239 2824 300 2893 τόν
323 2824 472 2911 ούρανόν
499 2826 670 2916 ἀνεῳγότα
697 2828 754 2894 καὶ
774 2829 953 2912 τέσσαρσιν
978 2827 1095 2914 άρχατς
1120 2830 1215 2895 δεδε-

94 2928 201 3013 μένον
230 2929 351 3007 σκεύός
376 2953 408 2996 τι
435 2925 480 3007 οἱς
500 2927 630 3015 ὀθόνην
663 2929 821 3018 λαμπράν
848 2929 905 2996 καλ
932 2931 1135 3015 καθιέμενον
1160 2929 1216 2997 ἐπὶ

94 3030 154 3114 τῆς
167 3034 240 3116 γῆς,
264 3031 304 3098 ἐν
318 3022 347 3120 ιβ
359 3029 488 3119 ύπήρχε
502 3031 612 3097 πάντα
628 3031 668 3097 τά
683 3033 871 3115 τετράποδα
886 3035 943 3099 καλ
957 3029 999 3097 τά
1015 3031 1136 3118 ἑρπετά
1158 3037 1217 3118 τῆς
1232 3051 1266 3102 25

94 3136 156 3217 γῆς
178 3131 235 3198 καὶ
258 3133 298 3198 τά
321 3133 456 3200 πετεινά
475 3139 536 3200 τοῦ
555 3131 721 3217 ούρανοῦ·
745 3132 802 3200 καὶ
825 3134 956 3219 ἐγένετο
979 3133 1077 3218 φωνή
1101 3134 1139 3200 έκ
1155 3140 1217 3200 τοῦ

162 3307 317 3374 τεειιε,
338 3310 350 3360 ι
372 3307 485 3377 met
505 3309 544 3375 ιο,
564 3309 578 3358 ι
599 3307 604 3372 ι
626 3309 728 3361 met
748 3309 792 3374 ιε,
812 3309 836 3362 ι.
855 3309 872 3362 ε
892 3309 896 3372 Ι
918 3308 1019 3363 ιοεει
1039 3309 1080 3376 ιο,
1099 3311 1157 3376 ²2!
1181 3313 1213 3363 τι

163 3393 218 3444 εει
237 3391 277 3458 ιο,
296 3393 397 3446 ιο-οο

96 3547 107 3598 1
127 3543 180 3599 παλ
198 3545 233 3612 -Ι-
249 3554 297 3613 γιι
320 3549 325 3613 Ι
349 3551 366 3600 2
383 3542 451 3610 τούς
467 3549 502 3617 -Ι-
517 3557 565 3616 γιλ
591 3552 596 3614 Ι
622 3551 638 3604 3
660 3551 858 3619 περιτμηθήτε
876 3556 923 3617 γει
946 3551 950 3615 Ι
975 3553 991 3604 3
1014 3547 1147 3620 μωύσέυς
1168 3559 1216 3620 γτλ

94 3625 198 3700 {Md
216 3631 239 3698 t]
254 3633 258 3699 Ι
273 3633 290 3684 3
306 3621 417 3686 ἅπασιν
433 3652 488 3700 ττι,
509 3631 609 3689 ἔθεσιν
626 3643 674 3703 yzt
693 3637 698 3702 Ι
719 3638 734 3687 4
752 3631 791 3705 μή
809 3638 844 3703 -Ι-
860 3653 893 3703 yz
914 3635 919 3703 Ι
938 3639 954 3688 4
972 3641 1154 3704 περιπατεῖτε
1172 3657 1215 3693 wx

71 3724 77 3736 '
94 3715 99 3782 Ι
119 3717 137 3768 5
155 3710 279 3777 στάσεως
296 3723 343 3784 yzt
357 3719 362 3784 Ι
376 3718 394 3771 δ
410 3713 582 3789 ζητήσαντες
599 3721 662 3785 λΙ8
680 3715 871 3790 ἐπιστήμονας
882 3739 906 3774 w
922 3721 958 3790 Ι8
976 3718 1113 3785 θέλοντες
1130 3723 1164 3791 -Ι-
1180 3743 1215 3792 γε

95 3799 101 3870 Ι
124 3802 143 3854 9
161 3797 336 3872 ίερουσαλήμ
353 3811 401 3871 γτλ
419 3805 447 3870 Ιί
464 3803 487 3874 t]
508 3809 512 3869 Ι
536 3807 553 3858 9
570 3805 620 3860 καλ
637 3807 672 3872 >
689 3809 727 3858 Υτ
747 3808 752 3871 Ι
775 3808 806 3858 10
823 3799 861 3869 ὥς
880 3797 922 3862 ότι
940 3813 1008 3874 th,
1027 3806 1078 3862 καὶ
1096 3803 1133 3871 ύς
1149 3828 1184 3877 γι
1208 3812 1213 3881 Ι

96 3887 126 3938 ll
150 3880 247 3948 πάσας
268 3888 303 3952 >
324 3897 372 3956 yzt
395 3888 399 3956 Ι
427 3891 455 3942 ll
480 3885 716 3960 παραφυλάττειν
738 3899 785 3959 γιι
810 3895 815 3956 Ι
849 3895 881 3945 12
902 3883 955 3947 άλλ
972 3886 1016 3948 ὅτι
1039 3913 1070 3962 x,
1093 3887 1164 3950 ἄλλο
1187 3915 1214 3950 τι

93 3977 157 4037 με,
176 3961 250 4024 άλλα
268 3990 293 4023 w
319 3973 325 4040 Ι
352 3974 383 4025 14
401 3971 472 4042 ἡμῖν
485 3993 509 4027 w
523 3976 529 4045 Ι
544 3976 578 4028 λδ
594 3993 692 4031 rasura
709 3985 825 4045 quatuor
843 3981 985 4033 literarum
1009 3998 1098 4048 capax
1118 3983 1148 4033 in
1165 3999 1189 4032 w
1209 3983 1212 4048 Ι

96 4057 129 4108 λδ
146 4049 202 4124 γάρ
214 4058 249 4122 >
260 4056 316 4126 Wl
334 4058 364 4111 18
381 4051 504 4114 α’κοόσαι
523 4079 565 4129 wy
580 4061 585 4131 Ι
601 4062 634 4115 18
651 4057 729 4131 όήμα
746 4067 777 4129 t!
798 4063 830 4116 19
847 4061 1054 4133 μεταπέμψατό
1073 4066 1107 4130 τΙ
1128 4067 1168 4118 19.
1181 4067 1216 4120 20

95 4135 182 4209 ίόπης
200 4148 238 4194 ιτλ
257 4141 287 4210 [1
302 4139 327 4211 t]
344 4146 349 4210 Ι
367 4145 402 4196 20
418 4145 469 4214 τῆς
486 4164 503 4198 x
523 4149 529 4212 Ι
548 4149 590 4200 20.
603 4150 634 4200 21
654 4143 725 4216 πρός
743 4139 831 4202 αύτόν
847 4150 882 4214 >
899 4153 949 4213 Υτ,
975 4153 1024 4202 ενδ
1041 4153 1071 4202 in
1089 4153 1214 4218 margine

95 4221 216 4294 ἔμελλον
233 4243 284 4283 ιι...
302 4220 392 4281 αύτδν
411 4229 477 4299 [sio]
497 4251 515 4300 y
535 4233 540 4297 Ι
559 4234 590 4284 ²1
611 4227 777 4303 ἐβουλήθην
793 4239 841 4300 γιλ
860 4237 865 4300 Ι
889 4236 923 4286 22
940 4230 1215 4301 παρασκευαζόντων

94 4318 174 4377 xyst,
192 4305 232 4372 άς
250 4329 274 4364 τι
293 4313 298 4378 Ι
322 4315 356 4364 22
373 4312 423 4368 καλ
439 4316 475 4380 >
490 4334 515 4367 τι
534 4318 539 4381 Ι
560 4319 594 4370 23
611 4320 708 4385 θεορά
725 4337 750 4370 ιι·
774 4319 779 4388 Ι
803 4320 836 4372 23
853 4315 985 4386 τίσαρσιν
1002 4335 1019 4369 x
1039 4317 1044 4387 Ι
1063 4320 1097 4371 θλ
1114 4315 1215 4382 σκεῦός

95 4411 122 4448 τι
139 4396 175 4466 >γ
192 4413 217 4450 τι
237 4400 241 4463 Ι
261 4398 295 4450 25
311 4390 443 4468 ύπήρχον
460 4419 494 4468 w,
512 4393 642 4471 ύτιῆρχεν
658 4421 676 4456 x
690 4403 696 4473 Ι
710 4405 744 4456 25
761 4397 796 4456 τά
816 4405 932 4456 alterum
948 4403 983 4469 >
999 4409 1047 4471 γει
