2998 4972
285 400 348 468 ειν
1302 407 1321 460 ο
1340 387 1407 442 7-8

287 564 397 646 ραίνει
423 559 577 647 ἄβυσσον
610 559 667 628 καὶ
699 557 720 645 ιΙ
756 557 876 645 ἁτειλη
911 559 1004 646 ιη’κει
1031 556 1092 646 ὅρη
1122 559 1178 624 καί
1209 555 1230 642 τΙ
1258 557 1407 641 ἀλήθεια

286 665 379 748 μένει
401 666 447 741 είς
467 661 528 758 τόν
548 665 666 745 αίοῖνα,
688 657 729 728 δν
749 664 839 730 αίνετ
857 661 898 728 τά
921 663 1025 746 νήπια
1047 661 1104 728 καλ
1126 658 1261 744 εῦλογεί
1279 657 1321 726 τὰ
1339 665 1407 744 θη-

287 766 444 848 λάζοντα,
469 760 509 830 δν
530 759 676 848 ὑμνοῦσι
698 764 755 830 καί
776 767 1032 850 προσκυνοῦσιν
1053 761 1203 847 ἁγγελοι,
1233 758 1407 844 ὁέπιβλέ-

287 890 361 934 πων
389 865 445 932 ἐπὶ
472 863 534 951 τιΙν
554 869 620 950 γῆν
644 864 701 932 καὶ
723 869 830 932 ποιοῖν
856 862 963 948 αὐτὴν
988 866 1140 950 τρέμειν,
1172 861 1192 930 ὁ
1218 860 1408 946 ἁπτόμενος

252 973 355 1040 οτοῖν
382 965 488 1054 ὀρέων
513 966 569 1034 καί
597 970 830 1052 καπνίζονται,
856 969 874 1008 *
902 964 1051 1034 άπειλοῖν
1077 965 1234 1050 θαλάσση
1264 963 1321 1030 καὶ
1349 966 1406 1047 ξη-

287 1075 416 1154 ραίνων
443 1066 550 1154 αῦτιΙν
572 1069 629 1138 καλ
656 1070 784 1146 πάντας
807 1066 886 1145 τοῦς
911 1066 1119 1153 ποταμοῦς*
1146 1066 1335 1150 ἐξερημοῦν,
1365 1054 1407 1130 οῦ

287 1172 426 1256 νεφέλαι
453 1167 628 1256 κονιορτὸς
654 1175 723 1236 τοῖν
749 1172 882 1252 ποδοῖν,
918 1166 936 1236 ὁ
961 1173 1155 1256 περιπατεῖν
1184 1167 1240 1235 ἐπὶ
1272 1167 1407 1232 θαλάσ-

287 1290 348 1359 σης
365 1269 410 1350 οῖς
436 1271 488 1340 ἐπ’
517 1270 683 1356 ἐδάφους,
711 1275 880 1357 μονογενῆ
904 1274 982 1355 θεέ,
1014 1271 1164 1356 μεγάλου
1192 1267 1320 1354 πατρὸς
1343 1269 1406 1346 υίέ,

287 1377 484 1460 ἐπιτίμησον
504 1385 574 1450 τοῖς
597 1385 758 1458 πονηροῖς
781 1372 949 1457 πνεύμασι
974 1372 1150 1458 καδδῦσαι
1171 1369 1213 1438 τὰ
1234 1374 1317 1454 ἔργα
1339 1373 1408 1436 τοῖν

239 1495 271 1548 10
287 1480 410 1562 χειροῖν
430 1493 494 1542 σου
517 1474 555 1542 ἐκ
577 1477 636 1558 τῆς
652 1478 714 1540 τοῦ
734 1473 916 1558 άλλοτρίου
937 1475 1126 1559 πνεύματος
1147 1473 1333 1558 ἐνεργείας·
1357 1470 1407 1536 ὅτι

287 1579 342 1646 σολ
368 1577 466 1660 δόξα,
498 1575 574 1661 τιμιΙ
605 1575 663 1642 καὶ
693 1577 809 1660 σέβας,
844 1574 901 1642 καί
934 1577 991 1642 διά
1024 1581 1086 1642 σοῦ
1121 1578 1168 1662 τηῖ
1194 1576 1213 1614 *
1240 1575 1343 1656 πατρί
1368 1572 1407 1638 ἐν

286 1678 371 1768 ἁγίῳ
399 1678 566 1762 πνεῦματι
595 1680 643 1754 είς
667 1674 747 1754 τοῦς
773 1677 913 1754 αίοῖνας·
943 1675 1043 1763 ἁμήν.
1088 1676 1145 1742 καὶ
1166 1672 1221 1742 *ὁ
1248 1676 1407 1750 διάκονος

287 1783 408 1866 λεγέτω
442 1780 673 1864 Προσέλθετε,
713 1779 749 1844 ολ
783 1777 1031 1865 ένεργοῦμενοι.
1088 1777 1145 1846 καλ
1177 1773 1256 1862 μετ’
1300 1773 1406 1842 αὐτοῦ

288 1885 531 1968 προσφωνείτω
559 1877 733 1964 Εῦξασθε,
764 1881 800 1946 ολ
824 1881 1051 1966 φωτιζόμενοι.
1103 1879 1264 1962 ἐκτενεῖς,
1291 1878 1329 1944 οί
1350 1899 1406 1944 πι-

239 2003 271 2055 15
288 1989 380 2067 στοί,
408 1983 531 2058 πάντες
551 1976 638 2065 ὑπέρ
659 1979 773 2049 αῦτοῖν
795 1984 1096 2068 παρακαλέσωμεν,
1131 1980 1221 2059 ὅπως
1249 1978 1267 2048 ὁ
1290 1979 1407 2061 κῦριος

287 2085 476 2170 ιιαταξιεόση
497 2080 630 2166 αὐτούς,
651 2084 844 2168 μυηθέντας
865 2087 912 2161 είς
932 2083 992 2152 τὸν
1012 2086 1072 2150 τοῦ
1088 2087 1227 2173 χριστοῦ
1239 2083 1406 2162 θάνατον,

287 2188 539 2270 συναναστῆναι
565 2182 657 2273 αῦτηῖ
684 2185 741 2252 καὶ
765 2185 926 2272 μετόχους
954 2187 1114 2270 γενέσθαι
1145 2190 1203 2270 τῆς
1234 2188 1408 2270 βασιλείας

287 2286 394 2356 αὐτοῦ
426 2285 483 2354 καλ
514 2284 701 2365 κοινωνοὺς
732 2291 800 2354 τοῖν
829 2292 1025 2372 μυστηρίων
1054 2284 1176 2372 αὐτοῦ,
1209 2286 1320 2373 ε’νιῖσῃ
1350 2284 1407 2350 καί

288 2390 517 2475 συγκαταλίξη
539 2386 662 2467 αὐτοῦς
688 2387 772 2474 μετά
798 2391 867 2457 τοῖν
888 2392 1085 2474 σωζομένων
1112 2389 1152 2456 ἐν
1182 2393 1224 2476 τῇ
1244 2387 1325 2476 ἁγίᾳ
1344 2385 1406 2454 αῦ-

237 2507 272 2560 20
289 2495 350 2558 τοῦ
371 2490 539 2578 ἐκκλησίᾳ.
584 2495 632 2558 ἔτι
656 2491 799 2568 ἐκτενεῖς
819 2486 905 2574 ὑπὲρ
926 2489 1039 2558 αὐτοῖν
1059 2494 1247 2576 δεηθοῖμεν.
1293 2494 1408 2558 σοῖσον

289 2593 347 2660 καλ
365 2590 557 2678 ἁνάστησον
585 2591 709 2670 αὐτοῦς
737 2592 776 2660 ἐν
796 2597 839 2679 τῇ
860 2596 905 2678 σῇ
925 2594 1046 2678 χάριτι.
1091 2592 1408 2678 *κατασφραγισά-

288 2715 385 2778 μενοι
405 2697 452 2781 τῷ
476 2697 547 2781 θεοῖ
568 2693 624 2759 διά
650 2698 711 2760 τοῦ
731 2698 869 2779 χριστοῦ
898 2693 1021 2778 αὐτοῦ,
1049 2699 1226 2774 κλίναντες
1256 2693 1407 2778 εὐλογεί-

289 2801 430 2862 σθωσαν
460 2794 550 2878 παρά
573 2798 634 2860 τοῦ
656 2794 843 2865 ἐπισκόπου
864 2796 965 2880 τήνδε
985 2795 1048 2882 τήν
1070 2796 1228 2881 εὐλογίαν
1247 2805 1252 2876 Ι
1268 2793 1303 2862 ‘0
1324 2805 1442 2882 προΒ

290 2893 395 2964 ειποῖυ
419 2893 476 2962 διά
495 2899 564 2962 τοῖν
584 2893 691 2980 ἁγίων
713 2915 776 2964 σου
799 2902 983 2983 προφητοῖν
1001 2911 1071 2976 τοῖς
1090 2899 1294 2983 μυουμένοις
1315 2898 1408 2964 Λοῦ-

237 3017 272 3068 νο
289 3004 414 3082 σασθε,
442 2996 589 3082 καθαροὶ
616 2997 776 3082 γένεσθε,
805 2998 862 3066 καὶ
888 2998 944 3066 διὰ
971 3002 988 3041 *
1015 3003 1153 3086 χριστοῦ
1178 2998 1410 3084 νομοθετήσας

288 3099 352 3186 τὴν
381 3097 613 3184 πνευματικήν
642 3097 883 3185 ἁναγέννησιν,
911 3099 1011 3178 αὐτός
1039 3101 1097 3168 καλ
1129 3105 1194 3167 νῦν
1228 3103 1322 3170 ἔπιδε
1351 3101 1407 3168 ἐπὶ

289 3199 367 3278 τοῦς
397 3203 658 3286 βαπτιζομένους
692 3201 748 3268 καλ
782 3199 968 3286 εῦλόγησον
1003 3201 1126 3281 αῦτοῦς
1160 3204 1218 3270 καί
1251 3200 1407 3288 ἁγίασον,

289 3302 346 3370 καί
372 3304 632 3388 παρασκεύασον
661 3301 776 3382 ἁζίους
805 3305 966 3387 γενέσθαι
994 3308 1052 3390 τῆς
1084 3309 1313 3390 πνευματικῆς
1342 3322 1408 3370 σου

289 3406 418 3487 δωρεᾶς
439 3403 496 3470 καὶ
515 3409 574 3490 τῆς
593 3403 759 3491 ἀληθινῆς
781 3421 845 3471 σου
866 3406 1056 3488 υἱοθεσίας,
1081 3410 1149 3474 τοῖν
1168 3409 1409 3490 πνευματικῶν

238 3520 273 3574 ³0
290 3521 353 3572 σου
380 3509 592 3591 μυστηρίων,
625 3510 684 3592 τῆς
716 3505 799 3591 μετά
824 3510 893 3574 τοῖν
926 3509 1122 3593 σωζομένων
1150 3507 1409 3592 ἐπισυναγωγῆς

359 3678 371 3729 λ
392 3677 484 3728 ΡειιΙιο
503 3677 560 3741 112,
578 3677 631 3742 92!
650 3679 661 3730 l
680 3679 787 3732 Nahum
806 3679 829 3743 1,
848 3679 1026 3744 41212221112
1044 3681 1069 3746 Β,
1088 3681 1104 3734 3
1124 3678 1128 3748 Ι
1148 3681 1165 3732 3
1182 3681 1276 3734 ΡειΙοι
1296 3680 1354 3744 104,
1374 3681 1408 3730 32

359 3759 364 3827 Ι
383 3760 467 3814 θΙολ)
489 3762 532 3828 14,
554 3761 583 3814 ll
603 3765 608 3830 Ι
627 3763 643 3812 7
661 3764 768 3814 Nahum
789 3765 816 3828 1,
836 3761 852 3816 3
872 3764 876 3828 Ι
895 3766 928 3816 24
946 3765 1002 3830 Inaj
1024 3766 1047 3830 Ι,
1068 3765 1166 3830 16126
1185 3767 1234 3818 [oh
1252 3766 1314 3832 3‚5

292 3932 304 3983 l
323 3920 466 4000 ἁβῦσσους
483 3937 495 3982 t
509 3928 514 3997 Ι
530 3929 545 3984 3
562 3921 703 3998 ῦμνοῦοιν
720 3949 736 3984 x
751 3932 787 3997 15
808 3924 823 3985 ὁ
840 3932 874 3998 -Ι-
891 3940 922 4000 yt
938 3935 941 3988 Ι
956 3933 973 3984 θ
990 3925 1079 4002 αῦτῆς
1096 3933 1130 3998 -Ι-
1146 3951 1174 4000 y,
1192 3928 1301 3995 αάτοῦς
1317 3935 1352 4001 ιΙ·
1370 3943 1383 3986 t
1403 3939 1406 3998 Ι

290 4016 306 4066 7
324 4011 444 4082 νεφέλαι
461 4015 495 4080 >
511 4032 530 4080 y
549 4013 554 4082 Ι
574 4016 589 4064 7
608 4014 663 4066 τοῖν
680 4017 714 4080 >
730 4034 748 4082 γ
768 4018 772 4081 Ι
792 4017 809 4067 8
827 4010 875 4069 &ul
891 4035 910 4083 y
930 4017 935 4084 Ι
953 4019 970 4068 8
987 4013 1145 4086 μονογεντΙς
1164 4020 1227 4082 219
1244 4013 1410 4088 πνεῦμασιν

289 4100 327 4165 x!
349 4101 378 4151 ll
398 4099 438 4166 σηῖ
455 4099 489 4164 -Ι-
506 4116 537 4164 y,
563 4100 602 4151 οοῖ
618 4099 652 4165 «Ι-
670 4107 681 4150 t
700 4101 705 4165 Ι
728 4101 757 4150 12
776 4093 886 4162 εῦθέοις
902 4101 936 4167 -Ι-
953 4119 972 4168 y
992 4116 996 4164 Ι
1019 4105 1049 4156 13
1066 4101 1224 4170 προέλθετε
1240 4112 1272 4170 γε
1290 4104 1334 4172 ΙΠ
1351 4103 1378 4172 t]
1404 4111 1408 4172 Ι

292 4185 323 4238 13
341 4175 448 4246 αῦτοῦς
465 4191 496 4250 γι
516 4183 520 4246 Ι
542 4185 573 4236 19
591 4181 784 4254 ουγκαταλέξη
804 4195 842 4251 xt,
861 4184 1076 4255 σνγταταξιοῖση
1094 4207 1111 4254 γ
1131 4188 1136 4256 Ι
1160 4190 1188 4240 19
1206 4183 1411 4254 οωζωμένιινι

294 4267 299 4334 Ι
317 4269 351 4320 20
369 4264 410 4322 ἐτι
477 4267 631 4336 δεηθοῖμεν
647 4270 681 4334 >
699 4271 729 4334 tl
745 4273 774 4324 ‘21
795 4269 844 4324 ιιαλ
862 4271 895 4338 4
912 4289 930 4338 y
950 4271 955 4340 Ι
974 4275 1006 4322 ’λθ
1025 4273 1144 4340 γίνεσθε
1161 4271 1240 4338 ι125
1257 4273 1309 4324 τοῦ
1326 4273 1363 4339 -Ι-
1381 4283 1412 4340 γε

293 4351 298 4420 Ι
317 4351 351 4403 ’29
367 4343 520 4422 ἁληθηνῆς
537 4372 554 4420 y
570 4354 575 4422 Ι
590 4355 623 4404 29
640 4369 692 4406 σου
708 4357 742 4420 >
759 4363 790 4421 γε
