3160 4976
112 357 162 426 24

45 551 85 592 τοι
105 535 263 617 Εὐνούχος
274 535 300 593 εί
310 539 365 614 μὲν
379 528 413 606 ἐξ
419 533 563 618 ἐπηρείας
577 533 754 615 ἀνθρώπων
764 535 881 617 ίγένετό
894 531 1140 615 τιςῆίνδιωγμῷ
1149 535 1295 622 ἀφῃρέθη

105 645 146 703 τοὶ
163 637 283 725 ἀνδρῶν
300 643 318 709 ἦ
336 641 434 712 οὕτως
450 644 507 726 ίρυ
526 647 573 704 καί
589 643 667 704 ἔστιν
684 635 785 713 ἀξιοςε
810 641 981 728 ynam-²
1228 725 1232 732 ,

45 742 85 823 κβ
109 747 145 808 ‘0
168 752 407 833 ἀκρωτηριάσας
434 752 542 811 ίαυτόν
566 755 608 830 μὴ
633 748 771 832 γινέσθω
798 747 945 834 κληρικός.
982 750 1207 835 αύεορονευτίις
1234 756 1295 835 γάρ

104 860 182 918 ἔστιν
199 860 310 920 ἑαυτοῦ
326 863 376 920 καί
392 868 450 928 της
465 866 517 917 τοῦ
533 856 611 919 θεοῦ
629 854 833 939 δημιουργίας
848 856 980 941 ἐχθρός.

45 981 83 1039 κγ
104 965 142 1025 E?
154 985 200 1035 τις
222 963 360 1048 κληρικός
381 965 423 1025 ὢν
448 967 557 1026 ἑαυτόν
579 964 820 1047 ἀκρωτηριάσει,
842 963 1076 1046 καθαιρείσθω.
1105 970 1215 1051 γονεύς
1232 971 1292 1049 γάρ
1324 987 1337 1025 ο

101 1075 179 1132 ἔστιν
196 1076 316 1134 ἑαυτοῦ.

42 1173 82 1235 κδ
101 1182 214 1249 Λοιῖκδς
227 1183 334 1242 ἑαυτόν
348 1181 587 1263 ἀκρωτηριάσας
599 1177 800 1264 ἀροριζέσθω
814 1182 866 1250 ἔτη
884 1185 964 1265 τρία.
975 1178 1137 1266 ἐπίβουλος
1154 1183 1216 1266 γάρ
1230 1182 1290 1240 ἔστι

99 1298 156 1358 τῆς
171 1290 282 1350 ἑαυτοῦ
298 1288 392 1361 ζωῆς.

42 1410 78 1449 κε
101 1395 314 1464 Ἐπίσκοποςθ
329 1391 535 1477 πρεσβύτερος
556 1397 574 1462 ἢ
589 1391 726 1465 διάκονος
743 1397 789 1456 ἐπί
806 1399 931 1477 πορνείᾳ
946 1398 966 1464 ἢ
982 1388 1141 1480 ίπιορκίσρβ
1162 1396 1182 1462 ἣ
1198 1391 1291 1472 κλοπῇ

99 1501 191 1572 ἁλούς
215 1501 435 1587 καθαιρείσθω
462 1508 512 1564 καί
540 1508 582 1584 μη
613 1501 824 1587 ἀροριζίσθω.
854 1503 932 1586 λέγει
960 1508 1023 1588 γάρ
1047 1505 1066 1572 ἡ
1089 1507 1209 1588 γραρίι·
1242 1503 1293 1563 ούκ
1311 1522 1338 1560 ιο

99 1607 260 1680 ἐκδικησεις
276 1607 323 1680 δίς
338 1614 386 1672 ἐπί
405 1617 448 1688 τῷ
466 1613 562 1688 αύτῷ.
590 1612 741 1682 ὡσαύτως
758 1609 791 1675 δέ
806 1616 857 1672 καί
874 1614 903 1674 οί
916 1611 1011 1676 λοιποί
1028 1609 1195 1695 οιληρικοί.ί

40 1731 80 1779 κς
99 1719 168 1778 Τῶν
185 1718 228 1787 είς
248 1717 356 1802 κλῆρον
378 1716 610 1802 προσελθόντων
630 1719 767 1800 ἀγάμων
789 1718 944 1800 κελεύομεν
962 1717 1168 1802 βουλομένους
1183 1725 1292 1800 γαμεῖν

99 1827 308 1907 ἀναγνώστας
322 1829 373 1886 καί
388 1823 512 1905 ψάλτας
527 1829 629 1906 μόνον.

43 1921 85 1994 κζ
101 1930 281 1994 Ἐπίσκοπον
297 1935 316 2000 ἢ
333 1930 539 2016 πρεσβύτερον
555 1935 574 2000 λ
589 1931 725 1994 διάκονον
741 1939 892 1996 τύπτοντα
909 1939 1034 2005 πιστούς
1050 1935 1290 2018 ἁμαρτάνοντας

98 2043 116 2108 ἢ
132 2041 280 2108 ἀπίστους
297 2036 506 2110 ἀδικήσαντας
522 2045 572 2100 καί
589 2036 641 2100 διά
657 2051 717 2102 τῶν
725 2046 870 2102 τοιούτων
879 2037 986 2126 φοβεῖν
999 2040 1153 2103 ἐθέλοντα
1170 2038 1290 2101 καθαι-
1310 2057 1337 2096 ιο

98 2145 225 2228 ρεῖσθαι
247 2148 488 2228 προστάσσομεν.
521 2145 658 2227 ούδαμοῡ
680 2152 741 2232 γάρ
765 2150 780 2208 ό
803 2153 905 2232 κύριος
931 2155 1021 2210 τοῦτο
1044 2150 1130 2229 ἡμᾶς
1153 2143 1292 2220 ἐδίδαξε·

99 2253 271 2314 τούναντίον
285 2249 317 2312 δέ
331 2254 424 2324 αύτός
436 2257 623 2335 τυπτόμενος
635 2256 687 2315 ούκ
700 2256 875 2333 ἀντέτυπτε,
887 2252 1117 2340 λοιδορούμενος
1137 2256 1189 2316 ούκ
1201 2257 1292 2320 ἀντε-

100 2357 239 2443 λοιδόρει,
256 2363 387 2443 πάσχων
405 2363 457 2422 ούκ
473 2355 621 2430 ἠπείλει.ὅ
1237 2345 1241 2352 ’

191 2486 221 2550 α)
241 2480 291 2554 ὅροι
309 2485 353 2535 καὶ
372 2484 416 2534 τόν
436 2484 564 2537 ακανόνα
582 2489 629 2544 τῆς
649 2482 675 2536 ίν
695 2485 801 2549 Νιταίᾳ.

190 2571 221 2644 β)
242 2576 270 2624 in
283 2591 384 2626 summo
397 2576 515 2640 margine
528 2593 560 2624 m.
576 2593 614 2639 pr.
628 2574 747 2642 Σχόλιον.
771 2572 907 2645 Ἐπίορκός
921 2573 992 2626 ίστεν
1011 2574 1118 2642 ἤγουνὸ
1133 2573 1237 2642 όρινύων
1251 2572 1293 2626 ε’πί

100 2666 137 2733 τῷ
148 2662 255 2731 ὀνόματι
264 2664 356 2734 κυρίου
366 2660 479 2732 ψευδῶς·
499 2661 553 2714 ἔστι
567 2661 594 2715 δὲ
608 2663 750 2733 κεράλαιον
764 2662 797 2726 ξζ
809 2669 856 2724 τῆς
867 2681 881 2724 ς
892 2662 1063 2724 ἑκατοντάδες
1076 2669 1128 2717 τῶν
1141 2667 1294 2733 γνωστικῶν

101 2752 251 2823 κτραλαίων
261 2755 307 2804 τοῦ
317 2750 394 2821 όιγίου
405 2749 529 2819 Μαξίμου
539 2755 584 2806 καί
596 2755 621 2815 ζ·
633 2771 731 2819 paucas
741 2771 810 2820 quae
819 2758 997 2822 sequebantur
1006 2758 1097 2808 literas
1107 2759 1180 2808 tinea
1189 2757 1294 2807 delevit.

192 2843 224 2912 γ)
244 2845 375 2909 sequitur:
396 2841 515 2910 Σχόλιον.
535 2844 687 2910 Σημιίωσαι
709 2842 749 2896 ὅτι
768 2842 916 2916 ἀρορισμός
935 2843 992 2897 ἐστι
1010 2843 1054 2897 καί
1073 2847 1102 2896 τό
1116 2844 1144 2897 ίν
1157 2843 1296 2912 ἐπιτιμίοις

102 2933 226 3003 γενίσθαι
246 2936 301 2992 τοῖς
319 2930 481 3003 ἐκβάλλουσι
500 2937 552 2984 τῶν
571 2933 654 2986 θείων
673 2931 821 3006 περιβόλων
846 2936 890 2986 καί
910 2935 975 3006 πρὸς
993 2937 1040 2996 τὴν
1065 2939 1118 2986 τῶν
1138 2933 1295 3002 μετανοούν-

103 3040 155 3074 των
169 3024 312 3074 καθιστᾶσι
325 3023 428 3093 χόιραν.
449 3020 550 3074 ν’ίδοίι
563 3019 682 3076 ἐνταῦθα
695 3023 791 3076 κωλύει
803 3025 870 3076 κατὰ
883 3021 977 3076 ταύτόν
990 3023 1168 3096 ἀρομίζεσθτιί
1181 3025 1296 3076 τινακαὶ

105 3113 296 3182 καθαιρεῖσθαι
311 3115 352 3174 (Μ
364 3109 572 3182 καθαίρεσθαι).
592 3113 621 3164 τό
642 3109 706 3164 αύτό
721 3111 748 3164 δί
761 3111 830 3178 λέγει
849 3112 920 3166 καλό
935 3113 1009 3182 ἅγιος
1025 3114 1166 3172 Βασίλειος
1183 3112 1210 3166 ίν
1230 3116 1267 3180 τῷ
1279 3132 1299 3180 γ,

104 3205 148 3254 καί
160 3201 196 3273 λβ
209 3203 306 3254 κανόνι.
319 3205 381 3254 inde
393 3220 410 3254 α
422 3204 497 3269 signo
509 3219 532 3252 ε·
544 3205 656 3254 habetur
668 3206 746 3256 etism
758 3206 787 3256 in
800 3222 833 3266 m,
848 3207 898 3256 nisi
912 3207 983 3272 quod
994 3202 1061 3264 ίδοῡ,
1076 3205 1214 3263 καταυτόν,
1228 3201 1296 3274 ἀρο-

106 3294 230 3364 ρίζεσθαι
240 3293 307 3362 τινὰ
325 3286 427 3360 legitur,
448 3289 476 3343 δλ
493 3295 569 3344 abest
585 3301 612 3344 et
629 3301 722 3357 postea
738 3290 765 3345 όν
780 3293 818 3360 τῷ
831 3293 911 3365 τρίτῳ
921 3296 965 3346 καί
975 3292 1086 3362 είκοστῷ
1096 3295 1140 3344 καί
1150 3295 1297 3362 τριακοστῷ

64 3427 68 3433 .
106 3381 218 3453 δευτίρῳ
233 3378 314 3433 αὐτοῦ
328 3383 416 3432 κάνονι
429 3383 547 3434 habetur.

197 3470 224 3537 δ)
246 3475 292 3531 τῆς
311 3469 338 3522 ίν
358 3471 635 3524 Κωνσταντινουπόλει
654 3493 672 3525 α
690 3475 733 3526 καί
754 3470 782 3542 β,
801 3489 858 3523 καν.
877 3471 906 3524 θ.
926 3473 969 3522 καί
988 3475 1035 3533 τῆς
1053 3470 1219 3539 Ἀντιοχείας
1238 3487 1296 3522 καν.

108 3582 129 3614 ε.
150 3563 222 3623 ζὴτει
241 3559 285 3612 καί
304 3561 333 3612 τό
353 3577 384 3620 κς
402 3559 543 3628 κεφάλαιον
561 3565 609 3614 τοῦ
628 3563 648 3612 θ
669 3562 768 3614 τίτλον.
794 3564 911 3629 sequitur
934 3565 963 3614 in
985 3564 1077 3614 οοιίίσο
1099 3568 1161 3626 post
1179 3559 1297 3622 ἠπείλειε

107 3650 226 3719 Σχύλιον.
253 3648 300 3710 Εἰς
320 3647 397 3702 αὐτόν
417 3647 498 3709 δῆλον
521 3648 561 3702 ὅτι
579 3649 785 3722 ἁμαρτάνοντας,
806 3649 851 3710 οὓς
869 3653 913 3704 καί
926 3649 1015 3703 τύπτει
1039 3649 1084 3704 διὰ
1105 3653 1152 3702 τσῦ
1177 3649 1299 3702 ε’ντεύθεν

108 3739 193 3812 ρόβου
213 3741 242 3792 τό
262 3741 298 3807 μὴ
324 3741 367 3791 καὶ
391 3737 493 3811 ίτίρονς
515 3741 547 3792 τόι
571 3739 651 3808 ὅμοια
675 3740 712 3799 τίς
737 3737 816 3794 αὐτόν
843 3740 1009 3822 πλημμελεῖν
1027 3738 1298 3812 προσδιορθούμενος,

189 3834 201 3872 2
217 3831 237 3872 ί.
248 3832 285 3872 καὶ
295 3826 366 3875 ούτως
377 3827 443 3884 ίρυγε
453 3831 539 3882 „aliast
550 3832 609 3882 ιιριιιί
624 3843 644 3870 τ.
659 3853 685 3862 -
699 3835 751 3884 post
764 3829 822 3882 ἄξιος
837 3831 868 3874 Or
881 3833 967 3873 uddunt
981 3829 1105 3884 ἐπισκοπῆς.
1120 3852 1148 3860 -
1159 3827 1260 3886 γενίσθευ
1275 3830 1301 3882 0,

108 3904 221 3950 ίπίσιιοποτ
231 3900 328 3959 γινίσθω
338 3915 357 3942 ε.
370 3925 395 3932 -
405 3906 418 3946 ³
428 3901 440 3944 ό
450 3901 525 3944 ίσντόν
541 3901 571 3956 d„
587 3903 617 3956 μὴ
634 3905 659 3944 G.
672 3925 697 3933 -
712 3901 869 3958 ἀεροτηριίισετ
879 3905 909 3944 Μ.
921 3924 947 3933 -
957 3901 1092 3958 σύτοφόντης
1102 3902 1128 3954 O,
1139 3901 1301 3956 σύεοροιευτὴε

108 3978 174 4017 etlam
189 3987 208 4016 ο,
224 3997 251 4006 -
264 3979 278 4016 ί
292 3973 370 4016 ίαυτού
380 3986 405 4015 cv
416 3975 441 4026 O,
457 3977 524 4016 habnt
539 3987 557 4014 ε.
570 3997 594 4004 -
604 3979 617 4016 5
627 3972 704 4031 φονεὺς
714 3977 781 4018 σείετο
791 3987 820 4024 m,
832 3973 939 4030 φονεοτίγτ
949 3977 991 4015 Ην.
1004 3997 1028 4005 —-
1041 3977 1051 4015 7
1067 3973 1123 4016 ίστιν
1135 3976 1241 4016 volabunt
1251 3975 1299 4016 Om.

108 4071 135 4079 -
149 4051 162 4089 ύ
177 4045 188 4089 θ
202 4059 244 4099 ρεο
260 4046 292 4089 ίπί
308 4048 334 4098 0,
349 4049 389 4088 ιοιί
402 4059 414 4087 ο
429 4046 471 4088 ίπί.
489 4070 512 4077 -
532 4049 568 4088 καὶ
582 4048 652 4104 κλοπῇ
667 4049 700 4098 Π,
722 4050 762 4089 sed
777 4045 791 4100 η
806 4047 840 4088 ιλ.
856 4059 885 4088 m.
901 4049 1128 4088 -1οΝιίιιιειιίθ,
1144 4068 1170 4077 -
1186 4050 1210 4088 11
1227 4045 1261 4087 ίπί
1275 4045 1301 4087 τό

108 4117 161 4162 σύτδ
182 4120 261 4170 mor,
282 4124 334 4170 ροσε
353 4131 410 4170 qnae
429 4118 527 4161 ειίείίίίν
543 4117 617 4174 θλίψει
633 4121 664 4170 0,
687 4123 764 4161 contr·
785 4131 851 4171 quun
866 4131 885 4160 ο.
901 4141 928 4150 -
947 4117 970 4159 θί
984 4131 1010 4160 ιν
1025 4119 1075 4168 ΡΟ,
1095 4118 1163 4160 habet
1177 4129 1197 4158 ε.
1217 4116 1302 4171 όμοίωε

108 4192 145 4233 καί
160 4188 193 4244 [θλ
208 4191 229 4243 ο]
245 4189 266 4231 οί
280 4190 351 4231 λοιποί
366 4189 466 4246 κληρικοί
481 4192 508 4248 τῇ
523 4190 578 4248 αὐτῇ
593 4190 675 4246 πίρίσει
685 4189 851 4234 ὑποκείσθωσαν
861 4194 882 4232 Η
892 4191 952 4244 ,,σί.“
967 4193 1027 4242 apud
1038 4203 1057 4230 ο.
1073 4201 1102 4232 ει
1111 4202 1132 4231 m
1143 4189 1300 4242 spangenber-

109 4266 167 4314 πίον,
183 4265 221 4313 qui
231 4263 355 4302 Ηείοειιᾱτί
365 4264 486 4304 editionem
497 4267 615 4316 οκρεοιιοίε,
632 4266 660 4304 nd
670 4266 730 4304 illius
741 4263 824 4317 ὁμοίως
833 4266 948 4306 εύσοιενίε
962 4261 994 4308 ὼε
1004 4259 1084 4308 οὕτως.
1095 4285 1122 4293 -
1133 4265 1158 4303 12
1167 4259 1302 4317 προσελθόν-

109 4347 154 4376 των
165 4337 230 4375 σείετο
240 4345 262 4374 m
271 4337 294 4374 εί
303 4333 362 4386 „alf
372 4337 433 4386 ερυιί
443 4347 461 4385 ο,
473 4333 657 4389 προεληλυθότων
668 4337 690 4376 Η
700 4341 723 4376 σε
731 4335 791 4386 ,,σί.“
801 4339 860 4387 apud
871 4349 890 4386 ο,
902 4333 1056 4390 προελθόντων
1066 4338 1084 4376 1³
1094 4338 1117 4376 et
1130 4335 1191 4386 „w
1205 4335 1265 4384 apud
1281 4346 1300 4382 ο,

109 4405 264 4460 παρελθόντων
274 4405 300 4446 0.
311 4427 338 4435 -
347 4407 373 4446 ίθ
384 4402 462 4459 μόνους
471 4407 539 4458 11Ρο,
556 4405 621 4461 μόνον
636 4420 654 4447 ο.
666 4429 691 4438 -
704 4408 729 4448 ίθ
743 4405 766 4448 δί
780 4405 887 4449 τοιούτων
898 4410 927 4459 Η,
943 4406 979 4450 διὰ
989 4405 1076 4450 τούτων
1087 4419 1106 4448 τ.
1117 4427 1144 4438 --
1154 4402 1270 4450 ίθόλοντας
1280 4417 1300 4454 ε,

110 4475 203 4518 θέλοντα
213 4479 240 4518 Η.
253 4479 316 4518 -16
329 4477 486 4531 πρωςύττομεν
497 4481 521 4530 P,
538 4479 687 4535 προςάττορεν
702 4480 731 4519 Η.
743 4499 768 4508 -
784 4479 850 4522 ταῦτα
860 4479 886 4528 0,
903 4479 967 4520 τοῦτο
982 4491 1001 4518 ε.
1013 4501 1039 4510 -
1050 4479 1109 4532 ἡμᾶς
1122 4483 1173 4530 pont
1187 4477 1226 4532 γὰρ
1237 4477 1263 4516 (ί.
1275 4497 1303 4506 -

110 4547 204 4598 ίδίδσξεν
219 4561 247 4589 m.
265 4571 290 4578 —
306 4551 329 4587 17
348 4547 474 4590 ἀντίτυπτεν
489 4562 518 4591 m.
535 4573 560 4580 —
574 4551 635 4591 Ρείε.
652 4551 662 4590 1
678 4552 694 4590 li
709 4552 742 4590 28.
