3052 4974
106 387 122 456 β
142 387 212 442 5-6
1190 395 1230 461 17

107 558 147 622 ἐν
169 569 243 633 ταῖς
265 565 443 641 κυριακαῖς
455 558 595 640 βίβλοις,
617 553 723 633 πολύς
743 557 782 622 ἐν
797 551 1071 641 άναγνῶσμασιν,
1094 559 1152 625 ἵνα
1173 547 1236 635 τὰς

105 655 243 742 γραφάς
265 659 429 741 ἐπιμελῶς
449 656 632 742 ἑρμηνεύη·
655 653 856 742 ὁμοστοίχως
876 669 944 734 τοῖς
965 659 1154 744 προφήταις
1175 660 1232 727 καλ

105 764 153 847 τῶ
179 758 274 845 νόμῳ
300 756 339 823 τὸ
368 755 564 842 εὐαγγέλιον
589 761 622 841 *,
656 755 778 843 ὁμοίως
804 763 850 846 τῷ
880 756 1063 848 εὐαγγελίῳ
1090 766 1232 847 στοιχεί-

105 877 222 926 τωσαν
244 862 283 926 αἱ
300 859 339 926 ἐκ
360 860 469 943 νόμον
490 859 547 926 καὶ
569 865 755 947 προφητῶν
782 860 964 946 ἑρμηνεῖαι.
1011 863 1099 946 λέγει
1125 861 1191 947 γὰρ
1215 859 1233 929 ὁ

107 964 228 1049 κύριος
250 961 377 1048 Ἰησοῦς
403 959 580 1045 Ἐρευνᾶτε
609 961 667 1038 τάς
697 963 846 1047 γραφάς,
879 960 928 1026 ὅτι
959 954 1061 1028 αῦταί
1085 967 1170 1029 είσιν
1197 962 1237 1030 αἱ
1249 979 1266 1028 5

105 1065 341 1151 μαρτυροῦσαι
362 1064 440 1148 περὶ
461 1064 560 1148 ἐμοῦ·
591 1064 648 1131 καὶ
671 1063 775 1128 πάλιν
796 1063 883 1149 Περὶ
909 1063 975 1148 γὰρ
1000 1065 1084 1148 ἐμοῦ
1108 1069 1233 1149 Μωσῆς

106 1171 266 1252 ἔγραψεν.
309 1164 375 1251 πρὸ
397 1166 536 1232 πάντων
557 1167 594 1231 δὲ
616 1165 811 1242 διαστολεῦς
832 1163 961 1249 ἀγαθὸς
983 1167 1148 1250 γινέσθω,
1173 1167 1233 1232 νό-

105 1291 173 1352 μον
201 1269 259 1334 καὶ
278 1268 483 1353 δευτέρωσιν
509 1269 668 1353 διαιρῶν,
696 1266 753 1332 καὶ
779 1267 947 1333 δεικνύων
972 1269 1008 1334 τί
1030 1268 1133 1352 νόμος
1160 1265 1232 1334 ἐστὶ

106 1373 239 1436 πιστῶν
267 1368 325 1436 καὶ
351 1375 387 1434 τί
411 1369 518 1454 δεσμὰ
546 1368 698 1435 ἀπίστων
705 1418 715 1451 ,
750 1371 807 1435 ἵνα
833 1370 879 1453 μή
908 1393 958 1446 τις
986 1366 1137 1456 ῦποτιέση
1163 1382 1233 1448 τοῖς

106 1474 255 1557 δεσμοῖς.
306 1473 466 1556 ἐπιμελοῦ
489 1462 552 1538 οὖν
574 1471 776 1555 τοῦλόγου,
806 1471 982 1553 ἐπίσκοπε,
1012 1472 1086 1553 ἵνα,
1118 1473 1150 1536 εί
1168 1473 1231 1536 ιῖν-
1250 1485 1283 1536 ῖο

107 1573 214 1640 νατύν
235 1589 306 1656 σοι,
327 1573 438 1638 πάντα
459 1571 543 1638 κατὰ
564 1575 654 1652 λέξιν
675 1572 883 1659 ἑρμηνεύσης
904 1571 960 1638 καὶ
984 1574 1022 1638 ἐν
1049 1575 1159 1657 πολλῇ
1179 1573 1233 1638 βι-

107 1678 196 1762 σαχῇ
221 1677 392 1751 πλουσίως
413 1673 538 1762 τρέφης
559 1675 617 1741 καλ
639 1678 773 1760 ποτίζης
799 1671 860 1738 τὸν
886 1673 970 1740 λαόν
991 1675 1055 1738 σου
1076 1673 1136 1738 τὸν
1158 1697 1232 1758 φω-

107 1775 229 1862 τισμὸν
253 1780 314 1842 τοῦ
341 1775 458 1862 νόμον,
512 1781 681 1861 φωτίσατε
711 1775 794 1861 γάρ,
821 1779 926 1861 φησίν
943 1777 972 1857 *,
1000 1774 1132 1852 ἑαυτοῖς
1161 1779 1233 1860 φῶς

71 1881 283 1964 6γνῶσεως,
306 1874 351 1956 ῶς
371 1881 420 1945 ἔτι
438 1877 563 1964 καιρός.
591 1881 595 1966 Ι
621 1882 705 1944 ἔστω
727 1878 764 1942 δὲ
788 1874 805 1942 ὁ
826 1876 1009 1953 ἐπίσκοπος
1029 1875 1074 1961 μή
1096 1879 1233 1960 αίσχρο-

107 1983 249 2069 κερῦής,
269 1979 326 2048 καὶ
341 1981 484 2064 μάλιστα
503 1981 645 2046 ἐπὶτῶν
665 1980 833 2062 ἐθνικῶν,
857 1977 1089 2062 βλαπτόμενος
1102 1982 1233 2063 μᾶλλον
1252 1993 1284 2045 ιο

105 2081 129 2172 ἤ
149 2081 395 2170 βλάπτων,μή
418 2082 630 2166 πλεονέκτης,
651 2079 696 2166 μή
714 2075 835 2166 ἅρπαξ,
858 2079 902 2165 μη
925 2078 1164 2166 άποστερητής,
1187 2077 1232 2164 μή

107 2185 363 2272 φιλοπλούσιος,
385 2209 429 2269 μη
450 2183 669 2268 μισύπτωχος,
691 2180 736 2267 μή
753 2183 949 2264 κατύλαλος,
971 2180 1014 2265 μιΙ
1037 2181 1233 2267 ψευδομάρ»

107 2313 179 2372 τοι,
202 2285 248 2372 μὴ
266 2285 440 2371 θυμώδης,
462 2283 507 2371 μὴ
525 2286 721 2370 φιλόνικος,
743 2282 787 2368 νὴ
809 2296 882 2360 ταῖς
903 2287 964 2348 τοῦ
983 2287 1062 2367 βίον
1077 2304 1233 2366 ποτενα-

107 2394 214 2467 τείαις
241 2389 554 2472 συμπεπλεγμένος,
582 2383 627 2470 μή
640 2384 864 2472 ,ἐγγυῶμενός
885 2409 962 2450 τινα
987 2379 1010 2468 ἢ
1031 2386 1233 2468 συνηγορῶν

107 2494 220 2569 δίκαις
237 2499 466 2576 χρηματικαῖς,
488 2486 532 2572 μή
553 2492 726 2572 φίλαρχος,
747 2486 790 2570 μή
814 2489 999 2572 δίγνωμος,
1021 2483 1066 2572 μή
1087 2487 1233 2569 βίγλωσ-
1249 2499 1285 2552 20

108 2613 182 2677 σος,
210 2597 256 2677 μη
286 2589 370 2676 πρὸς
395 2587 559 2675 διαβολὴν
583 2584 606 2674 ἢ
633 2587 840 2654 καταλαλιῦν
865 2588 1046 2673 φιλήκοος,
1074 2585 1118 2672 μὴ
1147 2583 1233 2652 ὑπο-

108 2696 242 2782 κριτής,
271 2691 317 2778 μή
338 2702 410 2770 ταῖς
429 2691 560 2778 ἑορταῖς
580 2691 786 2756 τῶνέθνῶν
808 2689 1068 2776 ἐπορεγόμενος,
1091 2686 1234 2766 ἀπάταις

108 2809 223 2874 κεναῖς
243 2795 287 2880 μή
309 2793 498 2880 χρῶμενος,
520 2794 604 2878 μηδὲ
624 2790 882 2877 ἐπιθυμητικός,
907 2791 951 2874 μή
971 2793 988 2831 *
1005 2790 1231 2876 φιλάργυρος·
1255 2835 1260 2844 -

109 2899 159 2967 ὅτι
182 2899 294 2966 πάντα
315 2894 356 2962 τά
377 2899 515 2962 τοιαῦτα
537 2892 645 2979 ἐχθρὰ
666 2897 727 2959 τοῦ
747 2898 834 2960 θεοῦ
855 2891 1015 2977 τυγχάνει
1037 2889 1094 2957 καί
1114 2892 1233 2974 δαιμό-

107 3027 181 3070 νων
209 3003 304 3087 φίλα.
349 2999 453 3062 ταῦτα
478 2997 516 3062 δὲ
542 2995 652 3062 πάντα
678 2995 826 3072 καὶτοῖς
853 2999 982 3071 λαῖκοῖς
1005 2991 1023 3059 ὁ
1050 2992 1234 3067 ἐπίσκοπος
1250 3007 1284 3058 25

107 3099 409 3189 διαβεβαιούμενος
430 3098 697 3187 παραγγελλέτω,
721 3098 854 3181 ε’νύγων
873 3093 998 3171 αύτούς
1018 3091 1160 3179 μιμητάς
1179 3096 1234 3176 γί-

108 3214 232 3275 νεσθαι
255 3207 316 3269 τοῦ
336 3200 459 3268 ἑαυτοῦ
478 3201 617 3286 τρόπον.
663 3196 814 3285 εὐλαβεῖς
835 3198 917 3284 γάρ,
941 3200 1042 3282 φησί,
1070 3194 1233 3280 ποιήσατε

176 3360 311 3421 510115,
330 3356 386 3420 391
410 3355 426 3407 6
449 3357 547 3420 10h5,
566 3355 599 3406 46
619 3357 623 3420 1
646 3355 676 3408 13
695 3356 769 3407 Osee
790 3353 834 3418 10,
855 3354 887 3404 12
907 3355 911 3418 Ι
929 3353 963 3402 27
982 3353 1066 3404 Levit
1087 3351 1123 3414 15,
1143 3351 1174 3402 31

111 3503 124 3554 l
147 3499 260 3567 βίβλοις
344 3500 566 3574 άναγνύσμασιν
588 3513 645 3573 xyt,
664 3505 715 3559 καὶ
733 3498 847 3573 ἑορταῖς
864 3523 887 3556 w
908 3507 912 3568 1
932 3505 949 3558 3
968 3495 1134 3571 ἑρμηνεύων
1150 3502 1185 3569 -Ι-
1201 3509 1233 3569 yt

110 3590 115 3654 Ι
134 3589 190 3640 3.4
208 3583 402 3658 στοιηήτωσαν
418 3609 435 3644 x
455 3597 460 3653 Ι
479 3593 496 3642 6
513 3591 627 3660 μωῦσῆς
644 3609 668 3643 w
684 3594 689 3657 Ι
705 3594 720 3642 7
740 3586 849 3658 ἔγραφε
867 3597 879 3641 t
898 3588 903 3657 Ι
924 3591 938 3640 7
956 3585 1098 3655 γεινέσθω
1114 3607 1133 3655 y
1154 3591 1157 3652 Ι
1178 3587 1233 3640 7.8

108 3671 201 3742 νόμου
219 3693 244 3726 w
270 3677 275 3740 Ι
302 3668 414 3728 Θίστίν
431 3694 458 3742 y,
478 3669 536 3728 ἐστι
560 3682 624 3728 ante
648 3669 735 3743 νόμος
752 3685 764 3726 t
784 3679 788 3742 Ι
805 3667 985 3728 9.-ῦποπέσει
1003 3691 1021 3740 y
1042 3674 1046 3742 Ι
1069 3674 1099 3725 10
1117 3668 1145 3725 εί
1161 3689 1231 3738 my,

108 3748 158 3827 ἦῖ
177 3763 181 3826 Ι
203 3761 234 3812 11
255 3751 442 3828 ἑρμηνεύσειε
458 3777 497 3826 w,
521 3753 697 3829 ἐρμηνεύσῃς
714 3753 747 3826 γ,
776 3751 983 3826 ἓρμηνεύηςα,
1009 3749 1178 3824 ἑρμηνεύειν
1196 3763 1208 3807 t

110 3847 139 3896 11
159 3845 237 3912 πολεῖ
254 3846 285 3908 ῖΙ
306 3846 338 3896 12
355 3840 470 3912 τρέφεις
487 3861 547 3910 wxy
569 3845 571 3909 Ι
594 3845 625 3897 12
642 3833 765 3908 ποτίζεις
783 3835 1000 3918 ῦτγ,·’φωτίζης
1018 3849 1030 3896 t
1049 3841 1052 3906 Ι
1075 3842 1106 3894 13
1116 3843 1166 3908 φῆ
1184 3859 1208 3891 w
1227 3842 1232 3906 Ι

110 3921 167 3984 13ῦ
180 3924 254 3988 θεὸς
263 3928 332 3996 «Ι-γῖ
347 3929 352 3994 Ι
370 3928 401 3980 13
411 3921 531 3989 ἕαυτοῦς
541 3947 565 3979 w
580 3932 584 3995 Ι
602 3923 824 3995 14ἐτιτγ1,ἐ’στι
838 3923 862 3980 τε
877 3927 882 3996 Ι
898 3929 930 3979 15
943 3919 1080 3993 ἐθνηκῶν·
1089 3937 1122 3988 w,
1136 3920 1234 3978 ἐθνῶν

107 4021 138 4080 γι
156 4017 160 4082 Ι
184 4017 216 4067 16
228 4009 460 4080 βλαπτύμενοςγ
474 4011 479 4080 Ι
498 4013 536 4064 18.
553 4013 583 4064 19
594 4012 789 4079 πραγματίαις
801 4030 827 4075 x,
845 4012 1033 4078 πραγατείαις
1045 4028 1063 4076 γ
1077 4013 1081 4076 Ι
1098 4009 1130 4061 111
1148 4000 1167 4076 ἢ
1180 4026 1231 4068 wx,

108 4096 146 4166 μὴ
164 4105 197 4166 γῖ
213 4099 217 4162 Ι
233 4098 265 4149 21
286 4099 432 4163 φιλείκοος
449 4100 498 4161 W,
519 4091 589 4165 φιλή
608 4095 675 4166 [sic]
695 4116 713 4149 1
732 4102 737 4164 Ι
756 4099 790 4150 23
803 4101 948 4156 καιναῖςε
969 4099 973 4160 Ι
993 4095 1027 4148 23
1045 4089 1077 4146 61
1094 4092 1128 4157 -Ι-
1146 4099 1158 4143 t
1173 4095 1177 4157 Ι
1199 4095 1232 4142 24

108 4179 246 4252 τυγχάνει
265 4199 322 4244 wx,
345 4175 468 4250 ῦπάρχει
485 4189 516 4248 yt
537 4185 541 4246 Ι
560 4183 594 4233 25
619 4175 651 4234 (11
673 4183 708 4245 >
725 4201 749 4233 w
764 4184 768 4246 Ι
783 4184 817 4234 25
834 4175 849 4234 ὁ
869 4175 1023 4239 ἐπίσκοπος
1042 4185 1106 4230 ante
1126 4175 1175 4228 κα1
1194 4182 1206 4226 t
1226 4175 1230 4242 Ι

109 4269 142 4320 26
159 4261 364 4335 παραγγελέτω
383 4284 428 4333 wy
448 4267 452 4333 Ι
477 4265 518 4318 26.
535 4268 568 4317 21
587 4261 726 4333 γενέσθαι
744 4285 782 4328 w,
805 4267 956 4331 γείνεσθαι
974 4265 1011 4328 y!
1026 4265 1058 4313 27
1078 4275 1167 4328 φησιν
1185 4277 1229 4326 xy,

109 4357 150 4424 φῇ
168 4373 192 4406 τι
215 4357 219 4420 Ι
240 4355 275 4406 27
293 4344 426 4419 ποιήσετε
443 4367 462 4416 y
