3128 4972
670 436 882 498 -34-

173 604 385 688 ejusdemque
410 605 596 689 praeceptis
620 606 847 680 confirmasse3
877 605 1076 668 ludaeorum
1105 612 1218 668 autem
1242 625 1380 669 coenam

173 723 306 788 minime
330 745 386 787 eos
410 726 613 789 observasse.
648 725 747 789 Quod
770 725 858 790 idem
880 731 971 788 recte
989 723 1226 809 judicaverunt
1247 724 1380 803 Bavn²,

173 843 418 923 Hrnsnnrmn‘,
437 845 558 924 ΗΜ,
577 847 721 924 Srmrn⁴,
741 864 806 909 vnn
822 845 1017 923 brunwarr‘,
1036 843 1206 908 Esnnnn‘.

260 1083 484 1168 Cognovimus
505 1084 614 1150 adhuc
635 1092 735 1168 atque
751 1083 991 1148 illustravimus
1008 1093 1042 1147 et
1059 1105 1141 1166 quae
1158 1082 1322 1147 Eusebius
1339 1084 1381 1148 de

174 1203 372 1268 Asianorum
383 1202 450 1267 ritu
459 1203 793 1287 paschalimemoriae
803 1203 942 1268 tradidit
952 1211 987 1268 et
996 1225 1080 1288 quae
1090 1203 1276 1288 fragmenta
1287 1206 1383 1269 chro-

174 1323 240 1388 nici
258 1323 423 1408 paschalis
447 1332 481 1387 et
496 1324 807 1408 Pseudo-Origenes
830 1323 978 1388 referunt
994 1324 1034 1388 de
1051 1324 1247 1408 quibusdam
1263 1331 1382 1409 quarto

176 1443 303 1508 decimo
320 1443 372 1508 die
389 1445 511 1527 pascha
531 1443 787 1508 celebrantibus.
820 1445 867 1507 Et
887 1447 946 1507 hos
965 1453 999 1508 et
1018 1443 1094 1508 illos
1113 1443 1267 1528 religiose
1287 1467 1383 1528 quar·

175 1571 249 1627 tum
265 1563 428 1628 decimum
444 1563 613 1647 paschatis
629 1563 716 1628 diem
734 1565 927 1628 observasse
943 1563 1096 1628 vidimus.
1123 1565 1188 1628 Sed
1198 1564 1268 1648 jam
1283 1585 1383 1647 quae·

176 1683 275 1762 titur,
307 1692 418 1748 utrum
441 1683 540 1748 iidem
565 1683 688 1748 fuerint
711 1683 803 1748 hiet
826 1682 876 1746 illi
898 1705 1014 1748 necne.
1060 1683 1216 1748 Wurrzm
1239 1683 1324 1748 enim
1348 1692 1384 1748 et

177 1805 290 1868 Srnrm
314 1804 423 1888 etqui
447 1827 503 1867 eos
525 1803 632 1867 secuti
653 1811 731 1867 sunt
754 1803 1006 1882 contenderunt,
1033 1804 1232 1868 catholicam
1249 1804 1383 1888 quidem

178 1923 278 1986 Asiae
306 1923 480 1987 ecclesiam
503 1931 622 2005 quarto
645 1922 773 1987 decimo
797 1923 850 1988 die
879 1924 1069 1988 memoriam
1092 1923 1234 1989 mortis
1258 1922 1385 1988 Christi

178 2042 285 2126 egisse
293 2067 302 2118 ;
331 2043 406 2107 illos
427 2052 549 2120 autem,
576 2065 657 2126 quos
675 2043 886 2126 Apolinarius
910 2052 944 2107 et
960 2043 1164 2128 Hippolytus
1187 2051 1222 2108 et
1236 2045 1383 2108 Pseudo-

179 2162 340 2246 Origenes
360 2161 637 2246 impugnaverint,
659 2163 967 2246 quartodecimanos
984 2165 1059 2247 plus
1075 2163 1225 2228 minusve
1241 2165 1383 2228 Judaeo-

177 2305 250 2346 rum
273 2281 438 2346 erroribus
462 2281 662 2361 adhaesisse,
687 2282 735 2346 ita
756 2290 795 2346 nt
818 2282 904 2347 inter
927 2286 987 2348 hos
1012 2291 1046 2348 et
1069 2283 1144 2347 illos
1163 2293 1316 2348 accurate
1339 2284 1384 2346 sit

178 2401 463 2486 distinguendum.
511 2403 576 2466 Sed
600 2402 786 2487 quicunque
815 2405 900 2467 hano
924 2426 992 2467 rem
1017 2403 1210 2488 diligentius
1233 2402 1383 2467 conside-

177 2521 310 2600 raverit,
336 2521 506 2586 Weitzelii
525 2530 558 2586 et
575 2521 708 2586 Steitzii
724 2523 923 2588 sententiam
946 2523 1039 2588 illam
1063 2523 1215 2588 omnibus
1238 2521 1385 2587 inveniet

178 2641 383 2726 argumentis
407 2641 616 2706 destitutam.
664 2643 837 2726 Nusquam
867 2642 954 2706 enim
983 2643 1070 2728 apud
1093 2643 1273 2707 Eusebium
1304 2643 1385 2727 legi·

178 2785 267 2840 mus,
297 2761 438 2825 Asianos
462 2771 580 2844 quarto
609 2761 737 2826 decimo
761 2762 814 2827 die
843 2763 1033 2827 memoriam
1061 2763 1178 2827 mortis
1201 2762 1386 2828 Servatoris

179 2881 298 2964 egisse.
332 2881 405 2944 Imo
429 2880 457 2943 si
477 2881 578 2944 ritum
601 2903 714 2945 eorum
736 2883 1032 2966 comparaverimus
1056 2905 1130 2947 curn
1147 2883 1385 2948 consuetudine

179 3002 222 3065 ab
237 3000 422 3085 Hippolyto
442 3010 476 3065 et
492 3001 787 3085 Pseudo-Origene
804 3001 1001 3085 vituperata,
1027 3005 1111 3066 hanc
1135 3002 1185 3066 illi
1199 3003 1385 3100 videbimus

180 3121 332 3186 omnibus
355 3119 500 3185 numeris
523 3122 732 3204 respondere.
769 3121 910 3205 Utrique
933 3121 1021 3186 diem
1045 3130 1199 3206 quartum
1222 3122 1387 3187 decimum

180 3262 320 3324 eumque
344 3242 451 3305 solum
472 3240 679 3305 sollemniter
694 3241 923 3322 celebrabant;
948 3241 1079 3327 utrique
1101 3242 1233 3307 hoodie
1250 3265 1386 3307 coenam

181 3359 381 3424 dominicam
404 3359 693 3438 administrabant,
718 3383 802 3445 quae
825 3361 956 3445 quidem
981 3384 1101 3427 coenae
1122 3362 1305 3427 dominicae
1328 3363 1386 3426 ad-

180 3478 380 3543 ministratio
411 3485 510 3563 caput
539 3486 575 3542 et
603 3503 731 3544 summa
758 3489 830 3546 erat
855 3482 1087 3547 celebrationis
1095 3508 1104 3560 ς
1132 3483 1264 3567 utrique
1287 3483 1386 3566 hujus

181 3598 245 3662 diei
278 3597 542 3662 observationem
575 3621 592 3663 e
624 3607 735 3665 vetere
767 3609 971 3666 testamento
1004 3605 1199 3686 repetebant
1206 3628 1215 3679 ;
1255 3601 1387 3686 utrique

269 3805 278 3838 ¹
305 3803 406 3867 Theoi.
423 3805 549 3868 Jahrbb.
569 3815 662 3884 1844,
678 3833 707 3890 p.
719 3816 781 3872 646
797 3833 840 3890 sq.
858 3818 921 3871 not.
938 3845 970 3854 -
985 3807 1108 3870 Kartera.
1126 3805 1201 3868 Eoo.
1219 3831 1248 3890 p.
1261 3815 1332 3872 336.
1349 3843 1383 3854 ··

181 3890 245 3953 Dic
260 3890 326 3952 drei
342 3897 440 3954 ersten
456 3890 586 3954 latrat.
607 3919 636 3976 p.
655 3900 725 3957 158.

268 3975 280 4009 ‘
306 3975 406 4038 Theoi.
424 3976 549 4039 Jalrtb.
570 3985 661 4054 1849,
678 4003 707 4060 p.
725 3985 787 4042 230
803 3987 877 4054 not,
893 4003 922 4060 p.
940 3985 1024 4042 233.

269 4063 280 4095 ³
307 4061 379 4123 Tib.
399 4061 520 4134 Schale,
539 4089 567 4145 p.
584 4071 635 4126 43.

267 4149 280 4180 ⁴
306 4147 392 4209 Stoa
412 4171 444 4210 a.
461 4147 546 4210 Krit.
565 4152 659 4224 1857,
675 4171 704 4230 p.
723 4151 794 4212 764.

253 4227 280 4266 '⁶
304 4238 351 4296 De
367 4238 457 4296 saeris
473 4237 674 4316 paschalibus,
690 4258 719 4315 p.
739 4240 799 4296 139
816 4257 859 4314 sq.

269 4318 281 4351 ⁸
312 4317 553 4402 Wiecenscdastl.
572 4316 656 4379 Krir.
676 4323 723 4381 ed.
740 4327 769 4395 3,
786 4343 815 4401 p.
833 4322 1036 4395 1204‚1207.
