3120 4980
149 273 212 326 Lll'

241 453 258 507 5
285 448 317 510 δὲ
341 457 373 510 et
394 447 551 535 virgulam
574 471 638 514 uon
661 451 806 537 agnoscit
822 448 855 515 S.
875 488 917 496 —
935 451 1151 537 συλλειτουργοί
1169 453 1328 538 τοιοῦτοι);

285 578 439 644 συμμαρτ.

242 674 259 725 9
285 666 545 739 artuscensem
561 673 611 740 εἰς,

222 784 255 837 11
286 775 366 838 συλλ.
384 780 471 858 ημῶν
488 775 587 839 πάλιν.
605 813 647 823 -
671 779 866 860 ταχθὴσεται
885 778 933 839 edu
951 779 990 838 ίυ.

221 891 258 945 16
284 891 461 969 sequuntur
481 892 555 968 post
578 889 740 970 μαρτύρων
764 883 895 948 haecce:
918 885 1123 971 παραγγέλλω
1140 907 1184 949 σοι
1202 893 1327 950 ἐνώπιον

284 1001 336 1054 τοῦ
357 992 435 1055 θεοῦ
457 1002 509 1055 τοῦ
526 995 749 1078 ζωογονοῦντος
772 999 811 1056 τὰ
828 999 930 1056 πάντα
946 997 996 1056 καί
1015 995 1115 1066 Ἰησοῦ
1131 1007 1257 1080 χριστοῦ
1273 1009 1328 1059 τοῦ

284 1107 537 1186 μαρτυρήσαντος
570 1105 617 1164 eu
645 1101 768 1164 Ποντίου
796 1101 928 1166 Πιλάτου
961 1110 1014 1174 τὴν
1048 1103 1140 1174 καλὴν
1167 1106 1329 1190 ὁμολογίαν

283 1215 414 1296 τηρῆσαί
429 1230 462 1272 σε
479 1215 532 1281 την
550 1213 668 1280 ἐντολὴν
693 1206 778 1297 [dele
794 1219 913 1296 puncta
929 1209 1047 1300 ribbui]
1073 1213 1198 1276 ἄσπιλον
1222 1216 1325 1276 ἀνεπι-

283 1321 393 1389 ληπτον
409 1322 501 1403 μέχρι
518 1329 572 1390 τῆς
589 1321 765 1406 ἐπιφανείας
780 1330 833 1381 του·
850 1325 950 1404 κυρίου
966 1325 1054 1403 ἡμῶν
1074 1321 1176 1392 Ἰησοῦ
1191 1333 1328 1408 χριστοῦ,

282 1433 320 1499 ἣν
331 1436 447 1511 καιροῖς
462 1425 545 1498 ι’δίοις
559 1423 644 1502 δείξει
661 1431 677 1491 6
693 1432 843 1513 μακάριος
857 1434 905 1490 καί
918 1433 1011 1512 μόνος
1024 1428 1186 1508 δυνάστης,
1202 1433 1217 1493 6
1234 1429 1328 1514 βασι-

282 1536 415 1608 λεὺςτῶν
426 1533 648 1618 βασιλευόντων
661 1543 709 1599 καί
723 1543 822 1622 κόριος
830 1547 890 1600 τῶν
901 1541 1106 1623 κυριευόντων,
1119 1542 1134 1601 ό
1146 1543 1239 1621 μόνος
1248 1543 1327 1624 ἔχων

284 1646 467 1732 ἀφθαρσίαν
478 1652 527 1708 καί
540 1655 607 1732 φῶς
620 1649 706 1708 οἰκῶν
720 1649 892 1731 ἀπρόσιτον,
907 1647 939 1708 όν
955 1645 1030 1709 εἶδεν
1043 1646 1140 1720 οὐδεὶς
1152 1649 1328 1735 ἀνθρώπων

285 1753 352 1818 ocor
377 1753 447 1816 ἰδεῖν
469 1753 614 1832 δόναται,
645 1751 762 1837 ᾧτιμὴ
786 1763 835 1818 ιιαί
859 1759 970 1840 κράτος
993 1760 1112 1818 αἰώνιον
1133 1753 1282 1844 (rimoth.
1307 1780 1328 1819 α

284 1862 316 1925 ri
340 1860 494 1950 13-16).
527 1865 688 1948 ἐρρῶσθαι
711 1867 793 1944 ὑμᾶς
818 1873 1061 1949 περιπατοῦντας
1077 1869 1156 1926 κατὰ
1172 1869 1222 1926 τόν
1239 1871 1327 1928 τόπον

283 1983 343 2034 τῶν
361 1969 553 2056 κηρυξάντων
572 1969 667 2058 [male
689 1992 719 2056 p.
737 1985 817 2035 ω
834 1969 876 2034 26
894 1969 1018 2034 literam
1034 1949 1071 2035 δι
1088 1969 1219 2060 inserui]
1247 1976 1275 2035 ἐν
1293 1986 1327 2054 τη

283 2079 491 2164 μεγαλειότητι
509 2089 560 2142 τοῦ
570 2081 671 2164 λογίου
684 2091 739 2152 της
752 2086 882 2152 πίστεως
897 2086 970 2165 ὑπὲρ
987 2088 1151 2163 μετανοίας
1168 2091 1217 2144 καί
1234 2081 1325 2165 βασι-

285 2189 368 2261 λείας
385 2193 534 2275 οιλρανών,
552 2193 582 2250 ἐν
598 2197 689 2274 κυρίῳ
707 2197 926 2275 προσεύχομαι,
943 2197 1100 2274 ἀγαπητοί
1114 2193 1184 2272 μου.

241 2306 339 2360 restat
358 2306 393 2359 ut
413 2317 465 2360 me
489 2295 568 2360 dues
590 2317 641 2361 res
657 2297 718 2362 hec
734 2295 873 2361 editione
889 2295 1104 2383 assequendas
1120 2297 1198 2360 mihi
1214 2319 1328 2384 propo-

150 2405 251 2472 suisse
264 2403 403 2470 breviter
419 2425 588 2492 exponam,
601 2403 738 2491 primum
751 2413 785 2469 ut
800 2404 900 2470 libros
916 2404 971 2491 qui
987 2415 1075 2472 recte
1091 2403 1221 2470 vivendi
1237 2427 1329 2492 quaa-

150 2509 224 2577 dam
234 2512 411 2578 christianis
420 2513 509 2599 quasi
522 2512 651 2599 regulas
662 2513 825 2576 traderent
837 2525 1007 2599 essentque
1013 2512 1109 2577 Petro
1123 2513 1329 2578 alexandrino

152 2621 344 2709 antiquiores
372 2642 436 2687 uno
458 2621 619 2686 volumine
646 2621 894 2709 comprehensos
922 2621 1123 2702 exhiberem,
1153 2621 1269 2687 deinde
1297 2633 1331 2685 ut

152 2729 301 2796 docerem
325 2753 388 2817 qua
409 2729 537 2815 singula
557 2731 657 2794 verba
679 2728 864 2794 auctoritate
891 2731 1084 2816 legerentur.
1115 2751 1151 2794 ac
1173 2729 1329 2818 principio

151 2839 281 2927 quidem
304 2839 337 2903 iu
361 2838 551 2925 colligendis
575 2837 664 2902 libris
688 2837 732 2901 ita
752 2849 896 2902 versatus
917 2860 1002 2918 sum,
1032 2849 1066 2902 ut
1091 2839 1331 2904 constitutiones

151 2949 341 3036 apostolicas
363 2969 571 3036 seponerem,
601 2947 656 3011 sed
679 2967 743 3010 nou
766 2945 860 3010 simul
882 2947 1035 3011 reicerem
1059 2969 1140 3034 quae
1162 2969 1203 3013 ex
1219 2957 1330 3013 octavo

151 3057 234 3122 libro
256 3057 289 3121 in
309 3063 497 3143 νομοκανόνα
522 3077 613 3120 suum
630 3053 747 3120 Graeci
771 3055 1079 3143 transsumpsissent.
1111 3055 1214 3121 adieci
1238 3077 1331 3143 quae-

153 3187 279 3252 cuuque
300 3165 441 3230 nancisci
462 3174 606 3252 peterem
629 3185 728 3250 opera
749 3163 827 3228 falso
850 3164 1001 3250 apostolis
1018 3163 1145 3246 tributu,
1171 3187 1252 3251 quae
1269 3163 1331 3228 duo

152 3273 255 3338 haheo
278 3273 419 3338 nondum
441 3273 516 3338 sutis
541 3297 559 3336 a
581 3273 739 3359 theologis
761 3271 960 3337 considerate
982 3270 1035 3357 (V.
1053 3271 1129 3360 XI),
1154 3272 1217 3338 duo
1240 3273 1333 3360 plene

152 3404 236 3447 nove
259 3382 352 3471 (XII.
375 3381 492 3468 Xlll):
522 3403 603 3467 quae
626 3379 683 3445 etsi
705 3380 922 3468 apostolorum
944 3402 1009 3445 uon
1030 3391 1118 3463 sunt,
1149 3383 1189 3446 ub
1211 3381 1257 3453 eis,
1280 3381 1333 3467 qui

153 3489 389 3576 antiquissimae
416 3489 570 3554 ecclesiae
603 3487 751 3554 historiae
780 3488 968 3554 scribendae
1000 3511 1129 3577 operum
1162 3488 1239 3553 dant
1269 3489 1333 3575 legi

153 3609 260 3664 temen
273 3601 489 3664 merebuntur.
516 3597 623 3662 uddidi
637 3613 804 3685 praetcrea
817 3598 966 3684 epistolas
979 3619 1061 3685 quae
1073 3611 1227 3664 vocantur
1240 3621 1334 3662 cuno·

154 3708 241 3772 nicas
259 3720 291 3772 et
306 3707 421 3795 synodi
435 3705 698 3793 carthaginiensis
711 3705 882 3770 editionem
896 3727 1046 3792 graecam
1063 3707 1230 3772 torticium
1243 3717 1333 3794 parte

153 3816 404 3904 locupletiorem.
433 3816 514 3881 alter
538 3816 625 3880 loeus
643 3826 711 3878 crat
733 3814 773 3878 de
789 3813 954 3878 audiendis
970 3815 1118 3896 testibus,
1143 3837 1277 3901 quorum
1294 3815 1334 3878 ad

152 3922 250 3989 fidem
271 3925 558 3991 iureconsultorum
580 3945 722 3987 meorum
752 3924 850 3986 rerba
871 3923 1021 4010 exigendi
1043 3925 1183 3988 fuissent.
1217 3946 1279 4012 quo
1303 3923 1334 3986 in

156 4033 285 4119 negotio
312 4034 356 4098 ita
378 4033 498 4098 versari
527 4043 659 4097 conatus
680 4052 766 4111 sum,
795 4042 830 4095 ut
850 4031 1040 4117 posthabitis
1062 4033 1203 4098 lontibus
1230 4031 1335 4096 latinis

156 4140 341 4226 colligerem
359 4163 440 4229 quoe
456 4153 543 4207 certa
556 4139 740 4204 riderentur
755 4161 795 4204 ex
812 4139 1005 4204 editionibus
1022 4141 1183 4205 veteribus
1199 4140 1334 4227 graccis,

153 4248 242 4313 libris
265 4251 444 4315 bodleianis
469 4276 487 4315 ιι
509 4251 551 4314 Μ.
570 4249 708 4314 Routhio
732 4249 891 4329 excussis,
913 4251 1097 4314 monacensi
1120 4248 1334 4314 tricentesimo

154 4359 350 4445 octogesimo
369 4383 387 4422 e
408 4381 459 4424 mc
482 4360 551 4447 ipso
574 4359 715 4445 iuspecto
734 4357 958 4444 efiiceremque
980 4369 1014 4420 ut
1035 4380 1075 4422 ne
1097 4357 1166 4444 quis
1183 4379 1233 4421 me
1251 4347 1336 4420 codi-

154 4467 243 4530 cibus
275 4468 352 4532 mois
387 4468 527 4532 defuisse
558 4467 693 4546 diceret,
727 4490 822 4553 quum
853 4466 977 4532 codices
1008 4467 1084 4530 mihi
1108 4465 1245 4530 defuisse
1268 4465 1337 4552 ipse
