3128 4972
643 467 858 529 ..75-

144 635 291 701 dendam
313 634 588 700 consuetudinem
611 659 704 700 auam
720 635 977 700 Domini'nostri
999 637 1188 721 exemplum
1209 638 1354 723 profere-

143 755 245 835 bant,
276 755 332 840 qui
360 755 431 842 ipse
460 755 519 820 illo
549 755 602 820 die
628 758 754 842 pascha
782 778 879 820 snum
902 755 1136 833 celebraverit5
1167 779 1267 841 qnare
1291 757 1354 822 sibi

145 898 277 962 quoque
300 875 387 941 idem
411 897 483 940 erae
506 875 707 942 laciendum.
743 877 810 941 Sed
833 883 905 940 tum
928 875 1061 940 omnino
1085 877 1195 941 omnia
1219 877 1354 962 conqui-

144 995 211 1061 sita
234 1003 313 1082 sunt
336 1003 543 1081 argumenta,
569 995 688 1081 quibua
712 1017 805 1060 auam
829 995 967 1081 quisque
983 997 1258 1061 consuetudinem
1280 1003 1354 1062 tue·

143 1123 248 1182 retur.
281 1117 402 1201 Itaque
417 1138 478 1180 nos
494 1137 561 1181 non
585 1117 742 1196 offendet,
767 1115 910 1182 Asianos
933 1116 1150 1202 esynoptiois
1171 1116 1353 1202 evangeliis

143 1236 179 1301 id
207 1243 442 1321 argumentum
467 1235 657 1322 repetiisse,
687 1236 776 1321 quod
803 1237 844 1301 ad
868 1259 962 1300 suam
985 1237 1259 1302 consuetudinem
1282 1261 1352 1302 mu-

143 1355 299 1422 niendam
309 1355 636 1422 videreutidoneum.
659 1358 822 1421 Joannem
832 1363 943 1421 autem
955 1356 1145 1442 apostolum
1154 1356 1240 1422 diem
1256 1357 1353 1422 illum

144 1476 351 1556 observasse,
374 1482 521 1561 utpote
545 1498 620 1561 quo
637 1475 831 1541 Dominus
855 1498 1017 1541 coenam
1041 1499 1147 1541 suam
1171 1477 1351 1542 celebra·

144 1595 270 1676 verit,
294 1595 462 1661 historicis
479 1595 613 1681 quidem
635 1597 840 1681 argumentis
864 1595 1055 1681 neutiquam
1079 1603 1192 1680 potest
1207 1597 1349 1682 probari.

144 1717 370 1782 Quamobrem
400 1724 514 1781 nostro
538 1716 615 1801 jure
638 1716 881 1800 judicabimus,
914 1738 955 1780 ex
982 1705 1184 1781 Asianorum
1214 1737 1352 1781 eonsue-
1380 1754 1382 1769 ι

143 1835 260 1902 tudine
276 1835 427 1921 paschali
442 1858 577 1922 prorsus
594 1836 678 1901 nihil
695 1837 811 1922 colligi
826 1859 923 1922 posse
940 1844 1055 1901 contra
1071 1835 1236 1920 evangelii
1251 1837 1351 1902 Joan·
1382 1826 1385 1855 ¹

142 1955 196 2022 nei
223 1957 446 2022 authentiam.
471 1995 513 2006 -
537 1959 651 2042 Atque
679 1957 719 2021 iis
746 1955 850 2040 igitur
878 1956 1127 2022 assentiendum
1154 1977 1227 2022 esse
1255 1963 1348 2041 puto,

143 2097 284 2162 quorum
299 2077 500 2142 sententiam
518 2075 698 2143 memoravi
713 2078 787 2142 loco
810 2077 950 2142 tertio.
983 2077 1102 2162 Neque
1124 2084 1238 2142 tamen
1252 2076 1350 2162 plane

141 2217 215 2262 mea
239 2217 315 2262 oum
339 2195 474 2261 illorum
496 2197 664 2263 sententia
687 2196 854 2262 convenit.
900 2197 989 2262 Nam
1010 2196 1144 2283 plurimi
1172 2218 1301 2276 eorum,
1332 2218 1349 2262 e

141 2315 263 2402 quibus
286 2314 446 2401 imprimis
462 2317 637 2383 Buranun
659 2317 804 2398 nomino,
830 2324 1040 2396 censuerunt,
1065 2316 1207 2381 Asianos
1226 2318 1350 2401 paseha

141 2437 347 2516 celebrasse,
377 2436 487 2522 quoad
510 2437 643 2504 omnino
666 2436 737 2502 fieri
760 2436 885 2522 potuit,
915 2459 1004 2501 more
1027 2435 1177 2501 Judaico.
1225 2437 1350 2501 Contra

141 2555 296 2641 equidem
329 2555 500 2637 existimo,
532 2556 567 2621 iu
599 2557 651 2622 die
680 2557 813 2642 quidem
846 2557 1052 2622 observando
1079 2556 1263 2642 respexisse
1293 2578 1349 2620 eos

140 2677 265 2742 veteris
289 2676 487 2742 testamenti
513 2676 625 2762 legem
632 2702 642 2755 3
672 2677 779 2762 ipsam
806 2685 920 2741 autem
948 2698 1062 2742 eorum
1091 2677 1350 2742 celebrationem

140 2804 297 2862 naturam
320 2795 476 2862 habuisse
499 2817 587 2862 mere
611 2796 837 2863 christianam.
