3120 4980
156 308 178 362 L

224 488 263 542 ‘23
290 484 318 543 οἳ
332 507 368 542 ιν.

223 595 263 650 25
288 590 384 653 θείων
401 617 436 650 ev.
456 589 712 673 -ἐπιστηρίζων
732 593 780 667 †.

222 705 262 758 28
288 703 349 782 γάρ
365 717 423 782 pro
442 695 473 759 δὲ
490 705 521 758 et
538 717 582 758 vs.
601 704 642 757 29
661 695 693 759 δὲ
710 725 745 778 ω,
764 704 837 785 pecc
853 705 925 782 post
940 695 1079 780 βασιλεῖς
1095 693 1232 781 punitur.

221 814 262 868 30
287 802 388 876 ἐπειδὴ
405 803 438 866 ni
454 803 555 866 fallor.
573 842 616 850 —
634 809 693 868 ἀπὸ
711 809 802 868 τόπου
820 809 862 876 τίς
878 809 977 870 τόπον.

153 915 194 979 68
242 923 259 975 2
285 921 405 978 καίωοί
414 920 431 974 3
440 914 525 977 θίλει
537 911 570 975 in
583 911 729 976 versione
740 910 935 998 syriacanon
947 911 1074 996 legitur,
1082 911 1138 976 sed
1149 933 1209 974 uon
1221 909 1344 974 dubito

286 1021 362 1108 quin
377 1035 439 1086 u
457 1021 477 1086 9
493 1033 585 1126 <un
599 1039 670 1091 τετυ
685 1025 780 1116 Q
792 1025 883 1124 Q
897 1014 965 1093 ὢ
979 1019 1181 1086 scribendum
1198 1019 1246 1084 sit.

243 1139 261 1193 8
288 1134 366 1194 οὕτω
397 1131 542 1205 Ἰωάννης
572 1136 630 1195 ὑπὸ
660 1130 798 1217 Ἡρώδου
824 1139 971 1218 μαχαίρᾳ
995 1139 1048 1204 τὴν
1076 1131 1206 1218 κεφαλὴν
1236 1133 1341 1193 αῦτσῦ

290 1239 468 1323 ἀπετμήθη.
490 1243 579 1303 οὕτω.
606 1248 638 1302 et
658 1248 695 1302 10
713 1249 840 1326 χριστοῦ
856 1259 915 1326 pro
935 1241 1045 1314 Ἰησοῦ.

223 1356 258 1409 11
287 1346 475 1433 παρακαλῶν
492 1351 565 1431 ὑπὲρ
582 1350 683 1412 αὐτῶν
698 1355 750 1412 καί
764 1348 872 1433 λέγων.
890 1383 934 1394 -
949 1350 1105 1433 ἁμαρτίαν
1121 1353 1246 1417 ταύτην.

222 1463 259 1516 12
290 1453 439 1538 Ἰάκωβος
462 1453 597 1541 δεύτερον
621 1457 831 1542 συγκλεισθεὶς
855 1455 893 1519 cf.
912 1451 1017 1522 Galat.
1035 1453 1068 1518 iii
1084 1453 1137 1517 23.
1157 1475 1229 1516 nam
1247 1461 1336 1517 συνί-

282 1563 361 1648 λαβε
376 1562 511 1627 vertitur
526 1562 619 1634 ur<
628 1562 741 1628 March.
759 1563 836 1628 xxvi
852 1563 895 1628 55
911 1562 1011 1628 Marc.
1028 1562 1082 1626 xiv
1104 1562 1147 1626 48
1170 1559 1246 1624 Luc.
1264 1560 1335 1624 xxii

283 1671 327 1736 54
349 1669 419 1736 Ioh.
448 1671 524 1736 xviii
555 1671 595 1736 12
623 1671 697 1736 Ασί.
727 1672 737 1735 i
761 1673 800 1736 16
823 1671 867 1737 xii
891 1673 911 1738 3
936 1671 1013 1736 xxiii
1036 1671 1076 1736 27
1100 1669 1177 1734 xxvi
1199 1669 1259 1734 21:
1282 1686 1332 1763 Q.

282 1778 360 1845 Luc.
378 1802 397 1840 v
414 1780 444 1845 9.
463 1819 504 1828 —
521 1784 578 1844 ῦπῦ
593 1828 600 1842 .
615 1831 644 1845 ..
663 1784 830 1866 ἀπετμήθη
847 1810 889 1845 ω.
911 1803 956 1844 vs.
978 1789 1016 1867 13
1034 1787 1191 1866 πράκριτος
1210 1783 1260 1858 †.

219 1897 257 1950 17
282 1898 387 1952 utrum
396 1891 574 1975 ἀπεκείρατο
586 1910 627 1952 an
636 1891 803 1974 ἀπετμήθη
817 1885 974 1975 Slcgerit,
984 1887 1039 1954 vix
1047 1886 1171 1974 liquere
1182 1885 1331 1950 arbitror.

220 2005 260 2059 18
285 1999 318 2070 δς
335 2001 366 2060 ίν
384 2002 488 2072 αὐτοῖς
504 2003 620 2070 τούτοις
637 2001 666 2062 ίν
683 1997 727 2070 οίς
743 2002 785 2062 ἐκ.
802 1994 953 2076 κατέληξε,
971 1995 1027 2060 scd
1044 2007 1169 2064 servate
1186 2002 1239 2060 ὅτι.

221 2113 258 2166 19
284 2116 393 2192 χεῖρας
415 2106 525 2190 ’λρίτα
541 2114 604 2167 τοῦ.

218 2221 259 2274 23
285 2219 368 2296 ἡμᾶς
385 2213 543 2277 εἰσελθεῖν.

218 2329 258 2384 25
283 2330 359 2409 πρὸς
377 2327 409 2385 τῦ
426 2323 594 2406 κατάλογον
611 2329 766 2409 πράσσειν.

218 2438 258 2492 26
285 2429 503 2516 διηγουμένους
519 2439 586 2518 περί
601 2438 715 2496 τοῦτων
732 2436 747 2496 ό
762 2436 884 2518 χρίνος.

218 2547 257 2600 2?
283 2539 391 2625 κλήρου
408 2544 484 2626 πρὸς
500 2544 551 2602 τὸν
567 2543 678 2625 ἀγῶνα
695 2541 837 2624 αῦτομολ.

217 2655 257 2709 28
281 2655 331 2712 καί
346 2649 411 2712 είτα
428 2649 516 2712 πάλιν
534 2649 669 2713 άναπαλ.
689 2657 777 2712 ο129
794 2659 920 2735 χριστοῦ
936 2670 995 2735 pro
1011 2656 1123 2734 κυρίου.

151 2755 193 2819 69
244 2765 257 2816 1
285 2760 334 2819 καί
358 2737 579 2840 ἀγωνίσματα;
602 2754 660 2820 sed
681 2756 708 2820 si
723 2779 766 2822 κιο
784 2757 824 2820 21
846 2729 1076 2830 aab&
1099 2755 1327 2843 scripserimus,

282 2863 377 2930 lectio
401 2863 514 2928 eedem
530 2864 590 2930 erit
605 2864 637 2930 in
654 2861 740 2954 Syro
758 2887 839 2952 quae
858 2864 892 2928 in
910 2862 1047 2932 Graeco.

242 2983 258 3034 2
284 2973 402 3037 κάλλιον
421 2978 471 3054 †.

243 3091 260 3144 3
288 3082 320 3146 δὲ
336 3111 379 3146 ιν.
397 3121 438 3132 -
457 3085 623 3169 ἀναγκαῖόν
641 3081 728 3147 dett?

242 3199 258 3251 6
285 3193 360 3256 εἶναι
387 3195 435 3256 άιί
459 3197 501 3256 ίν.
524 3213 600 3256 mox
624 3197 721 3278 τίρκτῇ
744 3214 857 3258 vereor
879 3213 920 3256 ne
941 3211 1057 3255 nomen
1077 3186 1330 3276 geographicum

286 3309 472 3386 corruptum
495 3300 536 3366 sit
558 3300 596 3364 cf.
620 3321 652 3386 ρ.
671 3301 723 3382 73,
741 3300 771 3365 ίι.
789 3322 871 3366 eune
887 3297 1038 3387 Συρτικῇλ
1060 3296 1195 3384 epistola
1211 3294 1295 3360 enim
1311 3318 1331 3356 a

285 3405 381 3471 Petro
403 3405 522 3494 scripte
542 3429 607 3472 non
628 3418 677 3472 est
693 3406 823 3494 quaein
843 3407 1019 3496 pandectas
1039 3404 1251 3492 reciperetur,
1273 3401 1330 3466 scd

285 3513 506 3601 praesentibus
522 3513 614 3578 malis
631 3537 670 3580 ex
687 3537 722 3582 re
738 3527 813 3582 netu
829 3515 1004 3584 remedium
1022 3513 1329 3580 comminiscebatur.

246 3633 263 3684 9
289 3624 491 3696 ἀναισθήτως
512 3627 642 3708 ἔχουσιν.

225 3741 262 3792 10
288 3735 448 3796 άπταιστοι
473 3728 576 3818 Syrus
597 3731 630 3794 in
651 3729 807 3821 margine,
828 3733 862 3798 in
884 3735 953 3823 ipsu
972 3731 1119 3800 versione
1142 3732 1280 3808 ἀναίτιοι,
1305 3725 1332 3790 si

289 3816 492 3907 Κλιὼοο
510 3838 756 3926 cogitaverimus
772 3863 841 3908 csse
857 3847 957 3910 αἰτίαν
970 3841 1070 3910 Isocr.
1088 3837 1120 3902 in
1132 3837 1268 3902 Demon.
1278 3836 1330 3914 37,

290 3955 390 4014 αἰτίαν
408 3952 542 4035 αἰσχράν
558 3947 602 4012 ib.
620 3948 672 4014 23.

226 4067 260 4120 11
288 4059 375 4143 λόγον
394 4059 574 4145 πραχθείση
590 4057 695 4144 πράξει
713 4066 826 4125 αὐτῶν.

227 4175 263 4226 1‘2
289 4171 338 4228 καί
355 4171 482 4239 ἑαυτοὺς
498 4173 716 4250 μωμησάμενοι
731 4198 767 4232 m,
786 4207 828 4216 -
846 4175 880 4233 οῦ
895 4193 954 4257 pro
971 4177 1074 4238 οὐκέτι.

227 4283 265 4334 14
289 4281 307 4348 ἡ
325 4283 462 4338 κοινωνία
479 4287 534 4348 τῆς
551 4288 729 4365 προσρορᾱς
744 4277 817 4362 μετ’·

229 4390 266 4444 15
293 4385 451 4470 ἀμφότερα
468 4395 568 4447 ταῦτα
584 4393 733 4471 γινομένη.

229 4499 264 4552 17
291 4514 368 4563 τινες
380 4521 414 4554 ω.
428 4531 470 4540 -
485 4495 625 4580 ἀφορμὴν
642 4505 694 4556 τσῦ
711 4500 836 4568 κανόνος
849 4502 912 4569 ἤτοι
930 4510 984 4570 τῆς
998 4499 1046 4559 ἐπ’
1058 4502 1161 4570 αὐτοῖς
1173 4503 1332 4581 ἐπιτιμίας.
