<?xml version="1.0" encoding="UTF-8"?>
<!DOCTYPE html PUBLIC "-//W3C//DTD XHTML 1.0 Transitional//EN"
    "http://www.w3.org/TR/xhtml1/DTD/xhtml1-transitional.dtd">
<html xmlns="http://www.w3.org/1999/xhtml" xml:lang="en" lang="en">
 <head>
  <title>
</title>
<meta http-equiv="Content-Type" content="text/html;charset=utf-8" />
  <meta name='ocr-system' content='tesseract 3.04.00' />
  <meta name='ocr-capabilities' content='ocr_page ocr_carea ocr_par ocr_line ocrx_word'/>
</head>
<body>
  <div class='ocr_page' id='page_1' title='image "./decontroversiis00schgoog_0356.png"; bbox 0 0 2998 4972; ppageno 0'>
   <div class='ocr_carea' id='block_1_1' title="bbox 292 391 1409 458">
    <p class='ocr_par' dir='ltr' id='par_1_1' title="bbox 292 391 1409 458">
     <span class='ocr_line' id='line_1_1' title="bbox 292 391 1409 458; baseline -0.002 0"><span class='ocrx_word' id='word_1_1' title='bbox 292 393 356 458; x_wconf 80' lang='grc'><strong><em>252</em></strong></span> <span class='ocrx_word' id='word_1_2' title='bbox 1347 407 1365 456; x_wconf 82' lang='grc' dir='ltr'><strong><em>ο</em></strong></span> <span class='ocrx_word' id='word_1_3' title='bbox 1383 391 1409 442; x_wconf 81' lang='lat'><strong><em>1²</em></strong></span> 
     </span>
    </p>
   </div>
   <div class='ocr_carea' id='block_1_2' title="bbox 293 549 1410 844">
    <p class='ocr_par' dir='ltr' id='par_1_2' title="bbox 293 549 1410 844">
     <span class='ocr_line' id='line_1_2' title="bbox 294 549 1410 641; baseline 0 -21"><span class='ocrx_word' id='word_1_4' title='bbox 294 550 385 640; x_wconf 77' lang='grc' dir='ltr'><strong><em>αὐτῷ</em></strong></span> <span class='ocrx_word' id='word_1_5' title='bbox 403 550 466 638; x_wconf 85' lang='grc' dir='ltr'><strong><em>τήν</em></strong></span> <span class='ocrx_word' id='word_1_6' title='bbox 488 557 598 620; x_wconf 80' lang='grc' dir='ltr'><strong><em>κτίσιν</em></strong></span> <span class='ocrx_word' id='word_1_7' title='bbox 624 555 774 630; x_wconf 82' lang='grc' dir='ltr'><strong><em>δέδωκας</em></strong></span> <span class='ocrx_word' id='word_1_8' title='bbox 801 549 894 641; x_wconf 75' lang='grc' dir='ltr'><strong><em>αὐτῷ</em></strong></span> <span class='ocrx_word' id='word_1_9' title='bbox 915 555 1051 630; x_wconf 73' lang='grc' dir='ltr'><strong><em>οἰκείοις</em></strong></span> <span class='ocrx_word' id='word_1_10' title='bbox 1076 554 1194 639; x_wconf 79' lang='grc' dir='ltr'><strong><em>ίδρῦσι</em></strong></span> <span class='ocrx_word' id='word_1_11' title='bbox 1215 553 1274 620; x_wconf 82' lang='grc' dir='ltr'><strong><em>καλ</em></strong></span> <span class='ocrx_word' id='word_1_12' title='bbox 1295 556 1410 632; x_wconf 84' lang='grc' dir='ltr'><strong><em>πόνοις</em></strong></span> 
     </span>
     <span class='ocr_line' id='line_1_3' title="bbox 294 652 1409 741; baseline 0 -19"><span class='ocrx_word' id='word_1_13' title='bbox 294 659 442 741; x_wconf 75' lang='grc' dir='ltr'><strong><em>πορίζειν</em></strong></span> <span class='ocrx_word' id='word_1_14' title='bbox 459 655 567 741; x_wconf 75' lang='grc' dir='ltr'><strong><em>ἑαυτῷ</em></strong></span> <span class='ocrx_word' id='word_1_15' title='bbox 586 652 648 739; x_wconf 85' lang='grc' dir='ltr'><strong><em>τήν</em></strong></span> <span class='ocrx_word' id='word_1_16' title='bbox 669 654 812 740; x_wconf 88' lang='grc' dir='ltr'><strong><em>τροφήν,</em></strong></span> <span class='ocrx_word' id='word_1_17' title='bbox 836 659 899 721; x_wconf 89' lang='grc' dir='ltr'><strong><em>σοῦ</em></strong></span> <span class='ocrx_word' id='word_1_18' title='bbox 914 655 1027 722; x_wconf 86' lang='grc' dir='ltr'><strong><em>πάντα</em></strong></span> <span class='ocrx_word' id='word_1_19' title='bbox 1048 653 1197 739; x_wconf 85' lang='grc' dir='ltr'><strong><em>φύοντος</em></strong></span> <span class='ocrx_word' id='word_1_20' title='bbox 1211 653 1268 722; x_wconf 82' lang='grc' dir='ltr'><strong><em>καὶ</em></strong></span> <span class='ocrx_word' id='word_1_21' title='bbox 1289 654 1409 736; x_wconf 68' lang='grc' dir='ltr'><strong><em>αὔξον·</em></strong></span> 
     </span>
     <span class='ocr_line' id='line_1_4' title="bbox 293 753 1408 844; baseline 0.004 -22"><span class='ocrx_word' id='word_1_22' title='bbox 293 781 349 834; x_wconf 90' lang='grc' dir='ltr'><strong><em>τος</em></strong></span> <span class='ocrx_word' id='word_1_23' title='bbox 370 757 427 824; x_wconf 83' lang='grc' dir='ltr'><strong><em>καλ</em></strong></span> <span class='ocrx_word' id='word_1_24' title='bbox 447 761 686 841; x_wconf 86' lang='grc' dir='ltr'><strong><em>πεπαίνοντος,</em></strong></span> <span class='ocrx_word' id='word_1_25' title='bbox 716 756 828 844; x_wconf 80' lang='grc' dir='ltr'><strong><em>χρόνῳ</em></strong></span> <span class='ocrx_word' id='word_1_26' title='bbox 852 757 890 822; x_wconf 78' lang='grc' dir='ltr'><strong><em>δὲ</em></strong></span> <span class='ocrx_word' id='word_1_27' title='bbox 918 754 1001 838; x_wconf 82' lang='grc' dir='ltr'><strong><em>πρὸς</em></strong></span> <span class='ocrx_word' id='word_1_28' title='bbox 1029 754 1145 840; x_wconf 90' lang='grc' dir='ltr'><strong><em>ὀλίγον</em></strong></span> <span class='ocrx_word' id='word_1_29' title='bbox 1172 753 1276 824; x_wconf 88' lang='grc' dir='ltr'><strong><em>αότδν</em></strong></span> <span class='ocrx_word' id='word_1_30' title='bbox 1299 763 1408 842; x_wconf 84' lang='grc' dir='ltr'><strong><em>κοιμί-</em></strong></span> 
     </span>
    </p>
   </div>
   <div class='ocr_carea' id='block_1_3' title="bbox 238 857 1408 3382">
    <p class='ocr_par' dir='ltr' id='par_1_3' title="bbox 238 857 1408 3382">
     <span class='ocr_line' id='line_1_5' title="bbox 293 857 1407 946; baseline 0 -22"><span class='ocrx_word' id='word_1_31' title='bbox 293 877 355 936; x_wconf 88' lang='grc' dir='ltr'><strong><em>σας</em></strong></span> <span class='ocrx_word' id='word_1_32' title='bbox 376 857 466 946; x_wconf 78' lang='grc' dir='ltr'><strong><em>ὅρκῳ</em></strong></span> <span class='ocrx_word' id='word_1_33' title='bbox 493 860 540 934; x_wconf 88' lang='grc' dir='ltr'><strong><em>είς</em></strong></span> <span class='ocrx_word' id='word_1_34' title='bbox 556 861 817 943; x_wconf 79' lang='grc' dir='ltr'><strong><em>παλνγγινεσίαν</em></strong></span> <span class='ocrx_word' id='word_1_35' title='bbox 839 857 1018 940; x_wconf 87' lang='grc' dir='ltr'><strong><em>ἐκάλεσας,</em></strong></span> <span class='ocrx_word' id='word_1_36' title='bbox 1042 857 1158 940; x_wconf 82' lang='grc' dir='ltr'><strong><em>ὅρον*</em></strong></span> <span class='ocrx_word' id='word_1_37' title='bbox 1178 859 1337 924; x_wconf 89' lang='grc' dir='ltr'><strong><em>θανάτου</em></strong></span> <span class='ocrx_word' id='word_1_38' title='bbox 1351 859 1407 924; x_wconf 89' lang='grc' dir='ltr'><strong><em>λό-</em></strong></span> 
     </span>
     <span class='ocr_line' id='line_1_6' title="bbox 259 956 1408 1045; baseline -0.004 -16"><span class='ocrx_word' id='word_1_39' title='bbox 259 977 354 1038; x_wconf 73' lang='grc' dir='ltr'><strong><em>εσας</em></strong></span> <span class='ocrx_word' id='word_1_40' title='bbox 381 961 468 1044; x_wconf 79' lang='grc' dir='ltr'><strong><em>ζωήν</em></strong></span> <span class='ocrx_word' id='word_1_41' title='bbox 498 961 532 1039; x_wconf 79' lang='grc' dir='ltr'><strong><em>ἐξ</em></strong></span> <span class='ocrx_word' id='word_1_42' title='bbox 557 957 771 1037; x_wconf 84' lang='grc' dir='ltr'><strong><em>ἀναστάσεως</em></strong></span> <span class='ocrx_word' id='word_1_43' title='bbox 790 959 985 1045; x_wconf 88' lang='grc' dir='ltr'><strong><em>ἐπηγγείλω.</em></strong></span> <span class='ocrx_word' id='word_1_44' title='bbox 1032 956 1149 1025; x_wconf 81' lang='grc' dir='ltr'><strong><em>καλοῦ</em></strong></span> <span class='ocrx_word' id='word_1_45' title='bbox 1169 961 1269 1025; x_wconf 88' lang='grc' dir='ltr'><strong><em>τοῦτο</em></strong></span> <span class='ocrx_word' id='word_1_46' title='bbox 1291 959 1408 1042; x_wconf 86' lang='grc' dir='ltr'><strong><em>μόνον,</em></strong></span> 
     </span>
     <span class='ocr_line' id='line_1_7' title="bbox 293 1057 1408 1146; baseline -0.001 -19"><span class='ocrx_word' id='word_1_47' title='bbox 293 1059 380 1128; x_wconf 85' lang='grc' dir='ltr'><strong><em>ἀλλά</em></strong></span> <span class='ocrx_word' id='word_1_48' title='bbox 399 1060 456 1126; x_wconf 83' lang='grc' dir='ltr'><strong><em>καλ</em></strong></span> <span class='ocrx_word' id='word_1_49' title='bbox 477 1058 556 1138; x_wconf 89' lang='grc' dir='ltr'><strong><em>τοῦς</em></strong></span> <span class='ocrx_word' id='word_1_50' title='bbox 574 1061 610 1140; x_wconf 87' lang='grc' dir='ltr'><strong><em>ἐξ</em></strong></span> <span class='ocrx_word' id='word_1_51' title='bbox 626 1058 731 1128; x_wconf 82' lang='grc' dir='ltr'><strong><em>αὐτοῦ</em></strong></span> <span class='ocrx_word' id='word_1_52' title='bbox 747 1064 793 1139; x_wconf 92' lang='grc' dir='ltr'><strong><em>είς</em></strong></span> <span class='ocrx_word' id='word_1_53' title='bbox 815 1065 946 1146; x_wconf 81' lang='grc' dir='ltr'><strong><em>πλῆθος</em></strong></span> <span class='ocrx_word' id='word_1_54' title='bbox 967 1057 1202 1145; x_wconf 75' lang='grc' dir='ltr'><strong><em>ἀναρίθμητον</em></strong></span> <span class='ocrx_word' id='word_1_55' title='bbox 1222 1065 1310 1146; x_wconf 77' lang='grc' dir='ltr'><strong><em>χέας,</em></strong></span> <span class='ocrx_word' id='word_1_56' title='bbox 1334 1059 1408 1138; x_wconf 89' lang='grc' dir='ltr'><strong><em>τοῦς</em></strong></span> 
     </span>
     <span class='ocr_line' id='line_1_8' title="bbox 294 1160 1408 1248; baseline 0.001 -19"><span class='ocrx_word' id='word_1_57' title='bbox 294 1163 515 1248; x_wconf 71' lang='grc' dir='ltr'><strong><em>ἐμμείναντας</em></strong></span> <span class='ocrx_word' id='word_1_58' title='bbox 534 1179 589 1228; x_wconf 93' lang='grc' dir='ltr'><strong><em>σοι</em></strong></span> <span class='ocrx_word' id='word_1_59' title='bbox 615 1161 791 1244; x_wconf 85' lang='grc' dir='ltr'><strong><em>ἐδόξασας,</em></strong></span> <span class='ocrx_word' id='word_1_60' title='bbox 813 1160 892 1240; x_wconf 87' lang='grc' dir='ltr'><strong><em>τοῦς</em></strong></span> <span class='ocrx_word' id='word_1_61' title='bbox 911 1163 949 1228; x_wconf 78' lang='grc' dir='ltr'><strong><em>δέ</em></strong></span> <span class='ocrx_word' id='word_1_62' title='bbox 969 1160 1181 1238; x_wconf 86' lang='grc' dir='ltr'><strong><em>ἀποστάντας</em></strong></span> <span class='ocrx_word' id='word_1_63' title='bbox 1202 1179 1266 1228; x_wconf 87' lang='grc' dir='ltr'><strong><em>σου</em></strong></span> <span class='ocrx_word' id='word_1_64' title='bbox 1289 1161 1408 1230; x_wconf 85' lang='grc' dir='ltr'><strong><em>ἐκόλο-</em></strong></span> 
     </span>
     <span class='ocr_line' id='line_1_9' title="bbox 293 1261 1407 1349; baseline 0 -19"><span class='ocrx_word' id='word_1_65' title='bbox 293 1281 371 1347; x_wconf 91' lang='grc' dir='ltr'><strong><em>σας,</em></strong></span> <span class='ocrx_word' id='word_1_66' title='bbox 397 1266 454 1330; x_wconf 86' lang='grc' dir='ltr'><strong><em>καλ</em></strong></span> <span class='ocrx_word' id='word_1_67' title='bbox 481 1267 543 1330; x_wconf 90' lang='grc' dir='ltr'><strong><em>τοῦ</em></strong></span> <span class='ocrx_word' id='word_1_68' title='bbox 562 1265 626 1348; x_wconf 78' lang='grc' dir='ltr'><strong><em>μὲν</em></strong></span> <span class='ocrx_word' id='word_1_69' title='bbox 642 1261 745 1349; x_wconf 81' lang='grc' dir='ltr'><strong><em>’Ἀβελ</em></strong></span> <span class='ocrx_word' id='word_1_70' title='bbox 771 1261 816 1342; x_wconf 82' lang='grc' dir='ltr'><strong><em>ός</em></strong></span> <span class='ocrx_word' id='word_1_71' title='bbox 843 1261 939 1330; x_wconf 84' lang='grc' dir='ltr'><strong><em>ὁσίου</em></strong></span> <span class='ocrx_word' id='word_1_72' title='bbox 966 1263 1236 1349; x_wconf 79' lang='grc' dir='ltr'><strong><em>προσδεξάμενος</em></strong></span> <span class='ocrx_word' id='word_1_73' title='bbox 1264 1261 1328 1348; x_wconf 83' lang='grc' dir='ltr'><strong><em>τήν</em></strong></span> <span class='ocrx_word' id='word_1_74' title='bbox 1348 1271 1407 1330; x_wconf 66' lang='grc' dir='ltr'><strong><em>θιι</em></strong></span> 
     </span>
     <span class='ocr_line' id='line_1_10' title="bbox 293 1363 1408 1450; baseline 0.001 -19"><span class='ocrx_word' id='word_1_75' title='bbox 293 1369 388 1448; x_wconf 90' lang='grc' dir='ltr'><strong><em>σίαν,</em></strong></span> <span class='ocrx_word' id='word_1_76' title='bbox 419 1369 480 1432; x_wconf 87' lang='grc' dir='ltr'><strong><em>τοῦ</em></strong></span> <span class='ocrx_word' id='word_1_77' title='bbox 508 1367 546 1432; x_wconf 82' lang='grc' dir='ltr'><strong><em>δέ</em></strong></span> <span class='ocrx_word' id='word_1_78' title='bbox 573 1364 828 1450; x_wconf 78' lang='grc' dir='ltr'><strong><em>ἀδελφοκτόνον</em></strong></span> <span class='ocrx_word' id='word_1_79' title='bbox 857 1365 946 1432; x_wconf 84' lang='grc' dir='ltr'><strong><em>Κάιν</em></strong></span> <span class='ocrx_word' id='word_1_80' title='bbox 977 1363 1205 1450; x_wconf 80' lang='grc' dir='ltr'><strong><em>ἀποστραφεὶς</em></strong></span> <span class='ocrx_word' id='word_1_81' title='bbox 1232 1363 1271 1430; x_wconf 83' lang='grc' dir='ltr'><strong><em>τό</em></strong></span> <span class='ocrx_word' id='word_1_82' title='bbox 1296 1367 1408 1448; x_wconf 77' lang='grc' dir='ltr'><strong><em>δωρον</em></strong></span> 
     </span>
     <span class='ocr_line' id='line_1_11' title="bbox 242 1462 1408 1553; baseline -0.003 -16"><span class='ocrx_word' id='word_1_83' title='bbox 242 1485 276 1537; x_wconf 85' lang='grc'><strong><em>10</em></strong></span> <span class='ocrx_word' id='word_1_84' title='bbox 292 1462 337 1544; x_wconf 85' lang='grc' dir='ltr'><strong><em>άς</em></strong></span> <span class='ocrx_word' id='word_1_85' title='bbox 358 1467 515 1550; x_wconf 88' lang='grc' dir='ltr'><strong><em>ἐναγοῦς·</em></strong></span> <span class='ocrx_word' id='word_1_86' title='bbox 543 1466 703 1550; x_wconf 80' lang='grc' dir='ltr'><strong><em>καὶπρὸς</em></strong></span> <span class='ocrx_word' id='word_1_87' title='bbox 723 1467 855 1544; x_wconf 86' lang='grc' dir='ltr'><strong><em>τούτοις</em></strong></span> <span class='ocrx_word' id='word_1_88' title='bbox 877 1465 936 1534; x_wconf 86' lang='grc' dir='ltr'><strong><em>τὸν</em></strong></span> <span class='ocrx_word' id='word_1_89' title='bbox 951 1464 1031 1552; x_wconf 81' lang='grc' dir='ltr'><strong><em>Σήθ</em></strong></span> <span class='ocrx_word' id='word_1_90' title='bbox 1044 1467 1102 1532; x_wconf 85' lang='grc' dir='ltr'><strong><em>καλ</em></strong></span> <span class='ocrx_word' id='word_1_91' title='bbox 1123 1464 1184 1532; x_wconf 84' lang='grc' dir='ltr'><strong><em>τόν</em></strong></span> <span class='ocrx_word' id='word_1_92' title='bbox 1202 1465 1305 1544; x_wconf 78' lang='grc' dir='ltr'><strong><em>Ένός</em></strong></span> <span class='ocrx_word' id='word_1_93' title='bbox 1327 1491 1408 1553; x_wconf 74' lang='grc' dir='ltr'><strong><em>προ</em></strong></span> 
     </span>
     <span class='ocr_line' id='line_1_12' title="bbox 292 1563 1407 1654; baseline 0 -20"><span class='ocrx_word' id='word_1_94' title='bbox 292 1569 440 1653; x_wconf 87' lang='grc' dir='ltr'><strong><em>σελάβον</em></strong></span> <span class='ocrx_word' id='word_1_95' title='bbox 461 1568 518 1634; x_wconf 84' lang='grc' dir='ltr'><strong><em>καλ</em></strong></span> <span class='ocrx_word' id='word_1_96' title='bbox 536 1567 597 1634; x_wconf 85' lang='grc' dir='ltr'><strong><em>τόν</em></strong></span> <span class='ocrx_word' id='word_1_97' title='bbox 614 1567 715 1654; x_wconf 82' lang='grc' dir='ltr'><strong><em>Ἐνάχ</em></strong></span> <span class='ocrx_word' id='word_1_98' title='bbox 736 1570 933 1654; x_wconf 87' lang='grc' dir='ltr'><strong><em>μετέθηκας.</em></strong></span> <span class='ocrx_word' id='word_1_99' title='bbox 978 1566 1022 1632; x_wconf 86' lang='grc' dir='ltr'><strong>σύ</strong></span> <span class='ocrx_word' id='word_1_100' title='bbox 1050 1565 1115 1652; x_wconf 86' lang='grc' dir='ltr'><strong><em>γάρ</em></strong></span> <span class='ocrx_word' id='word_1_101' title='bbox 1141 1563 1173 1634; x_wconf 87' lang='grc' dir='ltr'><strong><em>εί</em></strong></span> <span class='ocrx_word' id='word_1_102' title='bbox 1201 1565 1220 1634; x_wconf 88' lang='grc' dir='ltr'><strong><em>δ</em></strong></span> <span class='ocrx_word' id='word_1_103' title='bbox 1245 1570 1407 1654; x_wconf 77' lang='grc' dir='ltr'><strong><em>δημιουρ</em></strong></span> 
     </span>
     <span class='ocr_line' id='line_1_13' title="bbox 290 1668 1407 1756; baseline 0.003 -21"><span class='ocrx_word' id='word_1_104' title='bbox 290 1671 349 1756; x_wconf 85' lang='grc' dir='ltr'><strong><em>γδς</em></strong></span> <span class='ocrx_word' id='word_1_105' title='bbox 367 1675 435 1736; x_wconf 84' lang='grc' dir='ltr'><strong><em>τεόν</em></strong></span> <span class='ocrx_word' id='word_1_106' title='bbox 454 1669 650 1756; x_wconf 72' lang='grc' dir='ltr'><strong><em>ἀνθρώπων</em></strong></span> <span class='ocrx_word' id='word_1_107' title='bbox 676 1671 732 1738; x_wconf 80' lang='grc' dir='ltr'><strong><em>καὶ</em></strong></span> <span class='ocrx_word' id='word_1_108' title='bbox 758 1673 817 1755; x_wconf 78' lang='grc' dir='ltr'><strong><em>τῆς</em></strong></span> <span class='ocrx_word' id='word_1_109' title='bbox 838 1674 922 1754; x_wconf 81' lang='grc' dir='ltr'><strong><em>ζωῆς</em></strong></span> <span class='ocrx_word' id='word_1_110' title='bbox 942 1668 1084 1754; x_wconf 79' lang='grc' dir='ltr'><strong><em>χορηγός</em></strong></span> <span class='ocrx_word' id='word_1_111' title='bbox 1112 1670 1169 1736; x_wconf 79' lang='grc' dir='ltr'><strong><em>καὶ</em></strong></span> <span class='ocrx_word' id='word_1_112' title='bbox 1195 1675 1255 1755; x_wconf 82' lang='grc' dir='ltr'><strong><em>τῆς</em></strong></span> <span class='ocrx_word' id='word_1_113' title='bbox 1276 1671 1407 1749; x_wconf 80' lang='grc' dir='ltr'><strong><em>ἐνδείας</em></strong></span> 
     </span>
     <span class='ocr_line' id='line_1_14' title="bbox 291 1769 1408 1859; baseline 0.002 -21"><span class='ocrx_word' id='word_1_114' title='bbox 291 1777 308 1814; x_wconf 75' lang='grc'><strong><em>*</em></strong></span> <span class='ocrx_word' id='word_1_115' title='bbox 326 1772 501 1859; x_wconf 77' lang='grc' dir='ltr'><strong><em>πληρωτὴς</em></strong></span> <span class='ocrx_word' id='word_1_116' title='bbox 517 1772 575 1840; x_wconf 83' lang='grc' dir='ltr'><strong><em>καλ</em></strong></span> <span class='ocrx_word' id='word_1_117' title='bbox 592 1777 661 1839; x_wconf 80' lang='grc' dir='ltr'><strong><em>νῦν</em></strong></span> <span class='ocrx_word' id='word_1_118' title='bbox 674 1772 789 1858; x_wconf 91' lang='grc' dir='ltr'><strong><em>νόμων</em></strong></span> <span class='ocrx_word' id='word_1_119' title='bbox 803 1769 906 1856; x_wconf 89' lang='grc' dir='ltr'><strong><em>δοτήρ</em></strong></span> <span class='ocrx_word' id='word_1_120' title='bbox 921 1769 978 1838; x_wconf 83' lang='grc' dir='ltr'><strong><em>καί</em></strong></span> <span class='ocrx_word' id='word_1_121' title='bbox 999 1775 1068 1837; x_wconf 76' lang='grc' dir='ltr'><strong><em>τόν</em></strong></span> <span class='ocrx_word' id='word_1_122' title='bbox 1082 1771 1327 1856; x_wconf 84' lang='grc' dir='ltr'><strong><em>φυλαττόντων</em></strong></span> <span class='ocrx_word' id='word_1_123' title='bbox 1348 1771 1408 1840; x_wconf 87' lang='grc' dir='ltr'><strong><em>αῦ-</em></strong></span> 
     </span>
     <span class='ocr_line' id='line_1_15' title="bbox 291 1870 1406 1960; baseline 0 -20"><span class='ocrx_word' id='word_1_124' title='bbox 291 1870 369 1950; x_wconf 86' lang='grc' dir='ltr'><strong><em>τοῦς</em></strong></span> <span class='ocrx_word' id='word_1_125' title='bbox 382 1874 635 1960; x_wconf 74' lang='grc' dir='ltr'><strong><em>μισθαποδότης</em></strong></span> <span class='ocrx_word' id='word_1_126' title='bbox 658 1877 715 1942; x_wconf 86' lang='grc' dir='ltr'><strong><em>καλ</em></strong></span> <span class='ocrx_word' id='word_1_127' title='bbox 734 1874 802 1941; x_wconf 74' lang='grc' dir='ltr'><strong><em>τόν</em></strong></span> <span class='ocrx_word' id='word_1_128' title='bbox 822 1871 1105 1960; x_wconf 79' lang='grc' dir='ltr'><strong><em>παραβαινόντων</em></strong></span> <span class='ocrx_word' id='word_1_129' title='bbox 1120 1870 1245 1952; x_wconf 88' lang='grc' dir='ltr'><strong><em>αῦτοῦς</em></strong></span> <span class='ocrx_word' id='word_1_130' title='bbox 1264 1876 1406 1956; x_wconf 81' lang='grc' dir='ltr'><strong><em>ἔκδικος,</em></strong></span> 
     </span>
     <span class='ocr_line' id='line_1_16' title="bbox 242 1971 1407 2064; baseline -0.003 -18"><span class='ocrx_word' id='word_1_131' title='bbox 242 1971 311 2046; x_wconf 80' lang='grc' dir='ltr'><strong><em>1οὸ</em></strong></span> <span class='ocrx_word' id='word_1_132' title='bbox 342 1975 403 2042; x_wconf 86' lang='grc' dir='ltr'><strong><em>τόν</em></strong></span> <span class='ocrx_word' id='word_1_133' title='bbox 435 1976 541 2060; x_wconf 87' lang='grc' dir='ltr'><strong><em>μέγαν</em></strong></span> <span class='ocrx_word' id='word_1_134' title='bbox 579 1974 818 2061; x_wconf 84' lang='grc' dir='ltr'><strong><em>κατακλυσμόν</em></strong></span> <span class='ocrx_word' id='word_1_135' title='bbox 853 1972 1034 2058; x_wconf 77' lang='grc' dir='ltr'><strong><em>ἐπαγωγόν</em></strong></span> <span class='ocrx_word' id='word_1_136' title='bbox 1066 1978 1113 2062; x_wconf 74' lang='grc' dir='ltr'><strong><em>τῷ</em></strong></span> <span class='ocrx_word' id='word_1_137' title='bbox 1153 1976 1270 2064; x_wconf 83' lang='grc' dir='ltr'><strong><em>κόσμφ</em></strong></span> <span class='ocrx_word' id='word_1_138' title='bbox 1302 1975 1360 2042; x_wconf 89' lang='grc' dir='ltr'><strong><em>διά</em></strong></span> <span class='ocrx_word' id='word_1_139' title='bbox 1391 1985 1407 2024; x_wconf 82' lang='grc'>*</span> 
     </span>
     <span class='ocr_line' id='line_1_17' title="bbox 291 2073 1407 2162; baseline 0.002 -20"><span class='ocrx_word' id='word_1_140' title='bbox 291 2079 423 2161; x_wconf 77' lang='grc' dir='ltr'><strong><em>πλῆθος</em></strong></span> <span class='ocrx_word' id='word_1_141' title='bbox 443 2079 512 2142; x_wconf 85' lang='grc' dir='ltr'><strong><em>τεῦν</em></strong></span> <span class='ocrx_word' id='word_1_142' title='bbox 533 2075 786 2162; x_wconf 86' lang='grc' dir='ltr'><strong><em>ἀσεβησάντων,</em></strong></span> <span class='ocrx_word' id='word_1_143' title='bbox 809 2079 866 2144; x_wconf 87' lang='grc' dir='ltr'><strong><em>καλ</em></strong></span> <span class='ocrx_word' id='word_1_144' title='bbox 885 2073 945 2142; x_wconf 88' lang='grc' dir='ltr'><strong><em>τόν</em></strong></span> <span class='ocrx_word' id='word_1_145' title='bbox 966 2078 1101 2144; x_wconf 90' lang='grc' dir='ltr'><strong><em>δίκαιον</em></strong></span> <span class='ocrx_word' id='word_1_146' title='bbox 1117 2081 1196 2144; x_wconf 69' lang='lat' dir='ltr'><strong><em>Nais</em></strong></span> <span class='ocrx_word' id='word_1_147' title='bbox 1219 2077 1407 2162; x_wconf 76' lang='grc' dir='ltr'><strong><em>δασάμενος</em></strong></span> 
     </span>
     <span class='ocr_line' id='line_1_18' title="bbox 292 2175 1408 2264; baseline 0.002 -21"><span class='ocrx_word' id='word_1_148' title='bbox 292 2177 330 2244; x_wconf 82' lang='grc' dir='ltr'><strong><em>ἐκ</em></strong></span> <span class='ocrx_word' id='word_1_149' title='bbox 350 2182 412 2244; x_wconf 87' lang='grc' dir='ltr'><strong><em>τοῦ</em></strong></span> <span class='ocrx_word' id='word_1_150' title='bbox 439 2182 677 2264; x_wconf 79' lang='grc' dir='ltr'><strong><em>κατακλυσμοῦ</em></strong></span> <span class='ocrx_word' id='word_1_151' title='bbox 705 2177 744 2246; x_wconf 87' lang='grc' dir='ltr'><strong><em>ἐν</em></strong></span> <span class='ocrx_word' id='word_1_152' title='bbox 769 2178 914 2264; x_wconf 88' lang='grc' dir='ltr'><strong><em>λάρνακι</em></strong></span> <span class='ocrx_word' id='word_1_153' title='bbox 940 2176 1006 2244; x_wconf 88' lang='grc' dir='ltr'><strong><em>σῦν</em></strong></span> <span class='ocrx_word' id='word_1_154' title='bbox 1034 2175 1120 2244; x_wconf 65' lang='lat' dir='ltr'><strong><em>dmi</em></strong></span> <span class='ocrx_word' id='word_1_155' title='bbox 1149 2190 1289 2262; x_wconf 72' lang='grc' dir='ltr'><strong><em>ψυχαῖς,</em></strong></span> <span class='ocrx_word' id='word_1_156' title='bbox 1318 2181 1408 2257; x_wconf 83' lang='grc' dir='ltr'><strong><em>τέλος</em></strong></span> 
     </span>
     <span class='ocr_line' id='line_1_19' title="bbox 290 2278 1407 2370; baseline 0.002 -24"><span class='ocrx_word' id='word_1_157' title='bbox 290 2280 354 2366; x_wconf 77' lang='grc' dir='ltr'><strong><em>μὲν</em></strong></span> <span class='ocrx_word' id='word_1_158' title='bbox 376 2284 446 2346; x_wconf 80' lang='grc' dir='ltr'><strong><em>των</em></strong></span> <span class='ocrx_word' id='word_1_159' title='bbox 474 2280 737 2370; x_wconf 73' lang='grc' dir='ltr'><strong><em>παρῳχηκότων,</em></strong></span> <span class='ocrx_word' id='word_1_160' title='bbox 766 2278 874 2364; x_wconf 79' lang='grc' dir='ltr'><strong><em>ἀργήν</em></strong></span> <span class='ocrx_word' id='word_1_161' title='bbox 894 2280 932 2346; x_wconf 72' lang='grc' dir='ltr'><strong><em>δὲ</em></strong></span> <span class='ocrx_word' id='word_1_162' title='bbox 956 2283 1025 2347; x_wconf 86' lang='grc' dir='ltr'><strong><em>τιόν</em></strong></span> <span class='ocrx_word' id='word_1_163' title='bbox 1044 2279 1239 2362; x_wconf 85' lang='grc' dir='ltr'><strong><em>μελλόντων</em></strong></span> <span class='ocrx_word' id='word_1_164' title='bbox 1262 2281 1407 2365; x_wconf 85' lang='grc' dir='ltr'><strong><em>ἐπιγίνε-</em></strong></span> 
     </span>
     <span class='ocr_line' id='line_1_20' title="bbox 290 2379 1407 2468; baseline 0 -20"><span class='ocrx_word' id='word_1_165' title='bbox 290 2389 390 2464; x_wconf 89' lang='grc' dir='ltr'><strong><em>σθαι,</em></strong></span> <span class='ocrx_word' id='word_1_166' title='bbox 419 2379 438 2448; x_wconf 90' lang='grc' dir='ltr'><strong><em>ό</em></strong></span> <span class='ocrx_word' id='word_1_167' title='bbox 458 2381 497 2448; x_wconf 86' lang='grc' dir='ltr'><strong><em>τό</em></strong></span> <span class='ocrx_word' id='word_1_168' title='bbox 519 2381 669 2468; x_wconf 86' lang='grc' dir='ltr'><strong><em>φοβερὸν</em></strong></span> <span class='ocrx_word' id='word_1_169' title='bbox 689 2385 758 2468; x_wconf 89' lang='grc' dir='ltr'><strong><em>πῦρ</em></strong></span> <span class='ocrx_word' id='word_1_170' title='bbox 782 2379 867 2448; x_wconf 85' lang='grc' dir='ltr'><strong><em>κατά</em></strong></span> <span class='ocrx_word' id='word_1_171' title='bbox 884 2384 942 2466; x_wconf 83' lang='grc' dir='ltr'><strong><em>τῆς</em></strong></span> <span class='ocrx_word' id='word_1_172' title='bbox 963 2383 1154 2468; x_wconf 85' lang='grc' dir='ltr'><strong><em>σοδομηνής</em></strong></span> <span class='ocrx_word' id='word_1_173' title='bbox 1175 2383 1407 2460; x_wconf 83' lang='grc' dir='ltr'><strong><em>πενταπόλεως</em></strong></span> 
     </span>
     <span class='ocr_line' id='line_1_21' title="bbox 239 2481 1406 2570; baseline 0.001 -19"><span class='ocrx_word' id='word_1_174' title='bbox 239 2501 273 2552; x_wconf 77' lang='grc' dir='ltr'><strong><em>κο</em></strong></span> <span class='ocrx_word' id='word_1_175' title='bbox 290 2484 415 2564; x_wconf 77' lang='grc' dir='ltr'><strong><em>ἐξάψας</em></strong></span> <span class='ocrx_word' id='word_1_176' title='bbox 436 2483 492 2551; x_wconf 84' lang='grc' dir='ltr'><strong><em>καὶ</em></strong></span> <span class='ocrx_word' id='word_1_177' title='bbox 513 2489 579 2570; x_wconf 81' lang='grc' dir='ltr'><strong><em>γῆν</em></strong></span> <span class='ocrx_word' id='word_1_178' title='bbox 601 2483 822 2570; x_wconf 85' lang='grc' dir='ltr'><strong><em>καρποφόρον</em></strong></span> <span class='ocrx_word' id='word_1_179' title='bbox 846 2485 893 2560; x_wconf 86' lang='grc' dir='ltr'><strong><em>είς</em></strong></span> <span class='ocrx_word' id='word_1_180' title='bbox 914 2482 1024 2568; x_wconf 79' lang='grc' dir='ltr'><strong><em>ἅλμην</em></strong></span> <span class='ocrx_word' id='word_1_181' title='bbox 1042 2485 1186 2567; x_wconf 78' lang='grc' dir='ltr'><strong><em>θέμενος</em></strong></span> <span class='ocrx_word' id='word_1_182' title='bbox 1203 2481 1271 2550; x_wconf 84' lang='grc' dir='ltr'><strong><em>ἀπὸ</em></strong></span> <span class='ocrx_word' id='word_1_183' title='bbox 1291 2490 1406 2562; x_wconf 75' lang='grc' dir='ltr'><strong><em>κακιας</em></strong></span> 
     </span>
     <span class='ocr_line' id='line_1_22' title="bbox 290 2583 1404 2671; baseline 0 -19"><span class='ocrx_word' id='word_1_184' title='bbox 290 2590 359 2652; x_wconf 77' lang='grc' dir='ltr'><strong><em>τόν</em></strong></span> <span class='ocrx_word' id='word_1_185' title='bbox 381 2586 630 2653; x_wconf 80' lang='grc' dir='ltr'><strong><em>κατοικούντων</em></strong></span> <span class='ocrx_word' id='word_1_186' title='bbox 652 2585 692 2651; x_wconf 85' lang='grc' dir='ltr'><strong><em>ἐν</em></strong></span> <span class='ocrx_word' id='word_1_187' title='bbox 707 2583 814 2670; x_wconf 80' lang='grc' dir='ltr'><strong><em>αὐτῇ,</em></strong></span> <span class='ocrx_word' id='word_1_188' title='bbox 841 2586 898 2652; x_wconf 84' lang='grc' dir='ltr'><strong><em>καλ</em></strong></span> <span class='ocrx_word' id='word_1_189' title='bbox 919 2583 979 2652; x_wconf 90' lang='grc' dir='ltr'><strong><em>τδν</em></strong></span> <span class='ocrx_word' id='word_1_190' title='bbox 1001 2583 1096 2652; x_wconf 81' lang='grc' dir='ltr'><strong><em>ὅσιον</em></strong></span> <span class='ocrx_word' id='word_1_191' title='bbox 1118 2583 1195 2652; x_wconf 57' lang='lat' dir='ltr'><strong><em>Aah</em></strong></span> <span class='ocrx_word' id='word_1_192' title='bbox 1215 2585 1404 2671; x_wconf 80' lang='grc' dir='ltr'><strong><em>ἐξαρπάσας</em></strong></span> 
     </span>
     <span class='ocr_line' id='line_1_23' title="bbox 290 2683 1403 2773; baseline 0.002 -21"><span class='ocrx_word' id='word_1_193' title='bbox 290 2689 352 2752; x_wconf 87' lang='grc' dir='ltr'><strong><em>τοῦ</em></strong></span> <span class='ocrx_word' id='word_1_194' title='bbox 380 2685 588 2772; x_wconf 87' lang='grc' dir='ltr'><strong><em>ἐμπρησμοῦ.</em></strong></span> <span class='ocrx_word' id='word_1_195' title='bbox 632 2683 676 2752; x_wconf 86' lang='grc' dir='ltr'><strong><em>σῦ</em></strong></span> <span class='ocrx_word' id='word_1_196' title='bbox 706 2683 737 2753; x_wconf 83' lang='grc' dir='ltr'><strong><em>εἶ</em></strong></span> <span class='ocrx_word' id='word_1_197' title='bbox 761 2684 780 2752; x_wconf 93' lang='grc' dir='ltr'><strong><em>ό</em></strong></span> <span class='ocrx_word' id='word_1_198' title='bbox 807 2685 867 2754; x_wconf 89' lang='grc' dir='ltr'><strong><em>τόν</em></strong></span> <span class='ocrx_word' id='word_1_199' title='bbox 890 2685 1038 2773; x_wconf 86' lang='grc' dir='ltr'><strong><em>Ἀβραάμ</em></strong></span> <span class='ocrx_word' id='word_1_200' title='bbox 1066 2687 1256 2772; x_wconf 74' lang='grc' dir='ltr'><strong><em>ῥυσάμενος</em></strong></span> <span class='ocrx_word' id='word_1_201' title='bbox 1280 2709 1403 2772; x_wconf 84' lang='grc' dir='ltr'><strong><em>προγο-</em></strong></span> 
     </span>
     <span class='ocr_line' id='line_1_24' title="bbox 289 2786 1403 2876; baseline 0.002 -22"><span class='ocrx_word' id='word_1_202' title='bbox 289 2791 386 2873; x_wconf 79' lang='grc' dir='ltr'><strong><em>νικῆς</em></strong></span> <span class='ocrx_word' id='word_1_203' title='bbox 406 2786 561 2873; x_wconf 83' lang='grc' dir='ltr'><strong><em>ἀσεβείας</em></strong></span> <span class='ocrx_word' id='word_1_204' title='bbox 581 2786 638 2854; x_wconf 79' lang='grc' dir='ltr'><strong><em>καί</em></strong></span> <span class='ocrx_word' id='word_1_205' title='bbox 658 2789 871 2875; x_wconf 90' lang='grc' dir='ltr'><strong><em>κληρονόμον</em></strong></span> <span class='ocrx_word' id='word_1_206' title='bbox 891 2793 953 2854; x_wconf 93' lang='grc' dir='ltr'><strong><em>τοῦ</em></strong></span> <span class='ocrx_word' id='word_1_207' title='bbox 973 2789 1103 2874; x_wconf 87' lang='grc' dir='ltr'><strong><em>κόσμου</em></strong></span> <span class='ocrx_word' id='word_1_208' title='bbox 1124 2789 1336 2876; x_wconf 79' lang='grc' dir='ltr'><strong><em>καταστήσας</em></strong></span> <span class='ocrx_word' id='word_1_209' title='bbox 1351 2788 1403 2856; x_wconf 82' lang='grc' dir='ltr'><strong><em>καλ</em></strong></span> 
     </span>
     <span class='ocr_line' id='line_1_25' title="bbox 290 2887 1402 2978; baseline 0.003 -23"><span class='ocrx_word' id='word_1_210' title='bbox 290 2889 479 2974; x_wconf 86' lang='grc' dir='ltr'><strong><em>ἐμφανίσας</em></strong></span> <span class='ocrx_word' id='word_1_211' title='bbox 504 2887 595 2978; x_wconf 78' lang='grc' dir='ltr'><strong><em>αὐτῷ</em></strong></span> <span class='ocrx_word' id='word_1_212' title='bbox 621 2888 681 2956; x_wconf 84' lang='grc' dir='ltr'><strong><em>τόν</em></strong></span> <span class='ocrx_word' id='word_1_213' title='bbox 702 2890 839 2976; x_wconf 79' lang='grc' dir='ltr'><strong><em>χριστόν</em></strong></span> <span class='ocrx_word' id='word_1_214' title='bbox 866 2907 948 2971; x_wconf 86' lang='grc' dir='ltr'><strong><em>σου,</em></strong></span> <span class='ocrx_word' id='word_1_215' title='bbox 978 2887 996 2957; x_wconf 89' lang='grc' dir='ltr'>ὁ</span> <span class='ocrx_word' id='word_1_216' title='bbox 1022 2889 1083 2958; x_wconf 83' lang='grc' dir='ltr'><strong><em>τόν</em></strong></span> <span class='ocrx_word' id='word_1_217' title='bbox 1110 2893 1321 2976; x_wconf 82' lang='grc' dir='ltr'><strong><em>Μελχισεδὲκ</em></strong></span> <span class='ocrx_word' id='word_1_218' title='bbox 1344 2891 1402 2978; x_wconf 74' lang='grc' dir='ltr'><strong><em>ἀρ</em></strong></span> 
     </span>
     <span class='ocr_line' id='line_1_26' title="bbox 238 2990 1401 3078; baseline 0 -20"><span class='ocrx_word' id='word_1_219' title='bbox 238 3007 272 3058; x_wconf 70' lang='grc'><strong><em>22</em></strong></span> <span class='ocrx_word' id='word_1_220' title='bbox 289 2994 399 3078; x_wconf 81' lang='grc' dir='ltr'><strong><em>χιερέα</em></strong></span> <span class='ocrx_word' id='word_1_221' title='bbox 422 2995 482 3077; x_wconf 85' lang='grc' dir='ltr'><strong><em>σής</em></strong></span> <span class='ocrx_word' id='word_1_222' title='bbox 505 2995 660 3077; x_wconf 89' lang='grc' dir='ltr'><strong><em>λατρείας</em></strong></span> <span class='ocrx_word' id='word_1_223' title='bbox 684 2993 999 3078; x_wconf 78' lang='grc' dir='ltr'><strong><em>προχειρισάμενος,</em></strong></span> <span class='ocrx_word' id='word_1_224' title='bbox 1027 2990 1126 3059; x_wconf 87' lang='grc' dir='ltr'><strong><em>ὁτὸν</em></strong></span> <span class='ocrx_word' id='word_1_225' title='bbox 1152 2992 1327 3060; x_wconf 83' lang='grc' dir='ltr'><strong><em>πολύτλαν</em></strong></span> <span class='ocrx_word' id='word_1_226' title='bbox 1343 2999 1401 3058; x_wconf 88' lang='grc' dir='ltr'><strong><em>θε-</em></strong></span> 
     </span>
     <span class='ocr_line' id='line_1_27' title="bbox 289 3091 1400 3182; baseline 0 -22"><span class='ocrx_word' id='word_1_227' title='bbox 289 3094 441 3176; x_wconf 88' lang='grc' dir='ltr'><strong><em>ράποντά</em></strong></span> <span class='ocrx_word' id='word_1_228' title='bbox 459 3111 522 3160; x_wconf 86' lang='grc' dir='ltr'><strong><em>σου</em></strong></span> <span class='ocrx_word' id='word_1_229' title='bbox 541 3091 613 3180; x_wconf 80' lang='grc' dir='ltr'><strong><em>Ἰωβ</em></strong></span> <span class='ocrx_word' id='word_1_230' title='bbox 635 3091 777 3179; x_wconf 86' lang='grc' dir='ltr'><strong><em>νικητήν</em></strong></span> <span class='ocrx_word' id='word_1_231' title='bbox 795 3098 856 3161; x_wconf 90' lang='grc' dir='ltr'><strong><em>τοῦ</em></strong></span> <span class='ocrx_word' id='word_1_232' title='bbox 876 3093 1069 3182; x_wconf 79' lang='grc' dir='ltr'><strong><em>ἀρχεκάκον</em></strong></span> <span class='ocrx_word' id='word_1_233' title='bbox 1087 3091 1196 3178; x_wconf 82' lang='grc' dir='ltr'><strong><em>ὄφεως</em></strong></span> <span class='ocrx_word' id='word_1_234' title='bbox 1217 3091 1400 3174; x_wconf 76' lang='grc' dir='ltr'><strong><em>ἀναδειξας,</em></strong></span> 
     </span>
     <span class='ocr_line' id='line_1_28' title="bbox 289 3191 1400 3281; baseline 0 -19"><span class='ocrx_word' id='word_1_235' title='bbox 289 3191 308 3262; x_wconf 86' lang='grc' dir='ltr'><strong><em>ὁ</em></strong></span> <span class='ocrx_word' id='word_1_236' title='bbox 335 3193 395 3261; x_wconf 85' lang='grc' dir='ltr'><strong><em>τὸν</em></strong></span> <span class='ocrx_word' id='word_1_237' title='bbox 418 3193 530 3262; x_wconf 85' lang='grc' dir='ltr'><strong><em>’ίσαάκ</em></strong></span> <span class='ocrx_word' id='word_1_238' title='bbox 562 3195 762 3280; x_wconf 71' lang='grc' dir='ltr'><strong><em>ἐπαγγελίας</em></strong></span> <span class='ocrx_word' id='word_1_239' title='bbox 792 3193 870 3264; x_wconf 86' lang='grc' dir='ltr'><strong><em>υίόν</em></strong></span> <span class='ocrx_word' id='word_1_240' title='bbox 901 3197 1141 3281; x_wconf 89' lang='grc' dir='ltr'><strong><em>ποιησάμενος,</em></strong></span> <span class='ocrx_word' id='word_1_241' title='bbox 1173 3192 1271 3262; x_wconf 85' lang='grc' dir='ltr'><strong><em>ὁτδν</em></strong></span> <span class='ocrx_word' id='word_1_242' title='bbox 1290 3194 1400 3278; x_wconf 80' lang='grc' dir='ltr'><strong><em>Ἰακόβ</em></strong></span> 
     </span>
     <span class='ocr_line' id='line_1_29' title="bbox 288 3294 1401 3382; baseline 0 -20"><span class='ocrx_word' id='word_1_243' title='bbox 288 3298 413 3382; x_wconf 80' lang='grc' dir='ltr'><strong><em>πατέρα</em></strong></span> <span class='ocrx_word' id='word_1_244' title='bbox 435 3296 568 3364; x_wconf 78' lang='grc' dir='ltr'><strong><em>δυόδεκα</em></strong></span> <span class='ocrx_word' id='word_1_245' title='bbox 589 3299 721 3365; x_wconf 89' lang='grc' dir='ltr'><strong><em>παίδων</em></strong></span> <span class='ocrx_word' id='word_1_246' title='bbox 742 3297 799 3365; x_wconf 83' lang='grc' dir='ltr'><strong><em>καλ</em></strong></span> <span class='ocrx_word' id='word_1_247' title='bbox 820 3295 899 3375; x_wconf 88' lang='grc' dir='ltr'><strong><em>τοῦς</em></strong></span> <span class='ocrx_word' id='word_1_248' title='bbox 926 3300 960 3378; x_wconf 83' lang='grc' dir='ltr'><strong><em>ἐξ</em></strong></span> <span class='ocrx_word' id='word_1_249' title='bbox 985 3294 1091 3364; x_wconf 81' lang='grc' dir='ltr'><strong><em>αὐτοῦ</em></strong></span> <span class='ocrx_word' id='word_1_250' title='bbox 1112 3299 1159 3374; x_wconf 89' lang='grc' dir='ltr'><strong><em>είς</em></strong></span> <span class='ocrx_word' id='word_1_251' title='bbox 1181 3301 1314 3382; x_wconf 77' lang='grc' dir='ltr'><strong><em>πλῆθος</em></strong></span> <span class='ocrx_word' id='word_1_252' title='bbox 1329 3298 1401 3381; x_wconf 74' lang='grc' dir='ltr'><strong><em>χέας</em></strong></span> 
     </span>
    </p>
   </div>
   <div class='ocr_carea' id='block_1_4' title="bbox 356 3503 602 3566">
    <p class='ocr_par' dir='ltr' id='par_1_4' title="bbox 356 3503 602 3566">
     <span class='ocr_line' id='line_1_30' title="bbox 356 3503 602 3566; baseline 0 -12"><span class='ocrx_word' id='word_1_253' title='bbox 356 3503 387 3554; x_wconf 84' lang='grc' dir='ltr'><strong><em>λλ</em></strong></span> <span class='ocrx_word' id='word_1_254' title='bbox 406 3503 472 3556; x_wconf 69' lang='lat' dir='ltr'><strong><em>Patr</em></strong></span> <span class='ocrx_word' id='word_1_255' title='bbox 489 3519 508 3554; x_wconf 90' lang='grc' dir='ltr'><strong><em>α</em></strong></span> <span class='ocrx_word' id='word_1_256' title='bbox 525 3503 549 3566; x_wconf 85' lang='grc'><strong><em>3,</em></strong></span> <span class='ocrx_word' id='word_1_257' title='bbox 568 3503 602 3554; x_wconf 86' lang='grc'><strong><em>20</em></strong></span> 
     </span>
    </p>
   </div>
   <div class='ocr_carea' id='block_1_5' title="bbox 284 3661 1400 4416">
    <p class='ocr_par' dir='ltr' id='par_1_5' title="bbox 284 3661 1400 4416">
     <span class='ocr_line' id='line_1_31' title="bbox 289 3661 1398 3741; baseline -0.001 -18"><span class='ocrx_word' id='word_1_258' title='bbox 289 3672 301 3723; x_wconf 87' lang='lat'><em>1</em></span> <span class='ocrx_word' id='word_1_259' title='bbox 321 3661 399 3738; x_wconf 78' lang='grc' dir='ltr'><strong><em>αότῴ</em></strong></span> <span class='ocrx_word' id='word_1_260' title='bbox 417 3671 533 3724; x_wconf 74' lang='lat' dir='ltr'><strong>altorum</strong></span> <span class='ocrx_word' id='word_1_261' title='bbox 550 3673 585 3737; x_wconf 93' lang='lat'>&gt;</span> <span class='ocrx_word' id='word_1_262' title='bbox 601 3689 619 3738; x_wconf 83' lang='lat' dir='ltr'>y</span> <span class='ocrx_word' id='word_1_263' title='bbox 639 3673 644 3738; x_wconf 89' lang='grc' dir='ltr'>Ι</span> <span class='ocrx_word' id='word_1_264' title='bbox 668 3673 678 3725; x_wconf 94' lang='grc' dir='ltr'>Ι</span> <span class='ocrx_word' id='word_1_265' title='bbox 700 3667 818 3740; x_wconf 81' lang='grc' dir='ltr'><strong><em>λδρῦσιν</em></strong></span> <span class='ocrx_word' id='word_1_266' title='bbox 836 3691 852 3726; x_wconf 84' lang='lat' dir='ltr'>x</span> <span class='ocrx_word' id='word_1_267' title='bbox 872 3673 908 3741; x_wconf 86' lang='grc'><strong><em>13</em></strong></span> <span class='ocrx_word' id='word_1_268' title='bbox 925 3674 1082 3732; x_wconf 82' lang='grc' dir='ltr'><strong><em>παίνοντος</em></strong></span> <span class='ocrx_word' id='word_1_269' title='bbox 1098 3675 1124 3724; x_wconf 83' lang='grc' dir='ltr'><strong>Χ</strong></span> <span class='ocrx_word' id='word_1_270' title='bbox 1138 3673 1143 3738; x_wconf 95' lang='grc' dir='ltr'>Ι</span> <span class='ocrx_word' id='word_1_271' title='bbox 1159 3672 1213 3726; x_wconf 82' lang='grc'><strong><em>3.4</em></strong></span> <span class='ocrx_word' id='word_1_272' title='bbox 1231 3664 1364 3739; x_wconf 88' lang='grc' dir='ltr'><strong><em>κοιμήσας</em></strong></span> <span class='ocrx_word' id='word_1_273' title='bbox 1381 3687 1398 3722; x_wconf 83' lang='lat' dir='ltr'>x</span> 
     </span>
     <span class='ocr_line' id='line_1_32' title="bbox 287 3747 1397 3826; baseline -0.003 -18"><span class='ocrx_word' id='word_1_274' title='bbox 287 3754 292 3824; x_wconf 96' lang='grc' dir='ltr'>Ι</span> <span class='ocrx_word' id='word_1_275' title='bbox 313 3759 329 3808; x_wconf 77' lang='grc'><strong>4</strong></span> <span class='ocrx_word' id='word_1_276' title='bbox 347 3747 404 3822; x_wconf 80' lang='grc' dir='ltr'><strong><em>ἀρα</em></strong></span> <span class='ocrx_word' id='word_1_277' title='bbox 420 3773 457 3823; x_wconf 77' lang='lat' dir='ltr'><strong><em>xy</em></strong></span> <span class='ocrx_word' id='word_1_278' title='bbox 482 3755 487 3822; x_wconf 94' lang='grc' dir='ltr'>Ι</span> <span class='ocrx_word' id='word_1_279' title='bbox 513 3760 530 3808; x_wconf 89' lang='grc'><strong>4</strong></span> <span class='ocrx_word' id='word_1_280' title='bbox 548 3773 577 3810; x_wconf 89' lang='grc' dir='ltr'><strong><em>τε</em></strong></span> <span class='ocrx_word' id='word_1_281' title='bbox 594 3756 629 3825; x_wconf 84' lang='grc' dir='ltr'><strong><em>-Ι-</em></strong></span> <span class='ocrx_word' id='word_1_282' title='bbox 645 3775 664 3824; x_wconf 83' lang='lat' dir='ltr'>y</span> <span class='ocrx_word' id='word_1_283' title='bbox 690 3760 694 3824; x_wconf 97' lang='grc' dir='ltr'>Ι</span> <span class='ocrx_word' id='word_1_284' title='bbox 721 3759 738 3809; x_wconf 85' lang='grc'><strong>6</strong></span> <span class='ocrx_word' id='word_1_285' title='bbox 755 3750 923 3826; x_wconf 76' lang='grc' dir='ltr'><strong><em>ἀνήριθμον</em></strong></span> <span class='ocrx_word' id='word_1_286' title='bbox 939 3775 971 3824; x_wconf 82' lang='lat' dir='ltr'><strong><em>y,</em></strong></span> <span class='ocrx_word' id='word_1_287' title='bbox 988 3751 1159 3825; x_wconf 77' lang='grc' dir='ltr'><strong><em>ἀνάριθμον</em></strong></span> <span class='ocrx_word' id='word_1_288' title='bbox 1176 3764 1188 3808; x_wconf 83' lang='lat' dir='ltr'><strong>t</strong></span> <span class='ocrx_word' id='word_1_289' title='bbox 1213 3755 1218 3822; x_wconf 95' lang='grc' dir='ltr'>Ι</span> <span class='ocrx_word' id='word_1_290' title='bbox 1245 3757 1262 3808; x_wconf 87' lang='grc'><strong>6</strong></span> <span class='ocrx_word' id='word_1_291' title='bbox 1279 3752 1344 3823; x_wconf 71' lang='grc' dir='ltr'><strong><em>χέας</em></strong></span> <span class='ocrx_word' id='word_1_292' title='bbox 1359 3761 1397 3814; x_wconf 71' lang='lat' dir='ltr'><strong><em>xt,</em></strong></span> 
     </span>
     <span class='ocr_line' id='line_1_33' title="bbox 285 3835 1399 3910; baseline -0.005 -16"><span class='ocrx_word' id='word_1_293' title='bbox 285 3835 443 3910; x_wconf 69' lang='grc' dir='ltr'><strong><em>ποιήσας]</em></strong></span> <span class='ocrx_word' id='word_1_294' title='bbox 464 3843 468 3904; x_wconf 92' lang='grc' dir='ltr'>Ι</span> <span class='ocrx_word' id='word_1_295' title='bbox 488 3843 504 3892; x_wconf 83' lang='lat'><strong>7</strong></span> <span class='ocrx_word' id='word_1_296' title='bbox 523 3835 710 3910; x_wconf 65' lang='grc' dir='ltr'><strong><em>ἐμμείναντας</em></strong></span> <span class='ocrx_word' id='word_1_297' title='bbox 727 3861 745 3909; x_wconf 80' lang='lat' dir='ltr'><strong>y</strong></span> <span class='ocrx_word' id='word_1_298' title='bbox 764 3849 769 3904; x_wconf 91' lang='grc' dir='ltr'>Ι</span> <span class='ocrx_word' id='word_1_299' title='bbox 788 3843 805 3894; x_wconf 87' lang='grc'>8</span> <span class='ocrx_word' id='word_1_300' title='bbox 822 3839 984 3908; x_wconf 77' lang='grc' dir='ltr'><strong><em>προσεδέξω</em></strong></span> <span class='ocrx_word' id='word_1_301' title='bbox 1000 3860 1019 3909; x_wconf 74' lang='lat' dir='ltr'><strong>y</strong></span> <span class='ocrx_word' id='word_1_302' title='bbox 1043 3844 1048 3908; x_wconf 93' lang='grc' dir='ltr'>Ι</span> <span class='ocrx_word' id='word_1_303' title='bbox 1068 3843 1085 3894; x_wconf 87' lang='grc'>9</span> <span class='ocrx_word' id='word_1_304' title='bbox 1103 3835 1324 3908; x_wconf 67' lang='grc' dir='ltr'><strong><em>ἀπεστράφης]</em></strong></span> <span class='ocrx_word' id='word_1_305' title='bbox 1342 3841 1347 3904; x_wconf 91' lang='grc' dir='ltr'>Ι</span> <span class='ocrx_word' id='word_1_306' title='bbox 1368 3839 1399 3889; x_wconf 87' lang='lat'><strong><em>10</em></strong></span> 
     </span>
     <span class='ocr_line' id='line_1_34' title="bbox 285 3919 1398 3994; baseline -0.002 -14"><span class='ocrx_word' id='word_1_307' title='bbox 285 3923 336 3980; x_wconf 78' lang='grc' dir='ltr'><strong><em>καί</em></strong></span> <span class='ocrx_word' id='word_1_308' title='bbox 353 3931 430 3994; x_wconf 75' lang='lat' dir='ltr'>prius</span> <span class='ocrx_word' id='word_1_309' title='bbox 447 3928 481 3991; x_wconf 95' lang='lat'>&gt;</span> <span class='ocrx_word' id='word_1_310' title='bbox 497 3945 516 3994; x_wconf 80' lang='lat' dir='ltr'>y</span> <span class='ocrx_word' id='word_1_311' title='bbox 535 3929 540 3991; x_wconf 87' lang='grc' dir='ltr'>Ι</span> <span class='ocrx_word' id='word_1_312' title='bbox 562 3928 594 3978; x_wconf 87' lang='lat'><strong><em>10</em></strong></span> <span class='ocrx_word' id='word_1_313' title='bbox 612 3927 674 3982; x_wconf 83' lang='grc' dir='ltr'><strong><em>Σλθ</em></strong></span> <span class='ocrx_word' id='word_1_314' title='bbox 692 3935 703 3980; x_wconf 73' lang='grc' dir='ltr'><strong><em>ι</em></strong></span> <span class='ocrx_word' id='word_1_315' title='bbox 718 3929 722 3990; x_wconf 98' lang='grc' dir='ltr'>Ι</span> <span class='ocrx_word' id='word_1_316' title='bbox 740 3929 769 3980; x_wconf 88' lang='lat' dir='ltr'><strong><em>ll</em></strong></span> <span class='ocrx_word' id='word_1_317' title='bbox 789 3923 990 3994; x_wconf 85' lang='grc' dir='ltr'><strong><em>μετετέθεικας</em></strong></span> <span class='ocrx_word' id='word_1_318' title='bbox 1008 3934 1020 3979; x_wconf 78' lang='lat' dir='ltr'><strong>t</strong></span> <span class='ocrx_word' id='word_1_319' title='bbox 1035 3929 1039 3989; x_wconf 94' lang='grc' dir='ltr'>Ι</span> <span class='ocrx_word' id='word_1_320' title='bbox 1057 3928 1088 3980; x_wconf 86' lang='grc'><strong><em>12</em></strong></span> <span class='ocrx_word' id='word_1_321' title='bbox 1105 3925 1156 3980; x_wconf 78' lang='grc' dir='ltr'><strong><em>καί</em></strong></span> <span class='ocrx_word' id='word_1_322' title='bbox 1174 3927 1292 3978; x_wconf 66' lang='lat' dir='ltr'><strong>alterum</strong></span> <span class='ocrx_word' id='word_1_323' title='bbox 1307 3926 1373 3989; x_wconf 83' lang='lat' dir='ltr'><strong><em>&gt;y</em></strong></span> <span class='ocrx_word' id='word_1_324' title='bbox 1393 3919 1398 3986; x_wconf 96' lang='grc' dir='ltr'>Ι</span> 
     </span>
     <span class='ocr_line' id='line_1_35' title="bbox 288 4002 1400 4080; baseline -0.003 -17"><span class='ocrx_word' id='word_1_325' title='bbox 288 4003 441 4079; x_wconf 75' lang='grc' dir='ltr'><strong><em>λδό-Ι-γΙ</em></strong></span> <span class='ocrx_word' id='word_1_326' title='bbox 460 4010 732 4076; x_wconf 70' lang='grc' dir='ltr'><strong><em>λθκαλκλτετοοικλ,</em></strong></span> <span class='ocrx_word' id='word_1_327' title='bbox 751 4004 767 4064; x_wconf 86' lang='grc' dir='ltr'><strong><em>δ</em></strong></span> <span class='ocrx_word' id='word_1_328' title='bbox 784 4030 803 4079; x_wconf 78' lang='grc' dir='ltr'><strong><em>γ</em></strong></span> <span class='ocrx_word' id='word_1_329' title='bbox 822 4011 827 4080; x_wconf 96' lang='grc' dir='ltr'>Ι</span> <span class='ocrx_word' id='word_1_330' title='bbox 848 4013 879 4064; x_wconf 85' lang='grc'><strong><em>15</em></strong></span> <span class='ocrx_word' id='word_1_331' title='bbox 897 4006 913 4066; x_wconf 87' lang='grc' dir='ltr'><strong><em>δ</em></strong></span> <span class='ocrx_word' id='word_1_332' title='bbox 930 4013 1016 4078; x_wconf 78' lang='grc' dir='ltr'><strong><em>&gt;γΙ</em></strong></span> <span class='ocrx_word' id='word_1_333' title='bbox 1037 4012 1069 4064; x_wconf 77' lang='grc'><strong><em>15</em></strong></span> <span class='ocrx_word' id='word_1_334' title='bbox 1086 4007 1119 4065; x_wconf 84' lang='grc' dir='ltr'><strong><em>τὸ</em></strong></span> <span class='ocrx_word' id='word_1_335' title='bbox 1135 4009 1170 4078; x_wconf 87' lang='grc' dir='ltr'><strong><em>-Ι-</em></strong></span> <span class='ocrx_word' id='word_1_336' title='bbox 1186 4009 1238 4076; x_wconf 67' lang='grc' dir='ltr'><strong><em>γλλ</em></strong></span> <span class='ocrx_word' id='word_1_337' title='bbox 1255 4002 1400 4074; x_wconf 83' lang='grc' dir='ltr'><strong><em>λδάσεβη-</em></strong></span> 
     </span>
     <span class='ocr_line' id='line_1_36' title="bbox 284 4087 1398 4165; baseline -0.004 -15"><span class='ocrx_word' id='word_1_338' title='bbox 284 4089 383 4162; x_wconf 81' lang='grc' dir='ltr'><strong><em>μάτων</em></strong></span> <span class='ocrx_word' id='word_1_339' title='bbox 399 4115 417 4164; x_wconf 84' lang='lat' dir='ltr'><strong>y</strong></span> <span class='ocrx_word' id='word_1_340' title='bbox 437 4095 441 4164; x_wconf 98' lang='grc' dir='ltr'>Ι</span> <span class='ocrx_word' id='word_1_341' title='bbox 463 4097 495 4149; x_wconf 87' lang='grc'><strong><em>18</em></strong></span> <span class='ocrx_word' id='word_1_342' title='bbox 511 4089 717 4162; x_wconf 74' lang='grc' dir='ltr'><strong><em>παροχηκότων</em></strong></span> <span class='ocrx_word' id='word_1_343' title='bbox 734 4114 753 4147; x_wconf 85' lang='lat' dir='ltr'>x</span> <span class='ocrx_word' id='word_1_344' title='bbox 771 4095 775 4163; x_wconf 93' lang='grc' dir='ltr'>Ι</span> <span class='ocrx_word' id='word_1_345' title='bbox 794 4097 829 4148; x_wconf 87' lang='grc'><strong><em>20</em></strong></span> <span class='ocrx_word' id='word_1_346' title='bbox 845 4097 900 4165; x_wconf 84' lang='grc' dir='ltr'><strong><em>γῆν</em></strong></span> <span class='ocrx_word' id='word_1_347' title='bbox 917 4103 956 4161; x_wconf 77' lang='lat' dir='ltr'><strong><em>xt,</em></strong></span> <span class='ocrx_word' id='word_1_348' title='bbox 974 4091 1027 4164; x_wconf 85' lang='grc' dir='ltr'><strong><em>τήν</em></strong></span> <span class='ocrx_word' id='word_1_349' title='bbox 1043 4113 1062 4160; x_wconf 82' lang='grc' dir='ltr'><strong><em>γ</em></strong></span> <span class='ocrx_word' id='word_1_350' title='bbox 1076 4097 1081 4160; x_wconf 98' lang='grc' dir='ltr'>Ι</span> <span class='ocrx_word' id='word_1_351' title='bbox 1102 4097 1133 4148; x_wconf 82' lang='lat'><strong><em>21</em></strong></span> <span class='ocrx_word' id='word_1_352' title='bbox 1153 4087 1374 4158; x_wconf 64' lang='grc' dir='ltr'><strong><em>ἐκοικοόντωτς</em></strong></span> <span class='ocrx_word' id='word_1_353' title='bbox 1395 4144 1398 4156; x_wconf 83' lang='grc'><strong><em>,</em></strong></span> 
     </span>
     <span class='ocr_line' id='line_1_37' title="bbox 285 4171 1400 4249; baseline -0.002 -17"><span class='ocrx_word' id='word_1_354' title='bbox 285 4183 319 4232; x_wconf 87' lang='grc'><strong><em>22</em></strong></span> <span class='ocrx_word' id='word_1_355' title='bbox 337 4175 497 4249; x_wconf 80' lang='grc' dir='ltr'><strong><em>ἐμπρισμοῦ</em></strong></span> <span class='ocrx_word' id='word_1_356' title='bbox 514 4199 532 4234; x_wconf 84' lang='lat' dir='ltr'>x</span> <span class='ocrx_word' id='word_1_357' title='bbox 551 4181 556 4244; x_wconf 97' lang='grc' dir='ltr'>Ι</span> <span class='ocrx_word' id='word_1_358' title='bbox 576 4183 609 4234; x_wconf 70' lang='grc'><strong><em>25</em></strong></span> <span class='ocrx_word' id='word_1_359' title='bbox 627 4181 679 4246; x_wconf 79' lang='grc' dir='ltr'><strong><em>σῆς</em></strong></span> <span class='ocrx_word' id='word_1_360' title='bbox 696 4196 747 4245; x_wconf 73' lang='grc' dir='ltr'><strong><em>κγ,</em></strong></span> <span class='ocrx_word' id='word_1_361' title='bbox 770 4179 821 4246; x_wconf 80' lang='grc' dir='ltr'><strong><em>τῆς</em></strong></span> <span class='ocrx_word' id='word_1_362' title='bbox 838 4188 851 4232; x_wconf 83' lang='lat' dir='ltr'><strong>t</strong></span> <span class='ocrx_word' id='word_1_363' title='bbox 869 4183 874 4248; x_wconf 92' lang='grc' dir='ltr'>Ι</span> <span class='ocrx_word' id='word_1_364' title='bbox 893 4181 926 4234; x_wconf 82' lang='grc'><strong><em>25</em></strong></span> <span class='ocrx_word' id='word_1_365' title='bbox 944 4173 1208 4248; x_wconf 75' lang='grc' dir='ltr'><strong><em>προγειρησάμενος</em></strong></span> <span class='ocrx_word' id='word_1_366' title='bbox 1224 4197 1242 4232; x_wconf 79' lang='lat' dir='ltr'>x</span> <span class='ocrx_word' id='word_1_367' title='bbox 1261 4180 1266 4246; x_wconf 94' lang='grc' dir='ltr'>Ι</span> <span class='ocrx_word' id='word_1_368' title='bbox 1285 4179 1316 4231; x_wconf 83' lang='grc'><strong><em>25</em></strong></span> <span class='ocrx_word' id='word_1_369' title='bbox 1331 4171 1346 4229; x_wconf 82' lang='grc' dir='ltr'><strong>ὁ</strong></span> <span class='ocrx_word' id='word_1_370' title='bbox 1365 4179 1400 4240; x_wconf 96' lang='grc'>&gt;</span> 
     </span>
     <span class='ocr_line' id='line_1_38' title="bbox 285 4257 1399 4400; baseline -0.004 -82"><span class='ocrx_word' id='word_1_371' title='bbox 285 4281 322 4400; x_wconf 58' lang='grc' dir='ltr'><strong><em>ἲς</em></strong></span> <span class='ocrx_word' id='word_1_372' title='bbox 341 4266 346 4330; x_wconf 99' lang='grc' dir='ltr'>Ι</span> <span class='ocrx_word' id='word_1_373' title='bbox 365 4267 399 4317; x_wconf 70' lang='grc'><strong><em>25</em></strong></span> <span class='ocrx_word' id='word_1_374' title='bbox 415 4257 585 4318; x_wconf 84' lang='grc' dir='ltr'><strong><em>πολόαθλον</em></strong></span> <span class='ocrx_word' id='word_1_375' title='bbox 602 4263 687 4331; x_wconf 74' lang='lat'><strong><em>5127</em></strong></span> <span class='ocrx_word' id='word_1_376' title='bbox 705 4258 721 4316; x_wconf 90' lang='grc' dir='ltr'><strong><em>ό</em></strong></span> <span class='ocrx_word' id='word_1_377' title='bbox 738 4269 882 4332; x_wconf 77' lang='lat' dir='ltr'><strong>utrumque</strong></span> <span class='ocrx_word' id='word_1_378' title='bbox 893 4265 928 4329; x_wconf 95' lang='lat'>&gt;</span> <span class='ocrx_word' id='word_1_379' title='bbox 945 4283 971 4330; x_wconf 82' lang='lat' dir='ltr'><strong><em>x,</em></strong></span> <span class='ocrx_word' id='word_1_380' title='bbox 991 4267 1109 4318; x_wconf 69' lang='lat' dir='ltr'><strong>alterum</strong></span> <span class='ocrx_word' id='word_1_381' title='bbox 1125 4265 1160 4328; x_wconf 95' lang='lat'>&gt;</span> <span class='ocrx_word' id='word_1_382' title='bbox 1176 4281 1195 4330; x_wconf 78' lang='lat' dir='ltr'>y</span> <span class='ocrx_word' id='word_1_383' title='bbox 1209 4263 1215 4332; x_wconf 96' lang='grc' dir='ltr'>Ι</span> <span class='ocrx_word' id='word_1_384' title='bbox 1229 4263 1264 4316; x_wconf 84' lang='grc'><strong><em>28</em></strong></span> <span class='ocrx_word' id='word_1_385' title='bbox 1279 4260 1341 4330; x_wconf 78' lang='grc' dir='ltr'><strong><em>γεάε</em></strong></span> <span class='ocrx_word' id='word_1_386' title='bbox 1357 4267 1399 4324; x_wconf 76' lang='grc' dir='ltr'><strong><em>ιλ,</em></strong></span> 
     </span>
     <span class='ocr_line' id='line_1_39' title="bbox 301 4348 451 4416; baseline 0 -16"><span class='ocrx_word' id='word_1_387' title='bbox 301 4348 416 4409; x_wconf 84' lang='grc' dir='ltr'><strong><em>κτείνας</em></strong></span> <span class='ocrx_word' id='word_1_388' title='bbox 432 4367 451 4416; x_wconf 83' lang='lat' dir='ltr'>y</span> 
     </span>
    </p>
   </div>
   <div class='ocr_carea' id='block_1_6' title="bbox 0 0 1504 4972">
    <p class='ocr_par' dir='ltr' id='par_1_6' title="bbox 0 0 1504 4972">
     <span class='ocr_line' id='line_1_40' title="bbox 0 0 1504 4972; baseline 0 3"><span class='ocrx_word' id='word_1_389' title='bbox 0 0 1504 4972; x_wconf 95' lang='lat' dir='ltr'><strong><em> </em></strong></span> 
     </span>
    </p>
   </div>
  </div>
 </body>
</html>
