2994 4972
289 406 330 468 90
1271 398 1409 466 τεο-ιο
1484 479 1485 488 Ν

290 570 449 632 οικοῦντα
490 561 593 649 ύμῖν,
631 563 676 649 μή
716 561 868 648 ἀμελείτε
906 563 1035 630 ἑαυτῶν
1071 565 1157 650 μηδὲ
1191 563 1410 650 ἀποστερεῖτε

288 667 349 734 τὸν
384 671 518 753 σωτῆρα
546 669 615 733 τῶν
643 668 779 732 οἰκείων
805 668 917 750 μελῶν
948 667 1032 750 μηδὲ
1058 667 1218 748 διαιρείτε
1244 663 1283 730 εδ
1312 671 1410 750 σῶμα

289 767 395 835 αὐτοῦ
421 771 505 856 μηδὲ
541 771 734 852 σκορπίζετε
765 766 806 832 τά
840 767 922 851 μέλη
953 765 1058 832 αὐτοῦ
1091 767 1177 850 μηδὲ
1204 772 1411 852 προκρίνετε

288 875 349 936 τοῦ
366 874 467 936 θείου
488 871 592 954 λόγον
614 867 673 946 τάς
693 867 852 954 βιωτικάς
869 871 997 953 χρείας,
1020 864 1098 933 ἀλλ’
1123 867 1265 953 ἑκάστης
1283 864 1411 955 ἡμέρας

254 976 557 1057 οσνναθροιζεσθε
582 969 713 1055 ὄρθρου
736 967 793 1036 καί
811 970 953 1056 ἑσπέρας
974 969 1160 1047 ψάλλοντες
1180 971 1237 1037 καί
1257 991 1410 1056 προσευ-
1481 1017 1485 1034 ι

289 1074 425 1160 χόμευοι
453 1072 492 1138 έν
516 1084 586 1149 τοῖς
610 1084 799 1158 κυριακοίς,
842 1069 974 1157 ὄρθρου
1000 1071 1064 1155 μὲν
1092 1073 1245 1155 λέγοντες
1272 1073 1412 1158 ψαλμὸν

289 1173 350 1241 τόν
366 1175 431 1260 ξδ’,
454 1174 594 1259 ἑσπέρας
613 1175 651 1239 δὲ
679 1172 740 1238 τόν
763 1173 826 1257 ρμ’.
871 1172 1015 1256 μάλιστα
1036 1173 1074 1237 δὲ
1098 1171 1137 1238 έν
1157 1174 1200 1259 τῇ
1217 1171 1327 1260 ἡμέρᾳ
1348 1180 1412 1240 τοῦ

289 1276 462 1362 σαββάτου
488 1275 546 1342 καί
569 1275 608 1342 έν
630 1276 670 1361 τῇ
691 1277 753 1341 τοῦ
774 1279 897 1359 κυρίου
918 1271 1136 1362 ἀναστασίμῳ
1156 1283 1174 1322 *
1194 1280 1237 1361 τῇ
1259 1281 1412 1362 κυριακῇ

289 1380 557 1464 σπουδαιοτέρως
584 1376 771 1458 ἀπαντᾶτε,
796 1371 895 1442 αἶνον
923 1374 1176 1460 ἀναπέμποντες
1203 1381 1411 1464 ustas-193
1484 1383 1485 1408 ¹

241 1495 272 1546 10
290 1481 466 1566 ποιήσαντι
487 1478 527 1546 τά
561 1478 622 1546 ὅλα
653 1476 709 1544 διά
734 1473 844 1564 Ἰησοῦ
870 1477 927 1544 καί
951 1475 1055 1543 αὐτόν
1086 1479 1104 1518 *
1134 1477 1412 1557 ἐξαποστείλαντι

289 1582 346 1649 καί
380 1582 636 1669 συγχωρήσαντα
668 1586 794 1646 παθεῖν
828 1580 885 1645 καί
923 1579 961 1645 ἐκ
997 1583 1130 1664 νεκρῶν
1166 1577 1408 1665 ἀναστήσαντι.

290 1684 363 1751 ἐπεὶ
391 1687 427 1750 τί
454 1682 698 1768 ἀπολογήσεται
726 1690 744 1729 *
771 1671 887 1768 θεῷ’δ
906 1680 950 1764 μή
982 1680 1228 1766 συνερχόμενος
1256 1681 1297 1748 ἑν
1325 1686 1410 1770 τῇδε
1425 1712 1457 1777 μ

288 1791 330 1872 τῇ
356 1782 463 1873 ήμίρμ
486 1785 625 1851 ἀκούειν
654 1783 731 1868 περὶ
755 1786 814 1869 τῆς
832 1781 1047 1858 ἀναστάσεως
1068 1786 1130 1848 τοῦ
1155 1788 1326 1869 σωτηρίου
1348 1786 1411 1851 λό-

288 1913 367 1973 γους
392 1887 431 1953 έν
445 1877 468 1971 ᾗ
482 1886 539 1953 καὶ
560 1899 649 1971 τρεῖς
672 1883 770 1970 εάχάς
792 1884 930 1961 ἑστῶτες
953 1883 1172 1969 ἐπιτελοῦμεν
1191 1885 1327 1971 μνήμης
1349 1888 1410 1971 χά-

239 2005 271 2056 15
290 2013 345 2075 ριν
366 1991 428 2054 τοῦ
460 1987 516 2052 διά
550 1992 654 2070 τριῶν
685 1985 821 2073 ἡμερῶν
854 1983 1077 2069 ἀναστάντος,
1112 1976 1194 2072 ένή
1222 1993 1411 2072 προφητῶν

289 2087 497 2175 ἀναγνώσεις
524 2087 581 2156 καί
606 2087 803 2173 εὐαγγελίου
830 2092 976 2174 κηρυκία
1007 2087 1064 2155 καί
1093 2092 1218 2165 θυσίας
1247 2087 1411 2174 ἀναφορά
1484 2171 1485 2176 ¹

289 2191 346 2258 καὶ
369 2194 496 2276 τροφῆς
519 2193 609 2277 ἱεράς
629 2192 749 2278 δωρεά.
771 2194 776 2278 Ι
805 2195 875 2268 πῶς
892 2191 929 2256 δὲ
949 2189 991 2256 οδ
1009 2189 1166 2275 πολέμιος
1184 2196 1270 2257 θεοῦ
1291 2187 1311 2256 ὁ
1332 2193 1411 2276 περὶ
1420 2201 1454 2259 δυ
1484 2199 1485 2214 ί

289 2293 329 2359 τά
365 2293 554 2381 πρόσκαιρα
588 2294 652 2377 μέν
684 2293 791 2360 νύκτα
823 2293 879 2358 καί
901 2292 1065 2377 *ἡμέραν
1085 2291 1305 2377 σπουδάζων,
1341 2297 1412 2360 τῶν
1484 2365 1485 2382 ,

289 2397 327 2463 δὲ
348 2399 496 2462 αἰωνίων
517 2394 666 2481 ἀμελῶν;
687 2395 743 2462 καὶ
766 2393 920 2475 λουτρῶν
939 2394 1002 2478 μέν
1023 2392 1079 2459 καὶ
1098 2397 1310 2477 προσκαίρου
1328 2418 1412 2480 τρο-
1484 2465 1485 2470 1

239 2515 273 2564 ευ
290 2503 356 2583 φής
387 2496 527 2582 ἑκάστης
561 2505 578 2544 *
607 2496 908 2583 μεταποιούμενος,
947 2495 1015 2562 τῶν
1046 2495 1084 2560 δὲ
1115 2493 1167 2562 ἀεί
1199 2497 1411 2581 παραμόνιον

290 2597 352 2664 οὐκ
383 2598 681 2684 έπιστρεφόμενος;
718 2621 788 2674 πιις
816 2598 854 2663 δὲ
883 2595 958 2681 ούχὶ
984 2596 1040 2662 καὶ
1071 2601 1137 2663 νῦν
1169 2597 1243 2683 έρεί
1266 2601 1316 2685 τῷ
1337 2621 1412 2664 τοι-

290 2695 418 2787 οῦτςοδ
446 2699 563 2784 κύριος
580 2698 780 2784 Ἐδικαιῶθη
809 2700 849 2764 τά
872 2702 956 2783 ἑθνη
978 2695 1064 2783 ὑπὲρ
1086 2695 1187 2784 ὑμᾶς,
1214 2697 1329 2784 ῶσπερ
1355 2701 1411 2767 καὶ

290 2799 352 2886 τήν
378 2799 594 2885 Ἰερουσαλήμ
625 2799 797 2880 ὀνειδίζων
830 2805 946 2884 έλεγεν
968 2797 1168 2886 Ἐδικαιάθη
1198 2803 1340 2886 Σόδομα
1373 2802 1411 2869 εἰι

290 2906 369 2982 σούς
401 2905 432 2968 εί
455 2902 520 2988 γάρ
548 2901 588 2968 τά
617 2905 701 2986 ἔθνη
724 2899 836 2968 αὐτῶν
861 2902 895 2981 ἐξ
923 2899 1034 2968 ὕπνου
1064 2901 1145 2968 καθ’
1169 2900 1298 2988 ἡμέραν
1323 2901 1411 2970 ἀνα-

238 3023 272 3075 25
289 3007 415 3072 στάντα
434 3007 542 3091 τρέχει
563 3001 617 3070 ἐπὶ
635 3002 675 3068 τά
691 3004 814 3070 είδωλα
834 3006 896 3068 τοῦ
917 3003 1094 3090 λατρεύειν
1114 3001 1244 3088 αὐτοῖς,
1265 3004 1323 3071 καί
1344 3005 1411 3093 πρὸ

290 3104 414 3184 παντός
441 3110 543 3192 ἔργον
567 3106 625 3172 καί
652 3105 761 3190 πόσης
786 3105 937 3189 πράξεως
959 3109 1095 3193 πρῶτον
1116 3104 1230 3184 αὐτοῖς
1260 3109 1410 3192 προσεύ-

289 3233 422 3295 χονται,
443 3205 499 3273 καὶ
515 3208 554 3274 ἑν
567 3219 639 3286 ταῖς
661 3206 791 3292 ἑορταῖς
809 3207 866 3273 καί
888 3207 927 3272 ἐν
949 3218 1021 3284 ταῖς
1042 3209 1273 3293 πανηγύρεσιν
1292 3205 1410 3274 αὐτῶν

289 3309 352 3376 οῦκ
366 3309 612 3394 ἀποστεροῦσιν
632 3307 719 3375 ἀλλά
736 3311 956 3393 σχολάζουσιν
978 3307 1040 3395 οόχ
1061 3311 1125 3375 οἱ*
1147 3308 1278 3375 τοπικολ
1300 3311 1411 3395 μόνον

358 3501 373 3550 7
391 3501 484 3552 ΡιεΙιο
502 3499 585 3561 6317
603 3500 696 3552 ΡιοΙιο
716 3500 762 3554 141
779 3501 840 3563 Ι22.
854 3498 887 3552 23
905 3500 1065 3568 apocrypha

291 3679 593 3754 1μηδὲτί,μήιτγτ
614 3680 745 3754 Ιῖμηδὲ
764 3693 831 3752 th,
850 3681 941 3753 μήγε
962 3684 966 3752 Ι
986 3687 1003 3739 3
1020 3681 1095 3754 μηδὲ
1113 3688 1188 3753 prius
1205 3692 1268 3750 τιτι,
1288 3682 1328 3754 μή
1347 3705 1383 3752 γε
1404 3689 1407 3750 Ι

289 3763 429 3837 δήμὲραι
445 3769 480 3834 -Ι-
497 3789 520 3821 w
536 3769 572 3838 Ιθ
591 3767 813 3836 σπουδαιοτέρως
831 3789 845 3822 τ
865 3769 869 3838 Ι
891 3771 923 3822 10
940 3765 974 3822 τά
993 3772 1027 3836 >
1044 3789 1061 3823 x
1081 3773 1086 3835 Ι
1107 3772 1139 3822 10
1156 3767 1198 3830 είς
1215 3763 1292 3838 ήμάς
1309 3772 1345 3836 -Ι-
1362 3781 1410 3838 yzt
1484 3797 1485 3812 ι

291 3853 295 3922 Ι
320 3856 349 3906 12
367 3855 405 3907 τῶ
421 3856 455 3923 ιΙ-
472 3855 538 3923 γτίΙ
557 3857 586 3909 13
605 3857 656 3909 τοῦ
674 3855 814 3924 σωτηρίου
826 3863 888 3924 post
906 3851 1026 3908 ἀκούειν
1036 3853 1103 3924 yut}
1120 3857 1151 3908 14
1167 3853 1229 3920 τρίς
1247 3863 1258 3906 ι
1273 3855 1278 3924 Ι
1295 3859 1328 3910 15
1339 3849 1411 3908 α’να-

290 3936 409 4001 στάντος
427 3933 541 4008 ἡμερῶν
557 3948 604 4007 yzt
629 3941 633 4009 Ι
659 3941 691 3994 16
708 3933 869 4008 ἀνάγνωσις
885 3948 932 4006 γει
956 3942 961 4006 Ι
988 3941 1019 3992 16
1037 3940 1176 4007 κηρυκεία
1193 3959 1245 4008 ιγτ
1271 3944 1276 4007 Ι
1305 3943 1335 3992 17
1356 3941 1411 3995 δω-

290 4020 361 4093 ρεάν
378 4043 401 4076 w
418 4025 422 4093 Ι
441 4027 471 4078 18
489 4017 559 4094 μεθ’
578 4026 672 4095 -Ι-γττ
692 4025 696 4093 Ι
719 4017 853 4092 ΙΒήμὲρα
871 4028 933 4091 Wx,
951 4018 1062 4094 ἡμέραν
1074 4033 1146 4091 ιτγιί
1166 4031 1171 4087 Ι
1195 4027 1227 4078 19
1245 4026 1368 4092 λουτροῦ
1387 4046 1411 4080 w

292 4110 296 4178 Ι
319 4112 354 4164 20
371 4103 480 4180 ἡμέρας
497 4113 530 4178 -Ι-
547 4129 581 4177 γε
607 4111 611 4179 Ι
637 4113 671 4162 20
689 4105 918 4176 παραμεινάντων
936 4113 985 4174 W,
1004 4103 1229 4179 παραμενόντων
1246 4129 1271 4163 τι
1297 4113 1302 4176 Ι
1325 4113 1359 4163 21
1380 4108 1410 4165 δ’

290 4199 368 4261 ιΙ22
387 4189 461 4264 ήμάς
479 4215 496 4248 x
511 4194 516 4263 Ι
531 4197 564 4248 23
582 4188 736 4258 ὀνειδίζων
753 4211 770 4245 x
785 4193 790 4262 Ι
805 4197 839 4246 24
857 4187 887 4259 ἑξ
905 4187 999 4248 ῦπνον
1017 4188 1113 4248 αάτῶτ
1130 4200 1197 4262 γιιΙ
1217 4197 1250 4246 25
1268 4193 1318 4248 καί
1336 4197 1411 4248 οἱοί

291 4283 295 4344 Ι
314 4281 348 4331 28
365 4273 555 4346 ἀποστεροῦσι
574 4283 623 4344 W,
642 4270 852 4345 ἀποστεροῦσιν
869 4299 925 4344 wx,
950 4273 1163 4347 ἀποστεροῦσιν
1179 4288 1227 4346 γει
1247 4282 1252 4343 Ι
1272 4279 1306 4331 28
1324 4271 1411 4348 ίγχάς

289 4363 373 4431 ττι
