3128 4972
679 448 872 509 -9-

167 625 307 714 asciscis
325 631 356 708 ἓξ
372 631 485 714 ἡμερῶν
502 633 553 694 τοῦ
571 629 672 713 πάσχα
690 635 753 701 πῶς
771 627 1000 712 παραχχάῑλουσι
1019 635 1110 716 cte).
1158 629 1270 714 Πάσχα
1293 655 1373 718 ergo

168 768 269 810 sensu
298 745 480 810 christiano
509 753 562 809 est
586 744 756 824 Christus,
786 766 884 808 verus
910 753 1026 809 noster
1054 768 1159 829 agnus
1187 744 1372 831 paschalis3

169 865 290 931 deinde
313 865 384 929 dies
406 865 582 930 memoriae
606 863 768 948 passionis
791 863 904 928 dicati.

256 991 287 1050 2.
317 985 372 1049 Ab
402 985 508 1049 altera
535 993 629 1070 parte
657 985 857 1048 vocabulum
886 981 987 1064 πάσχα
1016 983 1202 1068 significare
1231 985 1375 1050 indicavi

170 1126 331 1170 coenam
354 1105 545 1189 paschalem
568 1105 646 1169 novi
668 1103 875 1183 testamenti,
898 1105 931 1168 h.
954 1126 982 1169 e.
1006 1125 1142 1170 coenam
1163 1105 1372 1170 dominicam.

171 1225 270 1289 Quod
290 1224 319 1288 si
338 1224 392 1289 cui
410 1247 526 1310 parum
544 1231 674 1289 rectum
691 1224 854 1303 videatur,
872 1224 906 1288 in
921 1224 1057 1289 Eusebii
1073 1225 1158 1289 libro
1175 1217 1239 1306 napi
1256 1226 1307 1304 τῆς
1323 1226 1373 1288 roi

169 1341 270 1424 πάσχα
287 1341 402 1426 ἑορτῆςι
421 1344 606 1409 certissima
620 1343 768 1409 inveniet
788 1351 994 1428 argumenta,
1017 1344 1136 1428 quibus
1156 1348 1239 1411 haec
1258 1353 1373 1410 nostra

170 1463 337 1528 sententia
352 1464 522 1548 probatur.
562 1466 629 1530 Sed
638 1465 710 1550 jam
726 1463 923 1550 Hilgenfeld
939 1464 1023 1528 bene
1038 1465 1152 1545 vidit',
1168 1461 1270 1545 πάσχα
1286 1465 1374 1550 apud

104 1615 107 1621 ·
169 1584 381 1648 Msnosonnn
400 1605 472 1648 esse
489 1605 623 1648 coenam
641 1583 851 1649 dominicam.
890 1585 977 1648 Nam
994 1607 1035 1649 ex
1050 1585 1228 1669 Epiphanii
1243 1585 1371 1650 verbis⁸

170 1705 291 1790 ,καὶμὴ
309 1709 371 1793 λάχε
390 1705 467 1774 dud
488 1709 587 1790 ἔμελλε
608 1709 762 1794 μυστήριον
785 1710 932 1786 ἐπιτελεῖν,
954 1713 1040 1774 τοῦτο
1063 1709 1252 1793 προωαάμαζσ
1274 1710 1373 1792 λέγων·
1470 1763 1474 1779 .

174 1827 255 1893 Osioi
276 1826 349 1910 μεθ’
378 1827 458 1909 ὑμῶν
485 1839 585 1912 φαγεῖν
611 1826 645 1893 τὸ
670 1828 790 1912 πάσχα“
818 1831 935 1896 licebit
963 1832 1138 1918 colligere,
1168 1832 1373 1896 Marcionem

171 1950 303 2031 dixisse,
327 1945 361 2012 τὸ
383 1949 494 2032 πάσχα,
518 1952 558 2015 de
582 1974 646 2035 quo
669 1951 833 2016 Dominus
856 1951 940 2016 Luc.
958 1957 1010 2032 22,
1030 1956 1046 2018 7
1072 1975 1144 2036 sqq.
1168 1952 1370 2036 loqueretur,
1467 1996 1469 2000 .

170 2091 239 2134 esse
263 2067 296 2132 τὸ
316 2068 478 2152 μυστήριον,
501 2073 533 2136 h.
552 2094 581 2135 e.
604 2071 850 2152 eucharistiam,
875 2095 973 2157 quam
995 2072 1159 2137 Dominus
1182 2079 1254 2135 tum
1277 2070 1372 2135 insti·

169 2189 320 2253 tuisset⁴.
359 2190 522 2254 Marcioni
544 2190 648 2274 igitur
671 2213 773 2255 coena
795 2191 959 2258 dominica
981 2187 1015 2254 τὸ
1033 2189 1134 2273 πάσχα
1155 2190 1371 2255 christianum

169 2317 251 2372 crat.
290 2309 441 2374 Eundem
462 2317 573 2375 antem
593 2311 751 2395 loquendi
768 2335 866 2376 nsum
881 2312 969 2398 apud
983 2313 1158 2376 Ensnsron
1174 2310 1370 2390 invenimus,
1395 2397 1397 2401 Ι

170 2427 224 2512 qui
239 2427 273 2492 in
289 2427 374 2493 libro
391 2430 489 2494 modo
506 2429 643 2494 laudato
661 2431 915 2496 christianorum
931 2434 1055 2517 pascha
1067 2429 1220 2515 paschati
1232 2429 1370 2494 Judaico

168 2557 298 2632 praeter
318 2556 445 2614 ceteras
467 2549 567 2614 etiam
588 2552 673 2615 hanc
695 2551 736 2614 ob
759 2572 891 2616 causam
911 2550 1162 2637 praeferendum
1183 2572 1254 2615 esse
1276 2550 1369 2630 dicit,

169 2668 244 2752 quia
259 2669 377 2733 Judaci
397 2671 500 2734 semel
521 2677 653 2735 tantum
676 2671 852 2755 quotannis
872 2672 996 2757 pascha
1017 2670 1260 2750 administrent,
1284 2669 1370 2734 chri-

169 2787 267 2852 stiani
290 2796 401 2853 autem
430 2789 572 2874 singulis
601 2790 717 2855 diebus
745 2790 919 2856 dominicis
947 2815 1041 2856 sunm
1070 2790 1148 2856 novi
1175 2789 1371 2855 testamenti

167 2911 292 2992 pascha
311 2909 519 2974 celebrantes
539 2932 669 2996 semper
690 2933 825 2997 corpore
846 2911 984 2976 salutari
1000 2911 1164 2976 satientur
1179 2931 1372 2994 semperque

168 3028 362 3112 sanguinem
386 3029 464 3114 agni
486 3029 665 3114 accipiant:
688 3027 768 3109 ἡμεῖς
788 3027 816 3093 ci
836 3032 887 3110 vic
908 3031 1005 3109 carrio
1023 3027 1164 3108 διαθήκης
1182 3026 1230 3109 ἐφ’
1251 3025 1373 3106 ἑκάστης

167 3157 303 3235 καριακῆς
316 3154 424 3238 ἡμέρας
437 3153 475 3218 τὸ
488 3155 619 3219 ἑαυτῶν
633 3155 751 3241 πάσχα
765 3161 944 3226 τελοῦντες
957 3151 1002 3220 cisi
1013 3159 1064 3219 τοῦ
1075 3155 1212 3236 σώματος
1223 3157 1274 3218 τοῦ
1285 3179 1373 3237 σωτη-

166 3272 229 3355 ρίου
247 3273 473 3357 ἕμφορσάμεθα,
492 3269 536 3339 cisi
547 3277 598 3338 τοῦ
615 3270 739 3356 αἵματος
756 3281 807 3339 τοῦ
824 3275 974 3359 προβάτου
990 3274 1248 3360 μεταλαμβάνομεα
1266 3280 1307 3362 (c.
1326 3281 1369 3362 7).

169 3394 262 3458 Quae
278 3396 379 3460 verba
395 3395 566 3462 evidenter
581 3397 719 3477 docent,
736 3393 770 3458 πὸ
784 3394 886 3478 πάσχα
901 3397 1045 3462 Eusebio
1061 3397 1149 3462 idem
1165 3397 1267 3462 fuisse
1284 3398 1373 3483 qnod

171 3514 402 3580 eucharistiam
426 3516 567 3601 singulis
591 3517 707 3582 diebus
731 3515 904 3581 dominicis
929 3541 948 3581 a
975 3517 1129 3582 fidelibus
1157 3519 1369 3582 celebratam.

169 3634 264 3698 Idem
281 3637 515 3719 comprobatur
530 3637 581 3702 his
598 3659 682 3721 quae
697 3637 796 3722 paulo
813 3643 890 3721 post
906 3637 1064 3722 leguntur
1077 3637 1202 3702 verbis:
1220 3633 1296 3698 καθ’
1309 3634 1373 3698 ἑκά·

170 3781 238 3839 σπηα
254 3759 400 3844 ἑβδομάδα
417 3759 474 3843 τὴν
491 3765 550 3827 τοῦ
566 3761 684 3846 πάσχα
698 3765 757 3827 τοῦ
771 3763 937 3846 ἡμετέρου
950 3762 1070 3846 ἑορτὴν
1083 3761 1159 3827 κατά
1173 3761 1223 3844 τὴν,
1236 3761 1374 3845 σωτήρια-ν

259 3987 268 4019 ¹
285 3994 371 4066 ΜΔΙ,
387 3994 476 4053 Nova
491 3999 613 4074 patrum
629 3995 830 4068 bibliotheca,
847 3995 891 4053 IV
907 3993 1036 4070 (1847),
1054 4017 1082 4073 p.
1100 3995 1287 4054 209-216.

259 4071 270 4105 ’
290 4073 390 4136 Theoi.
408 4074 534 4138 Jairbb.
554 4083 647 4154 1849,
664 4102 693 4159 p.
710 4081 772 4140 227
789 4101 832 4158 sq.
849 4111 891 4122 -
907 4075 1137 4148 Ρσασάασιασάι,
1154 4100 1184 4158 p.
1202 4081 1264 4137 202
1280 4099 1323 4156 sq.

259 4159 271 4192 ⁸
288 4165 367 4223 haer.
385 4167 436 4239 42,
452 4167 546 4226 schol.
564 4170 615 4240 61,
632 4172 654 4226 t.
672 4168 714 4240 Π,
731 4188 759 4246 p.
778 4169 850 4239 355,
867 4166 913 4225 ed.
930 4168 1096 4227 Dmnoan.

259 4246 325 4308 ‘ci
342 4252 456 4323 Hans,
473 4248 502 4310 d.
521 4247 577 4310 Ec.
596 4247 757 4311 Marcione
773 4251 897 4328 (1823),
913 4273 943 4330 p.
961 4257 1010 4313 85.
1028 4283 1069 4294 -
1090 4253 1250 4323 Bineses,
1267 4245 1297 4308 d.
1316 4244 1372 4307 Eo.

175 4330 333 4394 Marcione
346 4335 470 4414 (1846),
480 4359 509 4418 p.
522 4339 593 4399 107.
605 4371 645 4382 -
658 4340 853 4411 Voncnnmn,
864 4333 894 4396 d.
907 4333 963 4396 Eo.
976 4331 1136 4397 Marcione
1148 4335 1272 4413 (1852),
1282 4357 1311 4415 p.
1323 4339 1374 4396 93.
