3120 4980
333 471 361 524 9.
385 472 421 524 10
448 471 536 547 φησὶν
554 473 626 528 ante
643 466 697 528 ὦσι
715 487 759 528 νε.
781 475 797 524 9
817 472 848 528 et
864 468 880 527 ό
895 470 995 548 κύριος
1011 491 1050 523 ω.

312 580 348 632 11
376 578 623 655 κατηχουμόνων.

259 697 261 702 ’
312 687 349 740 12
376 688 449 743 ante
466 687 510 753 τίς
527 679 669 745 additur:
690 687 723 745 οὐ
740 687 801 766 ’γὰρ
819 680 932 743 δίκαιον
949 685 1000 743 τόν
1016 685 1205 763 μεμυημένον
1221 687 1272 740 καὶ
1287 685 1424 741 κοινωνόν

375 801 434 854 τῶν
461 799 635 877 μυστηρίων
662 797 740 875 μετὰ
769 800 822 854 τοῦ
848 792 987 874 ἀμυήτου
1015 787 1274 873 συμμολύνεσθαι.
1314 789 1423 860 Πιστός

374 905 452 982 μετὰ
469 904 617 985 αἰρετικοῡ
632 899 711 983 μηδὲ
728 900 796 962 κατ’
812 899 889 962 οἶκον
906 899 1141 984 προσευχέσθω.

311 1016 348 1069 13
374 1019 447 1094 post
463 1007 558 1092 ἀποβ.
575 1006 719 1072 rubrica:
741 1017 806 1094 περὶ
822 1019 882 1071 τῶν
898 1013 1018 1093 ἡμερῶν
1036 1015 1096 1069 τῶν
1113 1007 1322 1089 κοιμηθέντων
1340 1012 1426 1078 τίνας

375 1116 420 1180 δεῖ
440 1117 614 1180 ἐπιτελέσαι.
641 1118 763 1181 Παύλου
782 1116 962 1194 ἀποστόλου,
989 1118 1032 1187 ὡς
1054 1115 1086 1178 δέ
1108 1118 1138 1177 ἐν
1161 1114 1262 1187 ἄλλοις
1281 1117 1425 1200 ἀντιγρά-

375 1248 460 1313 ροις,
484 1225 638 1310 Ἰακώβου
656 1227 834 1290 ἀποστόλου.
863 1222 979 1290 deindo
996 1224 1191 1288 ἑπιτελείσθω
1209 1223 1241 1288 δὲ
1258 1246 1304 1310 τρ.

311 1341 349 1396 15
376 1332 417 1397 ad
432 1339 540 1418 ὑπόμν.
558 1355 599 1398 m.
617 1355 682 1398 rec.
701 1331 773 1397 add.
791 1341 842 1398 καὶ
860 1335 1080 1421 παραμυθίαν.

310 1449 347 1502 16
373 1449 538 1530 τριακοστὰ
555 1465 613 1529 pro
630 1450 872 1530 τεσσαρακοστά.

310 1559 347 1612 17
374 1559 436 1638 γὰρ
453 1581 494 1615 ιν.
1142 1619 1144 1625 Ι

310 1667 348 1722 18
374 1671 480 1742 μνείας
497 1666 592 1726 αὐτοῦ
608 1671 657 1726 καὶ
675 1661 734 1726 διδ.
755 1710 762 1725 .
784 1710 790 1725 .
810 1711 815 1724 .
837 1707 843 1721 .
862 1667 912 1724 ὑπ.
932 1665 1028 1742 αὐτῷ.
1047 1670 1123 1724 etv.
1146 1669 1183 1722 19
1203 1667 1308 1725 αὐτοῦ.

306 1778 347 1830 20
372 1777 411 1834 τὰ
429 1781 481 1833 τοῦ
498 1777 611 1854 κόσμου
628 1778 735 1835 τουτου
753 1770 826 1851 δῷς.
844 1807 886 1817 -
905 1774 1022 1842 όυήσεις
1039 1773 1140 1834 αὐτόν.

306 1886 358 1940 20.
377 1886 415 1940 21
437 1881 470 1951 δς
483 1887 545 1967 γὰρ
559 1887 668 1968 περιὼν
682 1879 801 1965 ἐχθρός
815 1881 851 1952 ἦν
864 1890 917 1942 τοῦ
929 1880 1018 1958 θεοῦ,
1037 1877 1125 1950 δῆλον
1139 1884 1182 1942 σ’τι
1194 1885 1243 1942 καὶ
1256 1884 1423 1962 μεταστάς.

306 1994 346 2050 23
372 1997 445 2051 ante
465 1989 518 2052 Ἐν
535 1987 677 2052 rubrica:
696 1993 831 2075 περὶτοῦ
847 1987 1228 2073 κληθῆναικληρικοὺςείς
1244 1993 1302 2060 τοὶς
1318 1995 1425 2070 μνείας

371 2108 432 2160 τῶν
449 2099 670 2181 κοιμηθέντων.
695 2107 801 2160 utrum
818 2103 935 2181 μνεὶαις
952 2117 992 2160 an
1008 2103 1144 2180 μνήμαις
1161 2093 1310 2159 habuerit
1321 2092 1424 2182 Syrus

373 2203 562 2290 nonliquet.

307 2321 347 2373 24
373 2315 450 2379 θεοῦ
467 2318 517 2378 ἵνα
533 2314 668 2386 δύνησθε
684 2323 745 2378 καὶ.

308 2427 349 2482 25
374 2422 603 2507 μεταβάντων7
639 2420 868 2488 ΔιΑόῘιεπ.
892 2435 935 2486 m
963 2420 1002 2485 21
1033 2417 1109 2486 Cur.
1136 2453 1173 2476 =
1200 2419 1276 2509 Sap.
1300 2421 1342 2484 vii
1370 2420 1423 2485 27.

372 2528 463 2617 (Ath.
482 2529 535 2610 51,
554 2529 622 2618 20.)
644 2541 747 2616 μετῄει
764 2529 880 2594 Euseb.
900 2528 1028 2617 theoph.
1046 2554 1060 2593 ε
1077 2529 1096 2594 8
1113 2551 1169 2618 pg.
1186 2531 1259 2613 177,
1277 2531 1306 2595 8.
1324 2554 1422 2614 μετα-

372 2645 449 2712 στὰς
465 2637 561 2703 modo
576 2639 680 2704 fuerat
697 2638 821 2712 βῆτα
835 2652 907 2742 ῥυ
922 2629 1086 2704 Χαιῐᾰι
1102 2663 1146 2704 νε.
1166 2647 1218 2702 20.

307 2755 346 2808 27
373 2755 445 2820 τοὺς
462 2750 605 2821 ἀτάκτως
621 2749 878 2833 πολιτευομένους.

304 2865 345 2919 28
371 2856 412 2920 ad
436 2858 584 2922 δυνάσται
611 2855 645 2920 in
672 2857 818 2943 margine
847 2857 917 2922 cod.
947 2881 1012 2944 syr.
1044 2881 1084 2922 m.
1115 2878 1179 2922 rec.
1210 2855 1423 2944 adscriptum:

372 2966 511 3039 δυνατῶς
528 2969 755 3040 ότασθήσυνται
784 2989 802 3030 ο
819 2965 896 3056 Sap.
913 2967 945 3030 vi
962 2967 992 3031 6.

306 3083 346 3138 29
372 3080 476 3138 ου’κοῡν
493 3083 544 3140 καὶ
561 3081 589 3139 οἰ
604 3081 755 3140 ἐπίσκοποι
772 3083 824 3140 καί
840 3081 868 3139 οἰ
884 3099 934 3162 πρ.

239 3184 280 3249 15
328 3193 357 3247 3.
382 3193 399 3245 4
423 3205 504 3270 quae
521 3185 639 3250 lunulis
656 3185 778 3250 inclusa
793 3195 868 3250 sunt
883 3197 955 3273 post
971 3197 1155 3272 παροινῶσιν
1176 3195 1346 3271 ponuntur.

328 3302 345 3355 3
372 3300 424 3356 οόκ
439 3323 465 3351 ιν
482 3293 570 3358 etad
588 3295 689 3368 ἄλλως
706 3293 808 3358 adscr.
826 3307 940 3367 κακῶς.
961 3304 995 3357 ut
1010 3290 1137 3358 videtur
1151 3299 1185 3357 τό
1202 3294 1338 3380 ὑβρίσαι.

329 3411 346 3464 5
372 3425 464 3492 ρησι;
487 3411 529 3487 μὴ
547 3417 622 3468 πῖνε.

327 3521 345 3576 6
371 3524 431 3576 τῶν
445 3513 613 3599 κληρικῶν1
628 3512 686 3578 sed
698 3509 877 3587 amssa
890 3524 964 3578 tune
977 3536 1046 3579 esse
1059 3513 1205 3580 debebat.
1220 3510 1424 3586 unffi-§.na

370 3619 469 3707 igitur
486 3620 700 3686 scribendum.

328 3737 346 3791 8
371 3739 425 3793 τοῦ
441 3732 518 3795 θεοῦ
534 3736 620 3814 ἡμῶν
637 3761 679 3794 ω.
709 3729 766 3795 sed
779 3738 865 3815 ἡμῶν
882 3731 922 3796 ad
938 3757 1003 3820 κυρ.
1020 3755 1080 3820 pro
1097 3755 1186 3798 moro
1203 3732 1275 3797 add.

328 3847 345 3900 9
371 3845 496 3926 εἴρηται.

308 3956 346 4008 10
372 3955 558 4035 σύντριμμα.

307 4063 342 4116 11
369 4065 641 4121 κατασκυποὺντων
661 4064 711 4138 †.
741 4064 853 4132 ιίοππ
876 4068 986 4134 σκοπὸς
1011 4082 1039 4121 v.
1057 4083 1113 4148 pg.
1131 4060 1184 4124 90.
1203 4072 1329 4130 mm
1351 4083 1422 4146 προ-

371 4172 488 4228 κόπτων
502 4161 649 4254 Geopon.
664 4190 729 4254 syr.
743 4166 795 4232 XI
809 4171 868 4233 10:
893 4183 991 4240 aaz:
1007 4172 1115 4254 ἐκκόψῃ
1133 4167 1174 4233 11).
1188 4165 1258 4232 XII
1277 4169 1316 4233 18
1333 4191 1363 4256 p.
1381 4167 1422 4232 72

370 4271 402 4336 Α
415 4273 471 4337 171
489 4253 684 4343 »ινδιδιΚ
696 4281 841 4350 συνεκόπη
858 4274 929 4365 [sie]
941 4275 1045 4364 Geop.
1057 4276 1091 4341 II
1105 4275 1163 4340 27:
1180 4281 1256 4342 »311
1269 4280 1422 4365 παρέκυψε

369 4379 456 4446 Petr.
476 4381 522 4446 ai
543 4381 593 4446 12.
610 4385 731 4452 suar<
742 4389 897 4472 παρέκυψε
912 4383 990 4450 Luc.
1008 4386 1085 4450 xxiv
1104 4387 1144 4452 12
1167 4387 1236 4452 Ioh.
1256 4409 1300 4451 xx
1319 4387 1349 4452 5.
1371 4390 1420 4450 11.

370 4505 479 4563 ,οὐκ
508 4493 638 4567 δυνατὸς
665 4494 740 4558 Act.
769 4493 844 4557 xviii
874 4493 926 4556 24.
956 4533 997 4542 —
1029 4501 1121 4570 πότος
1146 4505 1270 4581 γίνεται.
1308 4497 1422 4562 deinde
