3128 4972
670 463 883 524 „35-

176 629 320 713 denique
344 627 593 693 consuetudinis
617 652 695 694 suae
718 636 840 694 testem
864 637 899 694 et
922 637 1091 694 auctorem
1110 632 1286 696 Dominum
1310 634 1387 697 affe·

173 750 305 828 rebant,
331 749 452 835 quippe
476 748 532 833 qai
555 748 624 834 ipse
647 751 711 813 hcc
728 748 781 814 dic
806 771 942 814 coenam
966 773 1059 814 suam
1083 751 1279 836 peregisset.
1312 753 1396 826 Hoc¹

176 869 263 933 enim
287 867 496 953 significatur
518 868 627 934 verbis
651 868 719 932 illis
743 864 838 942 ,κατὰ
855 865 889 930 ab
907 865 1094 950 simplest,
1123 891 1205 954 quae
1229 871 1263 935 in
1285 873 1386 957 Poly-

176 988 276 1051 cratis
288 987 448 1073 epistola¹
461 988 616 1072 legimus.
644 989 695 1060 Ex
706 987 899 1073 Apolinaric
911 988 998 1053 enim
1010 989 1239 1074 comperimus,
1252 999 1385 1076 quarto·

175 1107 365 1172 decimanos
391 1107 532 1186 dixisse,
558 1108 738 1172 Dominum
765 1115 882 1191 quarto
913 1109 1041 1173 decimo
1074 1109 1126 1174 die
1157 1133 1280 1195 agnum
1311 1134 1386 1176 cum

174 1227 347 1312 discipulis
368 1227 493 1306 edisse,
513 1249 634 1312 eosque
653 1228 752 1312 hujus
777 1227 962 1292 sententiae
987 1237 1155 1294 auctorem
1174 1231 1385 1296 Matthaeum

48 1353 52 1360 '
175 1347 309 1412 citasse.
357 1347 589 1430 Sequebantur
614 1346 717 1431 igitur
739 1346 874 1413 Domini
897 1348 1099 1432 exemplum,
1131 1349 1187 1434 qui
1210 1351 1385 1416 Matthaeo

175 1474 311 1531 auctore
323 1474 441 1551 quarto
452 1466 579 1531 decimo
591 1465 645 1531 die
656 1475 840 1532 coenasset.
870 1467 981 1532 Quare
993 1490 1067 1532 cum
1078 1470 1272 1555 Polycrates
1283 1470 1383 1551 dicat,

176 1585 451 1651 cousuetudinem
471 1609 564 1650 snam
584 1608 698 1651 revera
721 1608 793 1651 esse
815 1582 943 1648 κατὰτὸ
961 1583 1135 1667 εὐαγγέλιον,
1158 1588 1230 1672 quis
1254 1597 1306 1653 ost
1329 1589 1385 1673 qui

176 1708 257 1770 haec
280 1707 383 1770 verba
405 1705 579 1790 negaverit
605 1706 903 1791 idem,signilicare
928 1690 1016 1789 quod
1043 1706 1101 1770 illa
1124 1708 1166 1772 ab
1191 1708 1384 1791 Apoliuario

175 1807 302 1890 relata?
348 1825 425 1926 Sive
454 1825 540 1889 enim
570 1825 654 1889 illud
682 1823 732 1898 „rb
750 1822 926 1905 capram
957 1827 1169 1890 Matthaeum
1198 1828 1306 1891 solum
1334 1849 1384 1892 re·

178 1945 288 2030 spicit,
314 1944 394 2024 sive,
420 1945 508 2029 quod
532 1945 612 2008 mihi
629 1945 759 2029 quidem
779 1945 885 2029 magis
909 1945 1042 2025 arridet,
1068 1946 1178 2010 omnia
1201 1947 1384 2032 evangelia,

177 2073 266 2130 certe
291 2066 485 2149 Polycrates
515 2065 566 2129 his
593 2065 703 2130 verbis
732 2064 907 2145 indicavit,
939 2065 1136 2130 Asianorum
1164 2065 1264 2130 ritum
1292 2089 1385 2152 prae-

178 2186 264 2249 clare
282 2207 356 2250 cum
377 2183 516 2249 historia
532 2185 726 2268 evangelica
742 2184 946 2264 consentire,
969 2184 1089 2269 quippe
1107 2209 1189 2270 quae
1205 2187 1385 2251 Dominum

175 2305 298 2370 reserat
326 2327 461 2369 coenam
491 2328 583 2369 suam
614 2304 721 2388 egisse
754 2304 807 2368 die
839 2312 956 2398 quarto
990 2304 1130 2368 decimo.
1178 2305 1252 2370 Quo
1285 2307 1383 2371 modo

176 2433 265 2489 recte
301 2427 385 2489 haee
423 2425 525 2489 verba
566 2423 777 2509 interpretati
817 2432 896 2488 sunt
933 2425 1131 2502 Naaunua²,
1171 2425 1380 2506 Wrasauau⁸,

176 2544 428 2624 Hrnaausaw,
453 2544 731 2623 vauharwsn',
755 2545 949 2623 Marruas⁶,
974 2545 1147 2624 Eaaaan',
1172 2544 1382 2611 Davrnsos⁸.

178 2663 331 2728 Fortasse
375 2671 486 2728 autem
525 2664 719 2749 Polycrates
763 2663 863 2727 etiam
899 2663 984 2728 illud
1020 2663 1155 2728 Domini
1191 2665 1384 2730 mandatum

178 2783 340 2868 respexit,
372 2783 461 2868 quod
484 2782 567 2846 Luc.
593 2787 650 2861 22,
676 2787 715 2848 19
745 2789 780 2846 et
808 2784 826 2847 I
851 2783 926 2846 Cor.
953 2785 1009 2862 ll,
1040 2788 1082 2848 at
1108 2783 1266 2868 legimus:
1299 2787 1384 2848 τοῦτο

178 2910 280 2964 ποιεῖτε
308 2900 348 2970 εἰς
376 2899 425 2981 τὴν
453 2898 520 2982 ἐμὴν
548 2898 736 2980 ἀνάμνησιν.
788 2901 887 2966 Quod
917 2901 945 2964 si
974 2923 1089 2966 revera
1118 2902 1214 2982 l'ecit,
1244 2904 1293 2968 ita
1323 2907 1383 2970 hae

178 3023 277 3088 verba
304 3023 542 3106 interpretatus
572 3029 639 3101 est,
669 3043 706 3085 ac
735 3021 764 3085 si
793 3021 919 3085 dictum
950 3029 1055 3100 esset,
1085 3022 1222 3086 eodem
1256 3045 1385 3109 semper

178 3142 246 3221 die,
270 3164 388 3228 nempe
412 3149 529 3226 quarto
553 3141 698 3220 decimo,
724 3163 860 3205 coenam
884 3139 1019 3204 Domini
1042 3161 1114 3204 esse
1138 3115 1383 3208 celebrandam.

177 3261 264 3326 Utut
287 3271 399 3327 autem
423 3263 504 3326 haec
532 3283 583 3326 res
614 3283 649 3325 se
679 3260 799 3339 habet,
832 3262 896 3324 hoc
927 3259 1060 3343 quidem
1092 3269 1217 3324 certum
1250 3269 1318 3341 est,
1351 3272 1385 3328 et

178 3383 388 3467 Polycratem
405 3389 440 3445 et
456 3380 764 3466 quartodecimanos
780 3380 821 3444 ab
833 3378 1026 3470 Apolinario
1042 3379 1254 3465 impugnatos
1270 3385 1384 3448 Domi·

179 3525 256 3565 num
270 3501 519 3566 consuetudinis
534 3521 613 3564 suae
629 3507 799 3564 auctorem
814 3498 980 3563 attulisse.
1005 3499 1068 3564 Cui
1078 3499 1210 3566 minime
1220 3513 1385 3588 repugnat

265 3627 410 3721 salsa.
428 3663 468 3720 Η.
486 3663 522 3720 u.
539 3663 575 3734 v,
598 3663 649 3732 24,
665 3663 694 3719 o.

263 3742 275 3774 ¹
298 3742 542 3805 Kircdealu'ator.
561 3740 686 3814 Archiv,
705 3747 798 3818 1823,
815 3746 885 3803 fasc.
902 3747 932 3818 2,
948 3766 977 3823 p.
995 3747 1046 3804 96.

263 3829 274 3860 ³
298 3834 460 3893 Rauraa’s
477 3826 704 3908 repertorium,
722 3832 782 3890 vol.
799 3834 849 3904 64,
867 3852 895 3910 p.
913 3833 984 3890 129.

262 3914 275 3946 ⁴
298 3913 523 3986 Pascdaslrer't,
541 3939 570 3996 p.
588 3919 660 3976 295.

263 3999 275 4032 ⁸
298 4006 346 4064 De
361 4005 452 4064 sacris
468 4003 669 4082 paschalibus,
686 4023 715 4080 p.
733 4003 804 4061 105.

188 4115 193 4120 ·
264 4085 275 4119 ⁸
299 4085 349 4148 De
364 4085 525 4147 oaderdom
542 4107 601 4145 aaa
616 4083 666 4145 laet
682 4083 899 4154 Jolaanesev„
920 4107 949 4164 p.
968 4088 1039 4145 120.

262 4171 273 4203 ¹
304 4170 547 4256 Wiaoensclastl.
566 4168 650 4230 Krit.
669 4174 715 4232 ed.
733 4177 762 4246 3,
778 4194 807 4251 p.
826 4175 918 4232 1191.

265 4256 276 4290 ⁸
300 4256 527 4328 Introduction,
546 4261 587 4332 II,
604 4262 676 4318 412.
693 4262 765 4318 416.

264 4343 276 4375 ⁹
300 4347 360 4406 vid.
377 4349 536 4406 Marsuas
553 4347 573 4404 l.
590 4347 610 4406 l.
