3128 4972
645 443 858 506 -31-

146 610 329 690 dixissent,
362 609 539 693 oportebat
569 632 625 675 eos
658 611 754 676 edere
785 634 920 696 agnum.
972 612 1046 678 Hoc
1077 621 1187 678 autem
1220 637 1353 699 prorsus

146 731 218 795 lieri
241 753 309 794 non
331 729 496 814 potuisse,
521 730 593 814 jam
622 753 721 814 supra
744 731 1053 797 demonstravimus.
1099 732 1237 798 Minime
1266 735 1354 798 enim

147 850 250 915 etiam
281 849 427 914 secundo
460 850 592 914 saeculo
624 873 730 934 agnus
762 851 893 916 coenari
922 858 1066 937 poterat.
1118 853 1214 917 Unde
1245 859 1351 937 patet,

146 969 250 1034 verba
277 965 338 1042 ,dab
356 961 430 1046 κάμὲ
451 970 496 1030 δεῖ
514 963 546 1030 ὃν
562 965 672 1048 τρόπον
693 966 710 1031 ὁ
732 967 828 1050 κύριος
844 963 978 1049 ’ἐποίησεν
1000 965 1075 1032 οὕτω
1093 969 1199 1033 ποιεῖν’
1221 995 1288 1038 non
1311 973 1354 1038 ad

146 1103 217 1146 rem
241 1087 276 1145 et
298 1079 471 1144 materiam
494 1102 626 1160 coenae,
652 1081 709 1145 sed
732 1082 774 1145 ad
798 1082 899 1146 diem
921 1089 1054 1146 tantum
1077 1083 1253 1168 pertinere.
1284 1085 1353 1148 Ob-

147 1200 328 1266 servabant
350 1201 454 1285 igitur
469 1199 648 1284 diligenter
671 1207 706 1264 et
727 1200 882 1285 religiose
899 1201 987 1266 diem
1006 1210 1160 1285 quartum
1176 1203 1351 1283 decimum,

147 1321 211 1385 boc
235 1342 365 1405 semper
388 1320 441 1384 die
464 1322 588 1406 pascha
615 1343 712 1384 suum
735 1321 942 1386 celebrantes
950 1346 959 1398 ;
990 1321 1031 1386 ad
1055 1345 1153 1406 quam
1176 1333 1352 1388 consuetu·

148 1440 258 1504 dinem
283 1439 524 1505 defendendam
553 1441 743 1524 exemplum
765 1439 977 1526 proferebant
999 1441 1151 1521 Domini,
1182 1441 1237 1526 qui
1265 1441 1353 1506 idem

148 1561 236 1624 hunc
252 1559 340 1623 diem
357 1559 537 1644 diligenter
561 1559 781 1624 observasset.
815 1559 995 1624 Dominum
1017 1569 1129 1625 autem
1152 1563 1217 1626 hoc
1240 1561 1292 1626 die
1314 1557 1353 1622 τὸ

149 1675 331 1760 πρόβατον
361 1678 468 1742 edisse
474 1727 485 1758 ,
518 1679 592 1743 ideo
624 1686 694 1743 tam
727 1677 821 1742 enixe
854 1677 1081 1758 affirmabant,
1115 1702 1156 1744 ne
1191 1680 1264 1764 quis
1292 1681 1352 1744 du·

149 1797 256 1862 bitare
285 1809 416 1882 posset,
450 1797 528 1882 quin
550 1798 713 1862 Dominus
744 1819 857 1862 revera
884 1798 937 1863 die
967 1806 1083 1882 quarto
1117 1799 1245 1864 decimo
1278 1821 1352 1864 coe·

149 1917 306 1996 nevisset,
332 1917 452 2002 quippe
476 1940 540 2001 quc
563 1917 616 1982 die
639 1918 710 1982 solo
733 1940 839 2001 agnus
862 1916 1025 1982 immolari
1044 1918 1224 2002 potuisset.
1257 1918 1352 1983 Nihil

148 2059 225 2120 ergo
264 2059 306 2101 ex
337 2036 523 2121 Apolinarii
560 2043 595 2102 et
626 2035 803 2122 Hippolyti
834 2037 942 2101 verbis
975 2038 1089 2122 colligi
1121 2046 1249 2122 potest,
1288 2038 1353 2104 nisi

148 2155 353 2220 adversarios
384 2157 527 2222 Domino
565 2178 642 2220 usos
680 2163 815 2221 auctore
846 2156 1001 2240 religiose
1039 2158 1232 2222 observasse
1264 2158 1352 2222 diem

148 2283 302 2358 quartum
334 2276 516 2355 decimum,
554 2279 618 2341 boc
650 2275 703 2340 die
734 2278 858 2360 pascha
895 2275 1175 2341 administrantes.
1230 2277 1374 2342 Utrum

148 2405 259 2459 autem
287 2397 351 2460 hoc
376 2399 499 2480 pascha
521 2395 721 2460 ludaeorum
750 2419 792 2460 an
815 2394 1069 2460 christianorum
1093 2395 1208 2476 fuerit,
1239 2405 1351 2461 utrum

149 2536 249 2580 coena
271 2538 292 2579 a
314 2515 448 2579 ludaeis
471 2515 549 2599 agni
571 2516 646 2579 loco
670 2516 848 2594 celebrata,
875 2538 915 2577 an
939 2525 1182 2580 sacramentnm
1206 2516 1351 2602 corporis

148 2641 182 2698 et
204 2634 374 2718 sanguinis
391 2634 526 2714 Christi,
551 2636 637 2700 hanc
660 2634 887 2719 quaestionem
911 2634 1096 2719 Apolinarii
1119 2643 1153 2699 et
1174 2635 1352 2720 Hippolyti

147 2754 247 2818 verba
277 2753 311 2818 in
344 2754 452 2818 medio
484 2754 686 2839 relinquunt.
740 2754 806 2818 Sed
833 2777 908 2818 cum
937 2754 1109 2819 christiani
1136 2754 1276 2834 fuerint,
1310 2755 1351 2820 de

148 2873 266 2958 quibus
304 2873 430 2958 agitur,
469 2882 583 2939 nostro
610 2875 688 2960 jure
719 2881 922 2952 statuemus,
960 2896 1016 2938 eos
1049 2873 1228 2939 christiano
1260 2897 1350 2940 more
1422 2893 1426 2901 ·

147 2997 271 3077 pascha
302 2993 422 3078 egisse.
452 3031 493 3042 --
522 2994 622 3058 Quod
653 3015 693 3058 ne
723 2995 1048 3058 Psnuno-Onrcums
1081 2993 1214 3077 quidem
1242 2994 1352 3058 verbis

147 3116 323 3179 refutatur.
356 3114 392 3176 Is
415 3113 502 3178 enim
520 3122 642 3193 narrat,
667 3112 790 3178 dixisse
813 3135 881 3191 eos,
905 3115 961 3172 δεῖν
977 3107 1011 3172 τὸ
1029 3108 1130 3191 πάσχα
1147 3111 1181 3188 τῇ
1199 3133 1351 3190 recooper-

147 3239 300 3320 καιδεκάτῃ
318 3239 369 3303 τοῦ
387 3237 503 3322 πρώτον
519 3237 607 3320 μηνὸς
624 3238 783 3320 φυλάσσειν
804 3237 881 3301 κατὰ
905 3234 955 3318 τὴν
972 3241 1022 3300 τοῦ
1039 3235 1129 3316 νόμον
1146 3236 1299 3320 διαταγὴν,
1324 3238 1353 3303 c’r

147 3352 218 3439 ὗᾶν
234 3358 327 3441 ἡμέρᾳ
345 3358 459 3439 ἐμπέσῃ.
508 3361 628 3424 Nonne
650 3398 693 3408 —
716 3359 807 3440 dicat
833 3358 952 3443 aliquis
974 3395 1017 3407 -
1040 3355 1115 3423 inde
1139 3358 1352 3424 manifestum

149 3489 211 3560 est,
236 3502 292 3545 eos
317 3479 503 3564 legitimum
528 3479 648 3544 veteris
671 3479 866 3544 testamenti
889 3481 1013 3562 pascha
1036 3479 1249 3544 observasse?
1287 3479 1352 3543 Mi·

148 3600 235 3664 nime
258 3621 347 3663 vero.
392 3600 465 3663 Imo
493 3599 565 3683 ipsa
594 3619 677 3683 quae
705 3598 872 3662 adduntur
899 3599 1015 3664 verba:
1046 3595 1092 3671 „lv
1109 3589 1126 3676 ᾗ
1145 3591 1182 3659 clv
1198 3597 1291 3679 ἡμέρᾳ
1307 3595 1353 3676 ἐμ·

148 3716 237 3798 aab&
260 3739 321 3784 nos
344 3718 480 3798 docent,
510 3719 551 3782 de
573 3718 667 3782 nulla
688 3739 723 3783 re
746 3716 810 3781 nisi
833 3717 873 3782 de
897 3716 958 3782 die
982 3717 1154 3801 disputari.
1200 3717 1262 3780 Die
1289 3716 1352 3800 igi·

147 3845 202 3902 tur
224 3838 353 3903 decimo
377 3845 506 3922 quarto,
537 3836 571 3902 in
595 3859 833 3921 quemcunque,
858 3836 1077 3901 hebdomadis
1099 3836 1239 3915 scilicet,
1265 3836 1353 3900 diem

147 3958 327 4038 incidebat,
351 3957 401 4022 illi
423 3959 548 4042 pascha
570 3958 726 4042 agebant.
764 3957 871 4042 quue
895 3957 1118 4020 observabant
1140 3951 1217 4017 κατὰ
1233 3951 1284 4033 τὴν
1301 3956 1352 4016 τοῦ

144 4075 236 4156 νόμον
262 4074 412 4158 διαταγήν,
438 4098 479 4141 ne
501 4099 624 4162 poenas
652 4077 836 4156 solverent,
866 4097 949 4159 quae
978 4074 1131 4139 omnibns
1158 4074 1257 4157 hujus
1287 4073 1353 4137 diei

148 4196 432 4281 contemptoribus
463 4195 683 4260 imminerent.
741 4197 835 4261 Nihil
867 4203 979 4259 tamen
1012 4192 1249 4271 observabant,
1288 4191 1353 4257 nisi

145 4317 263 4381 diem.
310 4315 453 4381 Eosdem
478 4338 641 4381 coenam
664 4337 794 4400 quoque
816 4314 987 4379 Judaicam
1011 4312 1135 4391 edisse,
1165 4333 1182 4376 e
1206 4314 1352 4378 Pseudo·
