2998 4972
295 401 355 466 138
1275 409 1293 451 ς
1311 393 1410 445 23-25

294 561 402 630 ἐστιν·
426 557 521 628 καὶὸ
542 560 658 642 κύριός
678 575 783 644 φησιν
805 560 850 624 Ec
868 562 972 624 ταῦτα
996 559 1118 640 οίδατε,
1141 559 1306 643 μακάριοί
1325 557 1409 641 ἐστε,

294 662 355 730 ίάν
378 665 493 748 ποιῆτε
514 659 608 728 αύτά.
630 663 634 748 Ι
654 656 695 726 ού
715 660 823 744 μόνον
849 659 888 724 δὲ
909 657 970 724 τὸν
990 664 1049 744 τῆς
1065 659 1283 744 δικαιοσύνης
1304 659 1451 743 νόμον24

293 763 338 831 δι’
362 762 459 850 ῆμοῑν
486 765 744 830 ἐπιδείκνυσθαι
771 761 946 845 βούλεται,
975 758 1061 826 ἀλλά
1086 761 1145 828 καί
1168 760 1224 827 διά
1241 757 1411 845 Ῥωμαίων

293 863 477 950 εὐδόκησεν
499 861 603 930 αάτόν
624 867 810 948 φαίνεσθαι
826 861 883 928 καὶ
898 863 1059 947 λα’μαειν·
1082 861 1219 948 καὶγὰρ
1237 864 1295 928 καὶ
1318 853 1410 928 ούτοι

258 967 532 1042 επιστεύσαντες
560 964 615 1031 ἐπὶ
641 963 701 1030 τὸν
727 963 849 1050 κύριον
868 963 998 1050 Ἰησοῦν
1028 963 1085 1030 καί
1114 967 1302 1040 πολυθεΐας
1329 961 1410 1030 αἰιέ-

292 1085 420 1152 στησαν
442 1065 498 1132 καὶ
516 1065 658 1148 ἀδικίας,
681 1067 738 1131 καλ
757 1064 836 1142 τούς
858 1063 1009 1150 ἀγαθούς
1022 1063 1243 1149 ἀποδέχονται
1260 1065 1319 1130 καὶ
1334 1063 1411 1141 τούς

217 1241 219 1244 ,
293 1169 445 1253 φαύλους
467 1167 678 1250 κολάζωσιν,
695 1164 879 1244 Ἰουδαίους
905 1169 943 1232 δὲ
970 1162 1168 1251 ὑποφόρους
1192 1169 1331 1250 ἔχουσιν
1356 1167 1411 1232 καὶ

292 1281 361 1346 τοις
389 1271 486 1346 ἰδίοις
514 1268 738 1352 δικαιώμασιν
768 1264 831 1334 ούκ
857 1267 938 1334 ἐιθσι
968 1271 1169 1352 κεχρῆσθαι·
1191 1269 1194 1354 Ι
1215 1265 1333 1351 ἐπειδῆ
1356 1267 1451 1341 κα125

292 1371 448 1438 ἑκούσιον
474 1369 707 1437 ἐπεσπάσαντο
735 1367 798 1453 τῆν
824 1370 984 1434 δουλείαν
1012 1369 1162 1445 εἰπόντες
1193 1366 1265 1434 oda
1291 1371 1410 1452 ἔχομεν

196 1521 202 1532 ·
244 1489 275 1542 10
291 1471 431 1557 βασιλέα
458 1474 490 1538 εί
513 1469 557 1556 μῆ
583 1475 753 1554 Καίσαρα·
779 1469 836 1535 καὶ
860 1467 937 1536 Ἐὰν
957 1470 1001 1556 μῆ
1032 1469 1284 1554 ἀποκτείνωμεν
1309 1470 1327 1509 *
1353 1468 1411 1534 τὸν

291 1569 437 1658 χριστόν,
460 1577 554 1658 φησί,
577 1571 700 1648 πάντες
721 1573 768 1647 είς
786 1567 891 1656 αύτδν
912 1571 1146 1653 πιστεύσουσι,
1171 1572 1227 1636 καὶ
1250 1570 1409 1636 ἐλεύσον-

291 1699 344 1740 ται
361 1676 398 1740 οἱ
407 1672 559 1759 Ῥωμαῖοι
574 1673 630 1740 καὶ
641 1671 785 1760 ἀροῦσιν
797 1670 895 1758 ἡμῶν
907 1673 964 1738 καὶ
981 1671 1041 1740 τὸν
1051 1671 1157 1740 τόπον
1174 1670 1230 1738 καὶ
1247 1668 1287 1736 τὸ
1298 1674 1409 1748 ἔθνος.

291 1774 388 1842 *καὶ
411 1774 551 1852 ἄκοντες
576 1773 851 1861 προεφήτευσαν·
880 1773 938 1839 καὶ
965 1775 1031 1859 γάρ
1053 1773 1110 1840 καὶ
1133 1773 1338 1840 ἐπίστευσαν
1367 1775 1411 1848 είς

291 1874 396 1942 αύτδν
416 1874 457 1940 τά
478 1879 580 1959 ἔθνη,
608 1876 664 1940 καί
690 1872 786 1942 αὐτοὶ
811 1870 878 1940 ὑπὸ
892 1870 1061 1959 Ῥωμαίων
1088 1879 1147 1960 τῆς
1173 1874 1330 1954 ἐξουσίας
1352 1897 1411 1940 αε-

243 1996 274 2048 ισ
292 1978 501 2062 ριῃρέθησαν
522 1975 579 2041 καὶ
600 1979 659 2059 τῆς
680 1979 821 2060 νομικῆς
838 1980 1007 2060 λατρείας,
1036 1978 1264 2061 κεκωλυμένοι
1286 1976 1328 2040 δέ
1348 1978 1411 2040 είσι

292 2076 349 2144 καλ
376 2076 529 2162 ἀναιρεῖν
556 2071 617 2153 οάς
639 2072 684 2141 ἀν
710 2077 836 2143 θέλωσι
862 2078 920 2143 καὶ
945 2077 1047 2144 θύειν
1071 2075 1126 2144 ὅτε
1154 2081 1314 2144 θέλωσιν.
1360 2075 1412 2142 διὸ

292 2178 349 2246 καὶ
361 2174 447 2244 είσίν
458 2177 705 2262 ἐπικατάρατοι,
722 2176 766 2262 μῆ
777 2178 962 2263 δυνάμενοι
975 2191 1085 2246 ποιεῖν
1100 2179 1140 2245 τά
1151 2178 1410 2262 διατεταγμένα·

292 2280 535 2364 ἐπιαατάρατος
554 2279 631 2365 γάρ,
656 2283 773 2364 φησίν,
796 2284 861 2356 πᾶς
880 2275 918 2358 ὃς
938 2278 1001 2346 οὐκ
1024 2279 1158 2366 ἐμμένει
1180 2279 1219 2346 ἐν
1240 2283 1325 2344 πᾶσι
1344 2291 1413 2355 τοῖς

290 2382 533 2467 γεγραμμένοις
555 2380 594 2448 ἐν
613 2384 660 2468 τῷ
684 2383 805 2468 βιβλίῳ
826 2385 887 2446 τοῦ
908 2382 1032 2465 νόμου,
1054 2385 1115 2448 τοῦ
1136 2384 1273 2465 ποιῆσαι
1308 2379 1410 2446 αάτά·

240 2498 274 2550 νο
291 2481 462 2548 ἀδύνατον
476 2484 513 2548 δὲ
529 2485 621 2548 ἔστιν
636 2481 675 2548 ἐν
690 2488 708 2528 *
724 2483 893 2570 διασπορᾷ
908 2481 1031 2567 μεταξύ
1049 2482 1164 2550 ἐθνῶν
1184 2481 1284 2558 ὄντας
1300 2482 1412 2548 πάντα

290 2581 331 2648 τά
359 2587 420 2648 τοῦ
441 2583 549 2668 νόμον
571 2583 737 2648 ἐπιτελεῖν
757 2580 897 2661 αύτούς·
926 2582 1128 2668 ἀπαγορεύει
1152 2583 1217 2669 γάρ
1245 2579 1411 2659 αὐτοδςὸ

198 2739 200 2756 ,
289 2689 385 2760 θεῖος
406 2688 534 2768 Μωσῆς
552 2685 580 2749 *.
611 2683 768 2768 ἑπόμενοι
790 2673 853 2750 οὖν
871 2687 889 2724 *
909 2689 1049 2772 χριστῷ,
1072 2683 1131 2762 τάς
1150 2682 1307 2769 εὐλογίας
1328 2689 1410 2770 κλη-

291 2783 547 2869 ρονομῆσωμευ·
570 2784 663 2872 νόμω
677 2784 733 2852 καὶ
750 2786 939 2871 προφῆταις
954 2785 1010 2852 διά
1026 2791 1089 2852 τοῦ
1104 2784 1304 2871 εὐαγγελίου
1319 2803 1410 2852 στοι-

289 2885 459 2971 χῆσωμεν·
483 2886 645 2972 φύγωμεν
666 2886 744 2964 τοὺς
760 2889 953 2972 μισοθίους,
974 2887 1129 2966 καὶτοὺς
1150 2888 1411 2974 χριστοκτόνους

239 2999 273 3050 25
291 2986 348 3054 καὶ
362 2993 379 3030 *
393 2987 688 3076 προφητοφόνιας,
705 2989 762 3054 καὶ
775 2987 854 3066 τούς
867 2990 1092 3075 δυσωνύμους
1105 2990 1162 3057 καὶ
1173 2988 1300 3066 ἀθέους
1316 2989 1409 3074 αίρε-

358 3160 1410 3231 110h13‚171910h19,1511010h11,481180213‚10=

356 3251 431 3299 Deut
448 3249 491 3314 27,
509 3247 544 3300 26
563 3247 568 3311 Ι
588 3248 621 3298 22
639 3247 721 3300 Amos
739 3250 764 3306 4,
782 3247 817 3298 5?

292 3415 303 3465 1
324 3408 382 3466 ἐστι
399 3421 446 3481 yzt
466 3415 470 3482 Ι
493 3416 504 3466 l
525 3432 614 3483 φησιν
630 3417 665 3482 >
682 3434 716 3482 γε
737 3419 741 3481 Ι
763 3419 775 3469 1
795 3415 901 3470 οίδατα
918 3420 967 3483 W,
988 3418 1105 3472 οίδαται
1123 3435 1146 3467 w
1162 3423 1167 3478 Ι
1187 3420 1203 3468 2
1220 3417 1340 3485 ποιῆται
1360 3433 1383 3466 w
1403 3419 1405 3480 !

289 3499 305 3550 3
322 3490 404 3566 ἀμῶν
421 3517 445 3550 w
460 3501 465 3564 Ι
480 3501 496 3549 4
515 3496 658 3567 φίνεσθαι
677 3519 691 3554 κ
706 3501 711 3570 Ι
726 3502 743 3553 5
758 3492 868 3569 Ἰησούν
883 3503 918 3568 >
935 3509 982 3570 yzt
1001 3501 1006 3570 Ι
1026 3504 1042 3553 7
1061 3499 1156 3570 ἔχουσι
1172 3509 1220 3569 yzt
1234 3501 1271 3571 18
1291 3496 1407 3556 ἐῶαινι

290 3581 295 3648 Ι
319 3583 337 3634 8
354 3585 523 3651 κεχρεῖσθαι
540 3602 578 3652 w,
602 3587 747 3653 κεγρῆσθε
764 3605 783 3638 x
803 3583 808 3649 Ι
830 3587 862 3637 10
879 3587 1005 3654 καίοαρα
1028 3603 1158 3656 εαρετεοε
1175 3603 1191 3639 σ
1209 3605 1232 3637 w
1253 3593 1258 3648 Ι
1287 3587 1319 3638 10
1337 3587 1408 3656 ml

288 3665 352 3734 †t
378 3667 383 3732 Ι
411 3669 440 3720 11
466 3669 556 3736 φησὶν
572 3687 604 3734 x,
627 3672 661 3736 >
678 3677 726 3736 γει
752 3673 756 3730 Ι
784 3671 813 3723 ll
837 3666 1025 3725 πιστεύσασιν
1043 3690 1082 3739 ιν,
1106 3668 1291 3726 πιστεύουσιν
1306 3690 1338 3736 x,
1363 3691 1405 3725 τιι·

288 3744 421 3805 στεύσωσι
439 3761 451 3806 t
466 3752 471 3821 Ι
493 3754 523 3808 13
540 3746 610 3808 ὥστε
626 3755 661 3822 -Ιν-
678 3773 711 3822 γτ
732 3753 737 3823 Ι
760 3757 790 3808 16
808 3751 882 3808 εἰσιν
899 3775 916 3808 x
936 3761 941 3822 Ι
962 3758 994 3809 16
1011 3746 1050 3810 δν
1065 3764 1134 3820 ωιλ,
1155 3751 1208 3812 ίάν
1223 3775 1258 3823 γε
1274 3757 1278 3824 Ι
1295 3757 1328 3809 16
1347 3759 1404 3809 med

289 3832 413 3889 θέλωσιν
426 3837 470 3908 μΙ
499 3839 529 3890 16
547 3839 596 3893 καὶ
614 3834 701 3894 θύειν
766 3836 890 3893 θέλωσιν
907 3842 941 3905 >
959 3844 996 3894 Υτ
1016 3841 1021 3910 Ι
1042 3841 1075 3894 16
1092 3832 1191 3895 δτανε
1217 3843 1221 3904 Ι
1250 3837 1403 3894 1111111θέ·

288 3923 367 3974 λονοι
385 3939 418 3984 w,
438 3919 542 3976 θίλασι
561 3926 592 3989 t!
608 3925 640 3976 18
658 3929 701 3991 φῖγ
718 3941 742 3975 w
757 3926 762 3988 Ι
784 3926 816 3977 18
833 3925 889 3986 πάς
906 3927 940 3990 >
957 3933 1004 3991 γει
1022 3925 1026 3992 Ι
1048 3927 1080 3977 18
1098 3919 1233 3994 ἐμμενεῖν
1251 3944 1266 3979 α
1282 3929 1286 3992 Ι
1304 3927 1335 3978 18
1351 3925 1402 3978 κα·-

287 4020 334 4058 σιν
350 4024 368 4058 x
383 4008 388 4073 Ι
403 4008 437 4059 20
454 4007 500 4074 τῆι
517 4008 551 4076 -Ι-
568 4025 593 4059 w
613 4009 617 4070 Ι
637 4010 669 4060 21
688 4002 786 4069 αὐτοῖς
803 4010 870 4074 yut}
889 4013 922 4061 22
940 4011 1054 4078 μανσῆς
1071 4029 1096 4062 w
1110 4009 1116 4078 Ι
1130 4013 1163 4062 22
1181 4009 1232 4063 καὶ
1250 4005 1400 4076 θατιαστῆ-

288 4106 352 4156 ριον
366 4086 592 4159 [θυσιαστήρϊαν
605 4091 630 4159 τ]
647 4088 700 4156 ἔξω
712 4087 885 4161 ίερουσαλῆμ
899 4094 925 4161 [1
944 4093 967 4163 ι]
982 4090 1065 4148 ίατιὶν
1078 4094 1129 4148 καὶ
1152 4090 1214 4162 [τδν
1225 4096 1260 4161 -Ι-
1272 4097 1295 4165 t]
1315 4089 1399 4162 νόμον

289 4169 342 4239 ἔξω
359 4175 415 4228 τάν
433 4167 508 4241 ὅρων
524 4175 575 4244 τῆς
593 4171 727 4236 ίουδαίας
745 4168 953 4244 ἀναγινώσκειν
970 4179 1004 4247 -Ι-
1021 4187 1081 4246 yut.
1105 4181 1155 4232 εεδ
1172 4181 1274 4234 lunulis
1292 4180 1397 4232 inclusit

287 4259 373 4322 γ122
390 4259 439 4313 τιάι
457 4259 491 4324 -Ι-
508 4276 547 4325 w,
565 4253 650 4328 ἡμεῖς
666 4260 700 4329 -Ι-
717 4266 730 4314 λ
749 4262 754 4326 Ι
774 4264 807 4314 24
825 4259 989 4326 νολυθέους
1005 4270 1054 4330 γει
1072 4267 1077 4330 Ι
1097 4267 1131 4318 25
1148 4259 1216 4326 τούς
1231 4265 1267 4332 -Ι-
1282 4264 1346 4331 γειΙ
1364 4263 1395 4312 25

287 4339 533 4410 πραφητοφάντας
551 4363 575 4396 w
