3128 4972
677 480 890 543 „37-

178 667 385 732 adversarios
402 689 480 731 suos
496 663 670 745 φιλονείκους
687 662 736 744 τὴν
752 664 844 744 φύσιν,
859 663 973 734 ἰδιώτας
986 661 1035 742 τὴν
1050 666 1157 745 γνῶσιν,
1170 667 1387 748 μαχιμωτέρους

177 783 229 848 τὸν
247 783 356 865 τρόπον
375 787 537 872 appellnt3
561 785 661 849 simili
677 787 764 850 enirn
781 785 880 849 modo
896 786 1070 850 Irenaeus¹
1089 785 1287 852 Asianorum
1307 811 1383 851 con-

180 904 392 968 suetudinem
416 901 482 984 „rip
501 901 577 965 καθ’
600 903 751 983 ἁπλότητα
774 898 822 965 καὶ
845 901 1003 981 ἰδιωτισμὸν
1025 902 1199 984 συνῆθειαν“
1222 907 1381 972 nominat.

179 1025 258 1108 Ipse
283 1031 394 1088 sutem
418 1025 741 1108 Pseudo-Origenes
765 1025 968 1089 adversarios
991 1049 1056 1088 una
1081 1033 1220 1109 excepte
1248 1049 1384 1090 consue·

180 1144 297 1208 tudine
328 1145 479 1228 paschali
511 1168 583 1209 oum
617 1145 770 1210 omnibus
801 1153 947 1208 testatur
980 1144 1216 1210 traditionibus
1251 1156 1384 1231 aposto·

180 1264 289 1327 lorum
312 1264 517 1340 consentire;
543 1265 631 1329 sicut
646 1263 859 1348 Apolinerius
882 1262 965 1328 nihil
988 1263 1051 1328 nisi
1070 1259 1186 1345 ἄγνοιαν
1200 1265 1240 1329 iis
1257 1266 1385 1330 crimini

181 1384 250 1447 dat.
272 1422 314 1432 -
338 1384 403 1448 Sed
421 1385 492 1469 jem
516 1385 710 1468 exponenda
732 1391 811 1448 sunt
833 1383 1148 1468 nobis·urgumenta
1170 1384 1240 1464 illa,
1265 1385 1384 1470 quibus

181 1503 384 1587 Apoliuerii,
418 1503 617 1584 Clementis,
651 1503 827 1587 Hippolyti
859 1503 1061 1567 adversarios
1095 1525 1170 1568 vere
1202 1506 1383 1570 catholicus

182 1623 283 1687 Asiae
307 1623 464 1688 ecelesias
488 1623 590 1688 luisse
614 1623 837 1688 confirmatur.
885 1625 970 1696 Sunt
993 1633 1105 1686 autem
1128 1625 1220 1688 haec.

270 1747 299 1808 l.
326 1743 427 1828 Apud
450 1741 650 1808 Eusebium²
673 1721 831 1827 legimus,
857 1742 1069 1822 Melitonem,
1095 1741 1285 1828 episcopum
1309 1745 1383 1808 Ser·

181 1862 330 1942 densem,
353 1884 450 1946 quem
464 1864 679 1948 Polycrates⁸
700 1863 787 1927 inter
802 1862 945 1926 Asianos
968 1861 1216 1926 consuetudinis
1232 1870 1384 1928 auctores

180 1982 293 2060 refert,
316 1982 356 2046 de
379 1985 539 2067 paschate
561 1983 682 2047 librum
706 1981 938 2067 conscripsisse
945 2006 954 2058 3
976 1983 1063 2067 quod
1087 1991 1125 2046 ut
1148 1983 1272 2048 faceret
1296 2006 1384 2048 com-

181 2111 293 2166 motus
318 2113 369 2167 est
393 2103 606 2167 contentione
630 2103 740 2186 eliqua
764 2111 834 2166 tum
863 2101 1021 2188 temporis
1044 2103 1228 2168 Laodiceae
1256 2112 1382 2167 exorte.

182 2221 256 2285 Quo
281 2222 413 2306 quidem
437 2222 522 2287 libro
546 2223 624 2306 quin
647 2222 766 2286 Melito
790 2245 879 2299 suae,
904 2221 1063 2300 Asianae,
1089 2223 1248 2287 ecclesiae
1271 2223 1384 2288 delen-

182 2341 268 2406 derit
291 2342 567 2406 consuetudinem
590 2365 686 2406 nemo
711 2341 808 2406 credo
828 2341 972 2406 dubitet.
1011 2343 1120 2406 Quare
1140 2365 1214 2407 cum
1232 2343 1385 2407 Clemen-

181 2471 250 2526 tem
277 2462 538 2527 Alexandrinum
562 2461 760 2545 accipiamus
784 2465 847 2526 hoo
870 2461 1042 2526 Melitonis
1068 2463 1157 2526 libro'
1182 2471 1385 2526 commotum

183 2583 222 2646 de
246 2582 363 2646 eodem
387 2584 546 2666 paschate
569 2581 691 2646 librum
715 2581 970 2664 composuisse⁴,
1000 2582 1098 2665 plone
1128 2589 1279 2646 constare
1303 2581 1385 2645 mihi

183 2701 328 2780 ridetur,
359 2702 567 2767 Clementem
595 2725 653 2766 suo
685 2701 817 2785 quidem
849 2702 933 2766 libro
963 2701 1160 2766 Asianorum
1192 2702 1291 2766 ritum
1324 2703 1384 2764 irn-

185 2843 362 2905 pugnasse.
404 2823 492 2886 Nam
514 2821 542 2886 si
562 2821 779 2886 Melitonis
799 2820 906 2886 libro
928 2833 1151 2887 commotus
1173 2818 1213 2906 (ἐξ
1228 2818 1323 2889 αἰτίας
1336 2821 1385 2900 τῆς

184 2941 235 3002 τοῦ
255 2937 419 3010 Μελίτωνος
437 2943 559 3026 γραφῆς)
576 2965 672 3006 suum
688 2941 809 3006 librum
827 2941 1033 3026 conscripsit,
1050 2943 1138 3005 hunc
1159 2949 1248 3006 certe
1269 2951 1385 3006 contra

185 3059 381 3126 Melitonem
405 3071 505 3146 atque
529 3084 585 3126 eos
609 3061 725 3140 edidit,
743 3061 798 3145 qui
815 3062 952 3126 eandem
971 3082 1008 3125 ec
1025 3061 1143 3125 Melito
1163 3061 1385 3144 sequebantur

185 3181 456 3246 consuetudinem
465 3208 475 3260 3
493 3182 527 3246 id
544 3182 632 3265 quod
646 3189 737 3246 reete
753 3187 944 3245 statuerunt
960 3181 1132 3244 Iterumne
1140 3181 1163 3258 ⁵,
1175 3181 1382 3259 Wmsmnn‘,

185 3299 429 3382 Hmounrunn',
459 3303 588 3380 Bsurr‘,
619 3322 684 3366 vsu
714 3302 914 3380 Luuuwun⁹,
944 3301 1168 3380 Sononmnw,
1198 3303 1382 3367 unumne.

270 3507 279 3540 ¹
296 3515 408 3572 Euseb.
424 3515 467 3574 H.
484 3516 519 3572 E.
537 3515 573 3586 V,
590 3518 641 3587 24,
659 3517 708 3574 13.

270 3593 281 3624 ²
299 3601 339 3657 H.
356 3602 393 3658 E.
410 3602 463 3672 IV,
481 3603 531 3672 26,
549 3602 566 3658 1
583 3622 648 3679 sqq.

270 3680 280 3710 ³
298 3687 409 3744 Euseb.
426 3687 468 3744 Η.
486 3688 520 3744 Ε.
539 3687 574 3758 V,
592 3689 642 3757 24,
660 3690 688 3745 5.

269 3765 280 3796 ⁴
298 3772 408 3830 Euseb.
426 3773 467 3830 H.
483 3774 520 3830 u.
537 3773 590 3843 IV,
608 3775 658 3843 26,
675 3775 705 3830 4.

270 3851 489 3938 5,Ζει’ίεο]ιν.]’.
507 3853 579 3915 diet.
601 3852 653 3914 Pl.
671 3859 713 3929 II,
730 3859 759 3930 2,
775 3878 804 3935 p.
823 3859 893 3915 116.

271 3937 282 3968 ⁸
300 3945 456 4002 lluuruu's
474 3939 702 4019 Reperlorlnm,
721 3943 780 4000 vol.
798 3946 849 4014 64,
865 3964 894 4021 p.
913 3945 984 4002 123.

272 4023 281 4054 ⁷
302 4023 400 4086 Theoi.
419 4023 545 4086 Jalrlh.
565 4026 657 4102 1849,
674 4051 703 4108 p.
721 4032 793 4088 243.
810 4063 850 4071 -
868 4023 1047 4086 Paeolroolr.
1066 4049 1095 4105 p.
1113 4029 1184 4086 253.

271 4108 282 4140 ⁸
298 4109 360 4170 Die
376 4110 443 4171 (1νεὶ
459 4117 558 4172 erutor
573 4111 717 4184 Jalrll„
738 4135 767 4193 p.
786 4113 857 4174 157.

271 4193 282 4226 ⁹
298 4201 344 4258 De
360 4201 450 4258 sacris
467 4202 579 4278 pasch„
596 4222 624 4278 p.
642 4205 693 4260 64.

259 4277 282 4311 ¹⁰
299 4279 361 4341 llet
377 4303 421 4342 eu.
440 4305 471 4343 o.
490 4281 575 4354 dole,
615 4288 710 4346 417.

259 4365 281 4396 ¹¹
306 4365 548 4451 Wisseneekosil.
567 4307 665 4440 Idriit„
684 4372 730 4431 ed.
749 4375 788 4445 3.,
805 4393 833 4449 p.
855 4373 937 4430 1201
954 4391 997 4447 sq.
