<?xml version="1.0" encoding="UTF-8"?>
<!DOCTYPE html PUBLIC "-//W3C//DTD XHTML 1.0 Transitional//EN"
    "http://www.w3.org/TR/xhtml1/DTD/xhtml1-transitional.dtd">
<html xmlns="http://www.w3.org/1999/xhtml" xml:lang="en" lang="en">
 <head>
  <title>
</title>
<meta http-equiv="Content-Type" content="text/html;charset=utf-8" />
  <meta name='ocr-system' content='tesseract 3.04.00' />
  <meta name='ocr-capabilities' content='ocr_page ocr_carea ocr_par ocr_line ocrx_word'/>
</head>
<body>
  <div class='ocr_page' id='page_1' title='image "./decontroversiis00schgoog_0497.png"; bbox 0 0 3160 4976; ppageno 0'>
   <div class='ocr_carea' id='block_1_1' title="bbox 1395 377 1443 445">
    <p class='ocr_par' dir='ltr' id='par_1_1' title="bbox 1395 377 1443 445">
     <span class='ocr_line' id='line_1_1' title="bbox 1395 377 1443 445; baseline 0.042 -2"><span class='ocrx_word' id='word_1_1' title='bbox 1395 377 1443 445; x_wconf 78' lang='lat'>47</span> 
     </span>
    </p>
   </div>
   <div class='ocr_carea' id='block_1_2' title="bbox 124 545 1509 4461">
    <p class='ocr_par' dir='ltr' id='par_1_2' title="bbox 246 545 1444 956">
     <span class='ocr_line' id='line_1_2' title="bbox 246 545 1444 635; baseline 0.002 -27"><span class='ocrx_word' id='word_1_2' title='bbox 246 545 393 624; x_wconf 73' lang='grc' dir='ltr'><strong>κινδύνου,</strong></span> <span class='ocrx_word' id='word_1_3' title='bbox 411 549 438 609; x_wconf 84' lang='grc' dir='ltr'>εί</span> <span class='ocrx_word' id='word_1_4' title='bbox 452 555 494 629; x_wconf 85' lang='grc' dir='ltr'>μὴ</span> <span class='ocrx_word' id='word_1_5' title='bbox 509 547 776 629; x_wconf 78' lang='grc' dir='ltr'>άκολουθησαιμεν</span> <span class='ocrx_word' id='word_1_6' title='bbox 789 555 860 618; x_wconf 88' lang='grc' dir='ltr'>ταῖς</span> <span class='ocrx_word' id='word_1_7' title='bbox 872 545 1010 618; x_wconf 85' lang='grc' dir='ltr'>ἐντολαῖς</span> <span class='ocrx_word' id='word_1_8' title='bbox 1025 557 1079 611; x_wconf 91' lang='grc' dir='ltr'>τοῦ</span> <span class='ocrx_word' id='word_1_9' title='bbox 1095 553 1208 632; x_wconf 81' lang='grc' dir='ltr'><strong>κυρίου,</strong></span> <span class='ocrx_word' id='word_1_10' title='bbox 1227 547 1383 635; x_wconf 77' lang='grc' dir='ltr'>ὀφείλομεν</span> <span class='ocrx_word' id='word_1_11' title='bbox 1401 556 1444 631; x_wconf 81' lang='grc' dir='ltr'>μὴ</span> 
     </span>
     <span class='ocr_line' id='line_1_3' title="bbox 246 651 1444 742; baseline 0 -26"><span class='ocrx_word' id='word_1_12' title='bbox 246 659 337 737; x_wconf 84' lang='grc' dir='ltr'>μόνον</span> <span class='ocrx_word' id='word_1_13' title='bbox 355 651 560 742; x_wconf 83' lang='grc' dir='ltr'>διαφυλάξαι,</span> <span class='ocrx_word' id='word_1_14' title='bbox 577 653 656 717; x_wconf 83' lang='grc' dir='ltr'>ἀλλὰ</span> <span class='ocrx_word' id='word_1_15' title='bbox 673 660 723 717; x_wconf 80' lang='grc' dir='ltr'>καί</span> <span class='ocrx_word' id='word_1_16' title='bbox 741 651 990 738; x_wconf 84' lang='grc' dir='ltr'>ὀιαβεβαιῶοαι,</span> <span class='ocrx_word' id='word_1_17' title='bbox 1015 657 1066 717; x_wconf 85' lang='grc' dir='ltr'>ἵνα</span> <span class='ocrx_word' id='word_1_18' title='bbox 1083 659 1197 726; x_wconf 87' lang='grc' dir='ltr'>πάντες</span> <span class='ocrx_word' id='word_1_19' title='bbox 1214 658 1243 716; x_wconf 88' lang='grc' dir='ltr'>οί</span> <span class='ocrx_word' id='word_1_20' title='bbox 1257 659 1398 739; x_wconf 85' lang='grc' dir='ltr'>αίρετικοί</span> <span class='ocrx_word' id='word_1_21' title='bbox 1416 659 1444 717; x_wconf 92' lang='grc' dir='ltr'>οί</span> 
     </span>
     <span class='ocr_line' id='line_1_4' title="bbox 247 761 1442 847; baseline 0 -23"><span class='ocrx_word' id='word_1_22' title='bbox 247 766 483 847; x_wconf 78' lang='grc' dir='ltr'>προσερχόμενοι</span> <span class='ocrx_word' id='word_1_23' title='bbox 507 773 543 842; x_wconf 72' lang='grc' dir='ltr'>τῇ</span> <span class='ocrx_word' id='word_1_24' title='bbox 566 762 707 841; x_wconf 78' lang='grc' dir='ltr'>ἐκκλησίᾳ</span> <span class='ocrx_word' id='word_1_25' title='bbox 730 761 969 844; x_wconf 83' lang='grc' dir='ltr'>βαπτισθῶσιν,</span> <span class='ocrx_word' id='word_1_26' title='bbox 996 764 1080 833; x_wconf 82' lang='grc' dir='ltr'>ὅπως</span> <span class='ocrx_word' id='word_1_27' title='bbox 1103 767 1122 833; x_wconf 80' lang='grc' dir='ltr'><em>ἡ</em></span> <span class='ocrx_word' id='word_1_28' title='bbox 1149 765 1245 833; x_wconf 81' lang='grc' dir='ltr'>οἴησις</span> <span class='ocrx_word' id='word_1_29' title='bbox 1267 768 1351 833; x_wconf 78' lang='grc' dir='ltr'>καίη</span> <span class='ocrx_word' id='word_1_30' title='bbox 1370 761 1442 824; x_wconf 87' lang='grc' dir='ltr'>ὀια-</span> 
     </span>
     <span class='ocr_line' id='line_1_5' title="bbox 246 865 1284 956; baseline 0 -26"><span class='ocrx_word' id='word_1_31' title='bbox 246 877 362 956; x_wconf 77' lang='grc' dir='ltr'>στροφὴ</span> <span class='ocrx_word' id='word_1_32' title='bbox 380 874 398 938; x_wconf 77' lang='grc' dir='ltr'><strong><em>ἡ</em></strong></span> <span class='ocrx_word' id='word_1_33' title='bbox 417 865 474 942; x_wconf 82' lang='grc' dir='ltr'>ἐξω</span> <span class='ocrx_word' id='word_1_34' title='bbox 491 873 635 953; x_wconf 72' lang='grc' dir='ltr'>γενομένη</span> <span class='ocrx_word' id='word_1_35' title='bbox 653 869 870 953; x_wconf 74' lang='grc' dir='ltr'>ἐπανορθωθῇ</span> <span class='ocrx_word' id='word_1_36' title='bbox 887 867 962 954; x_wconf 87' lang='grc' dir='ltr'>παρ’</span> <span class='ocrx_word' id='word_1_37' title='bbox 973 873 1045 950; x_wconf 80' lang='grc' dir='ltr'>ἡμῖν</span> <span class='ocrx_word' id='word_1_38' title='bbox 1062 875 1112 931; x_wconf 86' lang='grc' dir='ltr'>καί</span> <span class='ocrx_word' id='word_1_39' title='bbox 1129 869 1284 952; x_wconf 78' lang='grc' dir='ltr'>άγιασθῇ.</span> 
     </span>
    </p>

    <p class='ocr_par' dir='ltr' id='par_1_3' title="bbox 215 976 1503 1490">
     <span class='ocr_line' id='line_1_6' title="bbox 215 976 1503 1063; baseline -0.002 -25"><span class='ocrx_word' id='word_1_40' title='bbox 215 994 228 1032; x_wconf 77' lang='grc' dir='ltr'>ο</span> <span class='ocrx_word' id='word_1_41' title='bbox 248 978 392 1048; x_wconf 82' lang='grc' dir='ltr'>Κούϊντος</span> <span class='ocrx_word' id='word_1_42' title='bbox 411 977 470 1036; x_wconf 81' lang='grc' dir='ltr'>ἀπὸ</span> <span class='ocrx_word' id='word_1_43' title='bbox 490 978 606 1060; x_wconf 89' lang='grc' dir='ltr'>Ούρούκ</span> <span class='ocrx_word' id='word_1_44' title='bbox 623 976 713 1038; x_wconf 80' lang='grc' dir='ltr'>εἶπεν·</span> <span class='ocrx_word' id='word_1_45' title='bbox 740 977 779 1037; x_wconf 79' lang='grc' dir='ltr'>Οἱ</span> <span class='ocrx_word' id='word_1_46' title='bbox 793 981 889 1038; x_wconf 85' lang='grc' dir='ltr'>πίστει</span> <span class='ocrx_word' id='word_1_47' title='bbox 907 978 1020 1051; x_wconf 83' lang='grc' dir='ltr'>ζῶντες</span> <span class='ocrx_word' id='word_1_48' title='bbox 1037 982 1156 1048; x_wconf 77' lang='grc' dir='ltr'>τούτοις</span> <span class='ocrx_word' id='word_1_49' title='bbox 1172 976 1344 1038; x_wconf 88' lang='grc' dir='ltr'>πείθεσθαι</span> <span class='ocrx_word' id='word_1_50' title='bbox 1362 979 1445 1063; x_wconf 87' lang='grc' dir='ltr'>ὀφεί-</span> <span class='ocrx_word' id='word_1_51' title='bbox 1465 997 1503 1061; x_wconf 76' lang='grc' dir='ltr'>κη</span> 
     </span>
     <span class='ocr_line' id='line_1_7' title="bbox 246 1082 1445 1168; baseline 0.003 -23"><span class='ocrx_word' id='word_1_52' title='bbox 246 1082 334 1165; x_wconf 81' lang='grc' dir='ltr'>λομεν</span> <span class='ocrx_word' id='word_1_53' title='bbox 357 1082 404 1154; x_wconf 82' lang='grc' dir='ltr'>οίς</span> <span class='ocrx_word' id='word_1_54' title='bbox 425 1087 475 1144; x_wconf 88' lang='grc' dir='ltr'>καί</span> <span class='ocrx_word' id='word_1_55' title='bbox 493 1082 719 1168; x_wconf 76' lang='grc' dir='ltr'>ἐδιδάχθημεν.</span> <span class='ocrx_word' id='word_1_56' title='bbox 751 1089 926 1168; x_wconf 84' lang='grc' dir='ltr'>γέγραπται</span> <span class='ocrx_word' id='word_1_57' title='bbox 948 1089 1011 1167; x_wconf 92' lang='grc' dir='ltr'>γάρ</span> <span class='ocrx_word' id='word_1_58' title='bbox 1041 1089 1128 1166; x_wconf 85' lang='grc' dir='ltr'>παρὰ</span> <span class='ocrx_word' id='word_1_59' title='bbox 1152 1091 1196 1162; x_wconf 87' lang='grc' dir='ltr'>τῷ</span> <span class='ocrx_word' id='word_1_60' title='bbox 1219 1083 1400 1164; x_wconf 83' lang='grc' dir='ltr'>Σαλομῶνι·</span> <span class='ocrx_word' id='word_1_61' title='bbox 1431 1087 1445 1148; x_wconf 85' lang='grc' dir='ltr'>ὀ</span> 
     </span>
     <span class='ocr_line' id='line_1_8' title="bbox 248 1189 1446 1277; baseline 0 -23"><span class='ocrx_word' id='word_1_62' title='bbox 248 1189 473 1273; x_wconf 80' lang='grc' dir='ltr'>βαπτιζόμενος</span> <span class='ocrx_word' id='word_1_63' title='bbox 498 1194 558 1252; x_wconf 87' lang='grc' dir='ltr'>άιτό</span> <span class='ocrx_word' id='word_1_64' title='bbox 581 1201 687 1273; x_wconf 83' lang='grc' dir='ltr'>νεκροῦ</span> <span class='ocrx_word' id='word_1_65' title='bbox 703 1196 731 1252; x_wconf 92' lang='grc' dir='ltr'>τί</span> <span class='ocrx_word' id='word_1_66' title='bbox 748 1191 897 1277; x_wconf 76' lang='grc' dir='ltr'>ἀμελεῖται</span> <span class='ocrx_word' id='word_1_67' title='bbox 915 1195 945 1252; x_wconf 89' lang='grc' dir='ltr'>ἐν</span> <span class='ocrx_word' id='word_1_68' title='bbox 962 1199 1006 1270; x_wconf 82' lang='grc' dir='ltr'>τῷ</span> <span class='ocrx_word' id='word_1_69' title='bbox 1023 1191 1139 1276; x_wconf 87' lang='grc' dir='ltr'>λούτρῳ</span> <span class='ocrx_word' id='word_1_70' title='bbox 1157 1190 1271 1261; x_wconf 78' lang='grc' dir='ltr'>αύτοῦ;</span> <span class='ocrx_word' id='word_1_71' title='bbox 1288 1195 1361 1276; x_wconf 83' lang='grc' dir='ltr'>ὅπερ</span> <span class='ocrx_word' id='word_1_72' title='bbox 1379 1196 1446 1276; x_wconf 88' lang='grc' dir='ltr'>περί</span> 
     </span>
     <span class='ocr_line' id='line_1_9' title="bbox 247 1295 1447 1386; baseline 0.005 -30"><span class='ocrx_word' id='word_1_73' title='bbox 247 1307 307 1359; x_wconf 86' lang='grc' dir='ltr'>τῶν</span> <span class='ocrx_word' id='word_1_74' title='bbox 325 1301 355 1358; x_wconf 89' lang='grc' dir='ltr'>ἐν</span> <span class='ocrx_word' id='word_1_75' title='bbox 372 1309 408 1377; x_wconf 77' lang='grc' dir='ltr'>τῇ</span> <span class='ocrx_word' id='word_1_76' title='bbox 427 1301 539 1379; x_wconf 79' lang='grc' dir='ltr'>αἱρέσει</span> <span class='ocrx_word' id='word_1_77' title='bbox 557 1295 791 1379; x_wconf 86' lang='grc' dir='ltr'>βαπτιζομένων</span> <span class='ocrx_word' id='word_1_78' title='bbox 808 1305 858 1360; x_wconf 88' lang='grc' dir='ltr'>καί</span> <span class='ocrx_word' id='word_1_79' title='bbox 874 1297 1089 1379; x_wconf 89' lang='grc' dir='ltr'>βαπτιζόντων</span> <span class='ocrx_word' id='word_1_80' title='bbox 1107 1298 1196 1382; x_wconf 87' lang='grc' dir='ltr'>λέγει.</span> <span class='ocrx_word' id='word_1_81' title='bbox 1214 1303 1240 1361; x_wconf 85' lang='grc' dir='ltr'>εί</span> <span class='ocrx_word' id='word_1_82' title='bbox 1255 1306 1316 1384; x_wconf 92' lang='grc' dir='ltr'>γόιρ</span> <span class='ocrx_word' id='word_1_83' title='bbox 1331 1304 1360 1361; x_wconf 89' lang='grc' dir='ltr'>οί</span> <span class='ocrx_word' id='word_1_84' title='bbox 1370 1297 1447 1386; x_wconf 89' lang='grc' dir='ltr'>παρ’</span> 
     </span>
     <span class='ocr_line' id='line_1_10' title="bbox 249 1401 1447 1490; baseline 0.003 -25"><span class='ocrx_word' id='word_1_85' title='bbox 249 1407 353 1474; x_wconf 86' lang='grc' dir='ltr'>αύτοίς</span> <span class='ocrx_word' id='word_1_86' title='bbox 383 1401 600 1486; x_wconf 81' lang='grc' dir='ltr'>βαπτιζόμενοι</span> <span class='ocrx_word' id='word_1_87' title='bbox 629 1401 680 1465; x_wconf 87' lang='grc' dir='ltr'>ὀιά</span> <span class='ocrx_word' id='word_1_88' title='bbox 705 1415 760 1475; x_wconf 79' lang='grc' dir='ltr'>τῆς</span> <span class='ocrx_word' id='word_1_89' title='bbox 785 1408 926 1490; x_wconf 82' lang='grc' dir='ltr'>ἀφέσεως</span> <span class='ocrx_word' id='word_1_90' title='bbox 948 1416 1008 1488; x_wconf 81' lang='grc' dir='ltr'>τῶν</span> <span class='ocrx_word' id='word_1_91' title='bbox 1032 1407 1192 1489; x_wconf 83' lang='grc' dir='ltr'>ἁμαρτιῶν</span> <span class='ocrx_word' id='word_1_92' title='bbox 1216 1409 1340 1468; x_wconf 79' lang='grc' dir='ltr'>αἰωνίου</span> <span class='ocrx_word' id='word_1_93' title='bbox 1363 1408 1447 1481; x_wconf 86' lang='grc' dir='ltr'>ζωῆς</span> 
     </span>
    </p>

    <p class='ocr_par' dir='ltr' id='par_1_4' title="bbox 205 1509 1449 2026">
     <span class='ocr_line' id='line_1_11' title="bbox 205 1509 1446 1598; baseline 0.006 -32"><span class='ocrx_word' id='word_1_94' title='bbox 205 1529 230 1566; x_wconf 89' lang='grc' dir='ltr'>ιο</span> <span class='ocrx_word' id='word_1_95' title='bbox 248 1513 455 1594; x_wconf 86' lang='grc' dir='ltr'>τυγχάνουσι,</span> <span class='ocrx_word' id='word_1_96' title='bbox 473 1517 500 1572; x_wconf 95' lang='grc' dir='ltr'>τί</span> <span class='ocrx_word' id='word_1_97' title='bbox 517 1515 592 1595; x_wconf 83' lang='grc' dir='ltr'>πρὸς</span> <span class='ocrx_word' id='word_1_98' title='bbox 609 1517 662 1580; x_wconf 75' lang='grc' dir='ltr'>τὴν</span> <span class='ocrx_word' id='word_1_99' title='bbox 679 1509 835 1582; x_wconf 70' lang='grc' dir='ltr'>ἐκκλησίαν</span> <span class='ocrx_word' id='word_1_100' title='bbox 854 1515 1013 1596; x_wconf 86' lang='grc' dir='ltr'>ἐρχονται;</span> <span class='ocrx_word' id='word_1_101' title='bbox 1038 1517 1064 1574; x_wconf 86' lang='grc' dir='ltr'>εί</span> <span class='ocrx_word' id='word_1_102' title='bbox 1080 1512 1113 1574; x_wconf 83' lang='grc' dir='ltr'>δέ</span> <span class='ocrx_word' id='word_1_103' title='bbox 1131 1514 1191 1576; x_wconf 84' lang='grc' dir='ltr'>άπό</span> <span class='ocrx_word' id='word_1_104' title='bbox 1208 1523 1312 1598; x_wconf 84' lang='grc' dir='ltr'>νεκροῦ</span> <span class='ocrx_word' id='word_1_105' title='bbox 1329 1515 1393 1588; x_wconf 83' lang='grc' dir='ltr'>ζωὴ</span> <span class='ocrx_word' id='word_1_106' title='bbox 1412 1516 1446 1574; x_wconf 89' lang='grc' dir='ltr'>ού</span> 
     </span>
     <span class='ocr_line' id='line_1_12' title="bbox 249 1615 1444 1705; baseline 0 -25"><span class='ocrx_word' id='word_1_107' title='bbox 249 1616 443 1700; x_wconf 86' lang='grc' dir='ltr'>λαμβάνεται</span> <span class='ocrx_word' id='word_1_108' title='bbox 473 1623 522 1680; x_wconf 86' lang='grc' dir='ltr'>καί</span> <span class='ocrx_word' id='word_1_109' title='bbox 566 1615 619 1679; x_wconf 84' lang='grc' dir='ltr'>ὀιά</span> <span class='ocrx_word' id='word_1_110' title='bbox 657 1627 745 1680; x_wconf 88' lang='grc' dir='ltr'>τοῦτο</span> <span class='ocrx_word' id='word_1_111' title='bbox 777 1621 1004 1701; x_wconf 84' lang='grc' dir='ltr'>ἐπιγινώσκουσι</span> <span class='ocrx_word' id='word_1_112' title='bbox 1040 1631 1097 1691; x_wconf 78' lang='grc' dir='ltr'>τῆς</span> <span class='ocrx_word' id='word_1_113' title='bbox 1146 1625 1290 1705; x_wconf 85' lang='grc' dir='ltr'>πρότερον</span> <span class='ocrx_word' id='word_1_114' title='bbox 1325 1620 1444 1691; x_wconf 84' lang='grc' dir='ltr'>πλάνης</span> 
     </span>
     <span class='ocr_line' id='line_1_13' title="bbox 248 1725 1448 1809; baseline 0.004 -25"><span class='ocrx_word' id='word_1_115' title='bbox 248 1731 302 1796; x_wconf 80' lang='grc' dir='ltr'>την</span> <span class='ocrx_word' id='word_1_116' title='bbox 320 1725 473 1795; x_wconf 75' lang='grc' dir='ltr'>ἀλήθειαν</span> <span class='ocrx_word' id='word_1_117' title='bbox 497 1733 546 1787; x_wconf 86' lang='grc' dir='ltr'>καί</span> <span class='ocrx_word' id='word_1_118' title='bbox 572 1729 615 1796; x_wconf 88' lang='grc' dir='ltr'>είς</span> <span class='ocrx_word' id='word_1_119' title='bbox 636 1730 800 1807; x_wconf 87' lang='grc' dir='ltr'>μετάνοιαν</span> <span class='ocrx_word' id='word_1_120' title='bbox 823 1728 983 1809; x_wconf 74' lang='grc' dir='ltr'>ἔρχονται,</span> <span class='ocrx_word' id='word_1_121' title='bbox 1009 1729 1039 1788; x_wconf 89' lang='grc' dir='ltr'>ἐν</span> <span class='ocrx_word' id='word_1_122' title='bbox 1056 1727 1074 1808; x_wconf 72' lang='grc' dir='ltr'><strong>ᾗ</strong></span> <span class='ocrx_word' id='word_1_123' title='bbox 1093 1729 1313 1802; x_wconf 86' lang='grc' dir='ltr'>ζωοποιοῦνται</span> <span class='ocrx_word' id='word_1_124' title='bbox 1331 1725 1448 1809; x_wconf 88' lang='grc' dir='ltr'>βαπτί-</span> 
     </span>
     <span class='ocr_line' id='line_1_14' title="bbox 251 1831 1449 1918; baseline 0.003 -25"><span class='ocrx_word' id='word_1_125' title='bbox 251 1853 357 1913; x_wconf 84' lang='grc' dir='ltr'>σματι,</span> <span class='ocrx_word' id='word_1_126' title='bbox 375 1837 446 1917; x_wconf 82' lang='grc' dir='ltr'>ὅπερ</span> <span class='ocrx_word' id='word_1_127' title='bbox 461 1834 491 1892; x_wconf 92' lang='grc' dir='ltr'>ἐν</span> <span class='ocrx_word' id='word_1_128' title='bbox 504 1844 541 1912; x_wconf 79' lang='grc' dir='ltr'>τῇ</span> <span class='ocrx_word' id='word_1_129' title='bbox 554 1831 702 1911; x_wconf 77' lang='grc' dir='ltr'>καθολικῄ</span> <span class='ocrx_word' id='word_1_130' title='bbox 717 1833 857 1912; x_wconf 81' lang='grc' dir='ltr'>ἐκκλησίᾳ</span> <span class='ocrx_word' id='word_1_131' title='bbox 870 1836 943 1913; x_wconf 83' lang='grc' dir='ltr'>ἐστί,</span> <span class='ocrx_word' id='word_1_132' title='bbox 961 1833 1034 1895; x_wconf 70' lang='grc' dir='ltr'>καῖ’</span> <span class='ocrx_word' id='word_1_133' title='bbox 1052 1832 1269 1916; x_wconf 67' lang='grc' dir='ltr'>βαπτισθῆναι</span> <span class='ocrx_word' id='word_1_134' title='bbox 1285 1842 1336 1897; x_wconf 83' lang='grc' dir='ltr'>καί</span> <span class='ocrx_word' id='word_1_135' title='bbox 1353 1838 1449 1918; x_wconf 88' lang='grc' dir='ltr'>άγια-</span> 
     </span>
     <span class='ocr_line' id='line_1_15' title="bbox 250 1935 603 2026; baseline -0.003 -25"><span class='ocrx_word' id='word_1_136' title='bbox 250 1940 368 2010; x_wconf 84' lang='grc' dir='ltr'>σθῆναι</span> <span class='ocrx_word' id='word_1_137' title='bbox 386 1937 556 2026; x_wconf 87' lang='grc' dir='ltr'>ὀφείλουσι[</span> <span class='ocrx_word' id='word_1_138' title='bbox 575 1935 603 2024; x_wconf 90' lang='grc'>].</span> 
     </span>
    </p>

    <p class='ocr_par' dir='ltr' id='par_1_5' title="bbox 248 2031 1509 2563">
     <span class='ocr_line' id='line_1_16' title="bbox 655 2031 1509 2131; baseline 0.004 -24"><span class='ocrx_word' id='word_1_139' title='bbox 655 2031 666 2083; x_wconf 53' lang='lat'>‘·</span> <span class='ocrx_word' id='word_1_140' title='bbox 709 2049 733 2108; x_wconf 94' lang='lat'>0</span> <span class='ocrx_word' id='word_1_141' title='bbox 750 2051 1031 2131; x_wconf 83' lang='grc' dir='ltr'>παραπεμπόμενος</span> <span class='ocrx_word' id='word_1_142' title='bbox 1047 2056 1100 2120; x_wconf 77' lang='grc' dir='ltr'>τὴν</span> <span class='ocrx_word' id='word_1_143' title='bbox 1118 2050 1272 2120; x_wconf 79' lang='grc' dir='ltr'>ἀληθειαν</span> <span class='ocrx_word' id='word_1_144' title='bbox 1290 2058 1340 2112; x_wconf 83' lang='grc' dir='ltr'>καί</span> <span class='ocrx_word' id='word_1_145' title='bbox 1354 2071 1447 2119; x_wconf 88' lang='grc' dir='ltr'>συνη-</span> <span class='ocrx_word' id='word_1_146' title='bbox 1466 2045 1509 2110; x_wconf 75' lang='grc' dir='ltr'>κιλι</span> 
     </span>
     <span class='ocr_line' id='line_1_17' title="bbox 248 2153 1447 2241; baseline 0.003 -26"><span class='ocrx_word' id='word_1_147' title='bbox 248 2154 324 2234; x_wconf 79' lang='grc' dir='ltr'>θείᾳ</span> <span class='ocrx_word' id='word_1_148' title='bbox 349 2157 495 2236; x_wconf 79' lang='grc' dir='ltr'>ἐσόμενος</span> <span class='ocrx_word' id='word_1_149' title='bbox 516 2157 535 2223; x_wconf 74' lang='grc' dir='ltr'><strong>ἦ</strong></span> <span class='ocrx_word' id='word_1_150' title='bbox 558 2161 626 2238; x_wconf 83' lang='grc' dir='ltr'>περί</span> <span class='ocrx_word' id='word_1_151' title='bbox 647 2161 718 2225; x_wconf 89' lang='grc' dir='ltr'>τούς</span> <span class='ocrx_word' id='word_1_152' title='bbox 743 2153 895 2240; x_wconf 86' lang='grc' dir='ltr'>άόελφοὺς</span> <span class='ocrx_word' id='word_1_153' title='bbox 916 2155 1072 2241; x_wconf 83' lang='grc' dir='ltr'>φθονερός</span> <span class='ocrx_word' id='word_1_154' title='bbox 1098 2162 1188 2234; x_wconf 81' lang='grc' dir='ltr'>ἐστιν,</span> <span class='ocrx_word' id='word_1_155' title='bbox 1213 2157 1258 2230; x_wconf 84' lang='grc' dir='ltr'>οίς</span> <span class='ocrx_word' id='word_1_156' title='bbox 1274 2163 1293 2229; x_wconf 80' lang='grc' dir='ltr'><em>ἡ</em></span> <span class='ocrx_word' id='word_1_157' title='bbox 1311 2158 1447 2229; x_wconf 75' lang='grc' dir='ltr'>ἀλήθεια</span> 
     </span>
     <span class='ocr_line' id='line_1_18' title="bbox 250 2259 1370 2349; baseline 0.003 -26"><span class='ocrx_word' id='word_1_158' title='bbox 250 2264 302 2323; x_wconf 84' lang='grc' dir='ltr'>οῦκ</span> <span class='ocrx_word' id='word_1_159' title='bbox 319 2261 526 2347; x_wconf 71' lang='grc' dir='ltr'>ἀπεκαλύφθη</span> <span class='ocrx_word' id='word_1_160' title='bbox 543 2265 562 2331; x_wconf 70' lang='grc' dir='ltr'><strong>ἢ</strong></span> <span class='ocrx_word' id='word_1_161' title='bbox 579 2259 679 2345; x_wconf 64' lang='grc' dir='ltr'>πρὸς*</span> <span class='ocrx_word' id='word_1_162' title='bbox 696 2266 746 2322; x_wconf 90' lang='grc' dir='ltr'>τόν</span> <span class='ocrx_word' id='word_1_163' title='bbox 763 2262 838 2324; x_wconf 89' lang='grc' dir='ltr'>θεόν</span> <span class='ocrx_word' id='word_1_164' title='bbox 855 2267 905 2324; x_wconf 89' lang='grc' dir='ltr'>τόν</span> <span class='ocrx_word' id='word_1_165' title='bbox 923 2263 1167 2346; x_wconf 73' lang='grc' dir='ltr'>άποκαλύύαυτα</span> <span class='ocrx_word' id='word_1_166' title='bbox 1185 2267 1370 2349; x_wconf 81' lang='grc' dir='ltr'>ἀχάριστος.</span> 
     </span>
     <span class='ocr_line' id='line_1_19' title="bbox 250 2369 1483 2454; baseline 0.002 -25"><span class='ocrx_word' id='word_1_167' title='bbox 250 2369 488 2452; x_wconf 85' lang='grc' dir='ltr'>Εύκράτιοςάπό</span> <span class='ocrx_word' id='word_1_168' title='bbox 502 2369 604 2429; x_wconf 86' lang='grc' dir='ltr'>Θένων</span> <span class='ocrx_word' id='word_1_169' title='bbox 622 2369 712 2429; x_wconf 80' lang='grc' dir='ltr'>εἶπεν·</span> <span class='ocrx_word' id='word_1_170' title='bbox 729 2371 790 2439; x_wconf 80' lang='grc' dir='ltr'>Τὴν</span> <span class='ocrx_word' id='word_1_171' title='bbox 808 2374 905 2430; x_wconf 86' lang='grc' dir='ltr'>πίστιν</span> <span class='ocrx_word' id='word_1_172' title='bbox 919 2375 1007 2450; x_wconf 72' lang='grc' dir='ltr'>ἡμῶν</span> <span class='ocrx_word' id='word_1_173' title='bbox 1024 2377 1074 2432; x_wconf 82' lang='grc' dir='ltr'>καί</span> <span class='ocrx_word' id='word_1_174' title='bbox 1090 2379 1143 2440; x_wconf 77' lang='grc' dir='ltr'>τὴν</span> <span class='ocrx_word' id='word_1_175' title='bbox 1155 2382 1209 2433; x_wconf 86' lang='grc' dir='ltr'>τοῦ</span> <span class='ocrx_word' id='word_1_176' title='bbox 1227 2370 1446 2454; x_wconf 86' lang='grc' dir='ltr'>βαπτίσματος</span> <span class='ocrx_word' id='word_1_177' title='bbox 1467 2371 1483 2432; x_wconf 85' lang='grc' dir='ltr'>λ</span> 
     </span>
     <span class='ocr_line' id='line_1_20' title="bbox 249 2473 1444 2563; baseline 0.003 -27"><span class='ocrx_word' id='word_1_178' title='bbox 249 2481 341 2560; x_wconf 89' lang='grc' dir='ltr'>χάριν</span> <span class='ocrx_word' id='word_1_179' title='bbox 358 2483 478 2537; x_wconf 77' lang='grc' dir='ltr'>καὶτοῦ</span> <span class='ocrx_word' id='word_1_180' title='bbox 495 2474 738 2544; x_wconf 80' lang='grc' dir='ltr'>ἐκκλησιαστικοῦ</span> <span class='ocrx_word' id='word_1_181' title='bbox 753 2480 846 2557; x_wconf 84' lang='grc' dir='ltr'>νόμου</span> <span class='ocrx_word' id='word_1_182' title='bbox 863 2484 916 2546; x_wconf 82' lang='grc' dir='ltr'>τὴν</span> <span class='ocrx_word' id='word_1_183' title='bbox 933 2473 1017 2549; x_wconf 81' lang='grc' dir='ltr'>τάξιν</span> <span class='ocrx_word' id='word_1_184' title='bbox 1037 2480 1052 2538; x_wconf 91' lang='grc' dir='ltr'>ὀ</span> <span class='ocrx_word' id='word_1_185' title='bbox 1069 2478 1145 2548; x_wconf 90' lang='grc' dir='ltr'>θεός</span> <span class='ocrx_word' id='word_1_186' title='bbox 1167 2483 1218 2540; x_wconf 89' lang='grc' dir='ltr'>καί</span> <span class='ocrx_word' id='word_1_187' title='bbox 1235 2485 1338 2563; x_wconf 79' lang='grc' dir='ltr'>σωτὴρ</span> <span class='ocrx_word' id='word_1_188' title='bbox 1356 2485 1444 2561; x_wconf 72' lang='grc' dir='ltr'>ἡμῶν</span> 
     </span>
    </p>

    <p class='ocr_par' dir='ltr' id='par_1_6' title="bbox 204 2581 1447 3097">
     <span class='ocr_line' id='line_1_21' title="bbox 204 2581 1445 2674; baseline 0.008 -36"><span class='ocrx_word' id='word_1_189' title='bbox 204 2599 231 2638; x_wconf 80' lang='grc' dir='ltr'>κο</span> <span class='ocrx_word' id='word_1_190' title='bbox 252 2581 372 2653; x_wconf 83' lang='grc' dir='ltr'>Ἰησοῦς</span> <span class='ocrx_word' id='word_1_191' title='bbox 403 2586 530 2666; x_wconf 84' lang='grc' dir='ltr'>χριστὸς</span> <span class='ocrx_word' id='word_1_192' title='bbox 553 2589 623 2652; x_wconf 83' lang='grc' dir='ltr'>τοὺς</span> <span class='ocrx_word' id='word_1_193' title='bbox 646 2583 836 2654; x_wconf 78' lang='grc' dir='ltr'>ἀποστόλους</span> <span class='ocrx_word' id='word_1_194' title='bbox 864 2582 1017 2644; x_wconf 80' lang='grc' dir='ltr'>ὀιόάσκων</span> <span class='ocrx_word' id='word_1_195' title='bbox 1043 2584 1141 2645; x_wconf 81' lang='grc' dir='ltr'>εἶπεν·</span> <span class='ocrx_word' id='word_1_196' title='bbox 1167 2586 1445 2674; x_wconf 87' lang='grc' dir='ltr'>πορευθέντεςούν</span> 
     </span>
     <span class='ocr_line' id='line_1_22' title="bbox 249 2688 1447 2774; baseline 0.005 -25"><span class='ocrx_word' id='word_1_197' title='bbox 249 2689 474 2771; x_wconf 69' lang='grc' dir='ltr'>μαθητεύσατε</span> <span class='ocrx_word' id='word_1_198' title='bbox 495 2694 597 2750; x_wconf 85' lang='grc' dir='ltr'>πάντα</span> <span class='ocrx_word' id='word_1_199' title='bbox 623 2695 663 2750; x_wconf 87' lang='grc' dir='ltr'>τά</span> <span class='ocrx_word' id='word_1_200' title='bbox 686 2690 783 2760; x_wconf 81' lang='grc' dir='ltr'>ἔθνη,</span> <span class='ocrx_word' id='word_1_201' title='bbox 807 2688 1010 2772; x_wconf 82' lang='grc' dir='ltr'>βαπτίζοντες</span> <span class='ocrx_word' id='word_1_202' title='bbox 1034 2696 1146 2764; x_wconf 87' lang='grc' dir='ltr'>αύτούς</span> <span class='ocrx_word' id='word_1_203' title='bbox 1162 2697 1205 2764; x_wconf 87' lang='grc' dir='ltr'>εἰς</span> <span class='ocrx_word' id='word_1_204' title='bbox 1221 2697 1254 2753; x_wconf 88' lang='grc' dir='ltr'>τό</span> <span class='ocrx_word' id='word_1_205' title='bbox 1272 2694 1370 2774; x_wconf 84' lang='grc' dir='ltr'>ὄνομα</span> <span class='ocrx_word' id='word_1_206' title='bbox 1393 2703 1447 2756; x_wconf 88' lang='grc' dir='ltr'>τοῦ</span> 
     </span>
     <span class='ocr_line' id='line_1_23' title="bbox 251 2797 1446 2882; baseline 0.004 -25"><span class='ocrx_word' id='word_1_207' title='bbox 251 2801 370 2880; x_wconf 90' lang='grc' dir='ltr'>πατρός</span> <span class='ocrx_word' id='word_1_208' title='bbox 387 2803 436 2859; x_wconf 80' lang='grc' dir='ltr'>καί</span> <span class='ocrx_word' id='word_1_209' title='bbox 453 2805 505 2858; x_wconf 89' lang='grc' dir='ltr'>τοῦ</span> <span class='ocrx_word' id='word_1_210' title='bbox 523 2801 587 2858; x_wconf 85' lang='grc' dir='ltr'>υἱοῦ</span> <span class='ocrx_word' id='word_1_211' title='bbox 602 2803 652 2857; x_wconf 85' lang='grc' dir='ltr'>καί</span> <span class='ocrx_word' id='word_1_212' title='bbox 669 2807 721 2858; x_wconf 91' lang='grc' dir='ltr'>τοῦ</span> <span class='ocrx_word' id='word_1_213' title='bbox 738 2801 828 2882; x_wconf 89' lang='grc' dir='ltr'>άγίου</span> <span class='ocrx_word' id='word_1_214' title='bbox 845 2805 1029 2880; x_wconf 86' lang='grc' dir='ltr'>πνεύματος.</span> <span class='ocrx_word' id='word_1_215' title='bbox 1055 2797 1167 2879; x_wconf 75' lang='grc' dir='ltr'>ψευόἐς</span> <span class='ocrx_word' id='word_1_216' title='bbox 1189 2801 1241 2862; x_wconf 87' lang='grc' dir='ltr'>ούν</span> <span class='ocrx_word' id='word_1_217' title='bbox 1257 2806 1309 2862; x_wconf 83' lang='grc' dir='ltr'>καί</span> <span class='ocrx_word' id='word_1_218' title='bbox 1325 2801 1446 2862; x_wconf 87' lang='grc' dir='ltr'>άνόσιον</span> 
     </span>
     <span class='ocr_line' id='line_1_24' title="bbox 253 2901 1447 2994; baseline 0.004 -30"><span class='ocrx_word' id='word_1_219' title='bbox 253 2908 286 2964; x_wconf 87' lang='grc' dir='ltr'>τό</span> <span class='ocrx_word' id='word_1_220' title='bbox 303 2914 364 2966; x_wconf 86' lang='grc' dir='ltr'>τῶν</span> <span class='ocrx_word' id='word_1_221' title='bbox 383 2908 540 2988; x_wconf 83' lang='grc' dir='ltr'>αίρετικῶν</span> <span class='ocrx_word' id='word_1_222' title='bbox 559 2902 723 2987; x_wconf 88' lang='grc' dir='ltr'>βάπτισμα</span> <span class='ocrx_word' id='word_1_223' title='bbox 740 2913 790 2967; x_wconf 88' lang='grc' dir='ltr'>καί</span> <span class='ocrx_word' id='word_1_224' title='bbox 807 2906 861 2992; x_wconf 80' lang='grc' dir='ltr'>ἀφ’</span> <span class='ocrx_word' id='word_1_225' title='bbox 878 2912 967 2988; x_wconf 79' lang='grc' dir='ltr'>ἡμῶν</span> <span class='ocrx_word' id='word_1_226' title='bbox 984 2901 1130 2979; x_wconf 80' lang='grc' dir='ltr'>έξωστέον</span> <span class='ocrx_word' id='word_1_227' title='bbox 1147 2909 1237 2968; x_wconf 86' lang='grc' dir='ltr'>ἐστίν.</span> <span class='ocrx_word' id='word_1_228' title='bbox 1257 2910 1288 2968; x_wconf 82' lang='grc' dir='ltr'>ἐκ</span> <span class='ocrx_word' id='word_1_229' title='bbox 1304 2917 1357 2994; x_wconf 81' lang='grc' dir='ltr'>τοῦ</span> <span class='ocrx_word' id='word_1_230' title='bbox 1375 2913 1447 2969; x_wconf 84' lang='grc' dir='ltr'>στύ-</span> 
     </span>
     <span class='ocr_line' id='line_1_25' title="bbox 251 3013 1447 3097; baseline 0.006 -27"><span class='ocrx_word' id='word_1_231' title='bbox 251 3031 351 3092; x_wconf 86' lang='grc' dir='ltr'>ματος</span> <span class='ocrx_word' id='word_1_232' title='bbox 375 3014 477 3072; x_wconf 77' lang='grc' dir='ltr'>αὐτῶν</span> <span class='ocrx_word' id='word_1_233' title='bbox 495 3015 529 3074; x_wconf 88' lang='grc' dir='ltr'>ού</span> <span class='ocrx_word' id='word_1_234' title='bbox 554 3015 629 3092; x_wconf 69' lang='grc' dir='ltr'>ζωη,</span> <span class='ocrx_word' id='word_1_235' title='bbox 655 3013 733 3075; x_wconf 88' lang='grc' dir='ltr'>άλλά</span> <span class='ocrx_word' id='word_1_236' title='bbox 751 3014 911 3091; x_wconf 80' lang='grc' dir='ltr'>θάνατος,</span> <span class='ocrx_word' id='word_1_237' title='bbox 935 3017 968 3075; x_wconf 87' lang='grc' dir='ltr'>ού</span> <span class='ocrx_word' id='word_1_238' title='bbox 985 3020 1078 3097; x_wconf 89' lang='grc' dir='ltr'>χάρις</span> <span class='ocrx_word' id='word_1_239' title='bbox 1101 3016 1244 3096; x_wconf 79' lang='grc' dir='ltr'>οὐρανία,</span> <span class='ocrx_word' id='word_1_240' title='bbox 1269 3013 1347 3076; x_wconf 79' lang='grc' dir='ltr'>ἀλλὰ</span> <span class='ocrx_word' id='word_1_241' title='bbox 1365 3013 1447 3095; x_wconf 89' lang='grc' dir='ltr'>βλα-</span> 
     </span>
    </p>

    <p class='ocr_par' dir='ltr' id='par_1_7' title="bbox 205 3119 1447 3416">
     <span class='ocr_line' id='line_1_26' title="bbox 205 3119 1447 3205; baseline 0.007 -31"><span class='ocrx_word' id='word_1_242' title='bbox 205 3135 232 3174; x_wconf 80' lang='grc' dir='ltr'>εο</span> <span class='ocrx_word' id='word_1_243' title='bbox 252 3124 372 3203; x_wconf 84' lang='grc' dir='ltr'>σφημία</span> <span class='ocrx_word' id='word_1_244' title='bbox 397 3121 591 3201; x_wconf 84' lang='grc' dir='ltr'>ἐκπέμπεται.</span> <span class='ocrx_word' id='word_1_245' title='bbox 625 3119 676 3181; x_wconf 84' lang='grc' dir='ltr'>ὀιόι</span> <span class='ocrx_word' id='word_1_246' title='bbox 706 3129 795 3182; x_wconf 88' lang='grc' dir='ltr'>τοῦτο</span> <span class='ocrx_word' id='word_1_247' title='bbox 825 3127 896 3192; x_wconf 87' lang='grc' dir='ltr'>τούς</span> <span class='ocrx_word' id='word_1_248' title='bbox 927 3125 1094 3205; x_wconf 87' lang='grc' dir='ltr'>αίρετικούς</span> <span class='ocrx_word' id='word_1_249' title='bbox 1119 3124 1305 3204; x_wconf 90' lang='grc' dir='ltr'>ἐρχομένους</span> <span class='ocrx_word' id='word_1_250' title='bbox 1327 3126 1370 3193; x_wconf 83' lang='grc' dir='ltr'>είς</span> <span class='ocrx_word' id='word_1_251' title='bbox 1392 3129 1447 3192; x_wconf 82' lang='grc' dir='ltr'>τὴν</span> 
     </span>
     <span class='ocr_line' id='line_1_27' title="bbox 252 3223 1445 3310; baseline 0.005 -26"><span class='ocrx_word' id='word_1_252' title='bbox 252 3223 407 3296; x_wconf 87' lang='grc' dir='ltr'>ἐκκλησίαν</span> <span class='ocrx_word' id='word_1_253' title='bbox 430 3226 519 3310; x_wconf 83' lang='grc' dir='ltr'>ὀρθῷ</span> <span class='ocrx_word' id='word_1_254' title='bbox 536 3230 586 3288; x_wconf 88' lang='grc' dir='ltr'>καί</span> <span class='ocrx_word' id='word_1_255' title='bbox 604 3226 758 3305; x_wconf 82' lang='grc' dir='ltr'>καθολικῷ</span> <span class='ocrx_word' id='word_1_256' title='bbox 777 3225 970 3310; x_wconf 84' lang='grc' dir='ltr'>βαπτίσματι</span> <span class='ocrx_word' id='word_1_257' title='bbox 987 3225 1202 3309; x_wconf 85' lang='grc' dir='ltr'>βαπτίζεσθαι</span> <span class='ocrx_word' id='word_1_258' title='bbox 1220 3226 1274 3306; x_wconf 85' lang='grc' dir='ltr'>ὀεί,</span> <span class='ocrx_word' id='word_1_259' title='bbox 1292 3231 1343 3290; x_wconf 90' lang='grc' dir='ltr'>ίνα</span> <span class='ocrx_word' id='word_1_260' title='bbox 1362 3232 1445 3290; x_wconf 84' lang='grc' dir='ltr'>ἀπο-</span> 
     </span>
     <span class='ocr_line' id='line_1_28' title="bbox 251 3333 888 3416; baseline 0.006 -24"><span class='ocrx_word' id='word_1_261' title='bbox 251 3333 408 3414; x_wconf 76' lang='grc' dir='ltr'>νιψάμενοι</span> <span class='ocrx_word' id='word_1_262' title='bbox 425 3337 485 3404; x_wconf 88' lang='grc' dir='ltr'>τάς</span> <span class='ocrx_word' id='word_1_263' title='bbox 501 3335 659 3416; x_wconf 86' lang='grc' dir='ltr'>ἁμαρτίας</span> <span class='ocrx_word' id='word_1_264' title='bbox 676 3334 888 3415; x_wconf 84' lang='grc' dir='ltr'>άγιοισθῶσιν.</span> 
     </span>
    </p>

    <p class='ocr_par' dir='ltr' id='par_1_8' title="bbox 252 3425 1506 3635">
     <span class='ocr_line' id='line_1_29' title="bbox 252 3425 1506 3531; baseline 0.003 -31"><span class='ocrx_word' id='word_1_265' title='bbox 252 3436 399 3519; x_wconf 89' lang='grc' dir='ltr'>Λέβωσος</span> <span class='ocrx_word' id='word_1_266' title='bbox 420 3442 481 3500; x_wconf 84' lang='grc' dir='ltr'>ἀπὸ</span> <span class='ocrx_word' id='word_1_267' title='bbox 506 3440 690 3523; x_wconf 87' lang='grc' dir='ltr'>Σουργάσης</span> <span class='ocrx_word' id='word_1_268' title='bbox 717 3441 806 3502; x_wconf 81' lang='grc' dir='ltr'>εἶπεν·</span> <span class='ocrx_word' id='word_1_269' title='bbox 841 3442 895 3502; x_wconf 89' lang='grc' dir='ltr'>Ἐν</span> <span class='ocrx_word' id='word_1_270' title='bbox 922 3425 965 3521; x_wconf 83' lang='grc' dir='ltr'>τῷ</span> <span class='ocrx_word' id='word_1_271' title='bbox 988 3442 1157 3526; x_wconf 75' lang='grc' dir='ltr'>εὐαγγελίῳ</span> <span class='ocrx_word' id='word_1_272' title='bbox 1183 3446 1198 3505; x_wconf 88' lang='grc' dir='ltr'>ὀ</span> <span class='ocrx_word' id='word_1_273' title='bbox 1220 3448 1322 3528; x_wconf 88' lang='grc' dir='ltr'>κύριός</span> <span class='ocrx_word' id='word_1_274' title='bbox 1344 3466 1446 3531; x_wconf 85' lang='grc' dir='ltr'>φησιν·</span> <span class='ocrx_word' id='word_1_275' title='bbox 1466 3445 1506 3508; x_wconf 85' lang='grc' dir='ltr'>λιι</span> 
     </span>
     <span class='ocr_line' id='line_1_30' title="bbox 252 3546 1447 3635; baseline 0.005 -29"><span class='ocrx_word' id='word_1_276' title='bbox 252 3548 315 3628; x_wconf 83' lang='grc' dir='ltr'>ἐγώ</span> <span class='ocrx_word' id='word_1_277' title='bbox 337 3549 394 3627; x_wconf 87' lang='grc' dir='ltr'>είμι</span> <span class='ocrx_word' id='word_1_278' title='bbox 420 3550 439 3615; x_wconf 78' lang='grc' dir='ltr'><em>ἡ</em></span> <span class='ocrx_word' id='word_1_279' title='bbox 463 3546 616 3624; x_wconf 67' lang='grc' dir='ltr'>ἀλήθεια,</span> <span class='ocrx_word' id='word_1_280' title='bbox 640 3550 718 3607; x_wconf 84' lang='grc' dir='ltr'>ὥστε</span> <span class='ocrx_word' id='word_1_281' title='bbox 742 3548 1017 3634; x_wconf 82' lang='grc' dir='ltr'>άποκοιλνφθείσης</span> <span class='ocrx_word' id='word_1_282' title='bbox 1039 3561 1095 3621; x_wconf 79' lang='grc' dir='ltr'>τῆς</span> <span class='ocrx_word' id='word_1_283' title='bbox 1116 3549 1272 3621; x_wconf 86' lang='grc' dir='ltr'>ἀληθείας</span> <span class='ocrx_word' id='word_1_284' title='bbox 1290 3571 1447 3635; x_wconf 87' lang='grc' dir='ltr'>παραχω-</span> 
     </span>
    </p>

    <p class='ocr_par' dir='ltr' id='par_1_9' title="bbox 124 3655 1449 3742">
     <span class='ocr_line' id='line_1_31' title="bbox 124 3655 1449 3742; baseline 0.008 -32"><span class='ocrx_word' id='word_1_285' title='bbox 124 3683 128 3692; x_wconf 89' lang='grc'><strong><em>·</em></strong></span> <span class='ocrx_word' id='word_1_286' title='bbox 207 3672 234 3710; x_wconf 86' lang='grc' dir='ltr'>ιο</span> <span class='ocrx_word' id='word_1_287' title='bbox 251 3661 342 3737; x_wconf 87' lang='grc' dir='ltr'>ρείτω</span> <span class='ocrx_word' id='word_1_288' title='bbox 364 3659 383 3724; x_wconf 75' lang='grc' dir='ltr'><em>ἡ</em></span> <span class='ocrx_word' id='word_1_289' title='bbox 408 3655 579 3732; x_wconf 72' lang='grc' dir='ltr'>συνήθεια,</span> <span class='ocrx_word' id='word_1_290' title='bbox 606 3657 671 3732; x_wconf 75' lang='grc' dir='ltr'>ἵνα,</span> <span class='ocrx_word' id='word_1_291' title='bbox 696 3657 721 3715; x_wconf 85' lang='grc' dir='ltr'>εί</span> <span class='ocrx_word' id='word_1_292' title='bbox 743 3662 793 3716; x_wconf 88' lang='grc' dir='ltr'>καί</span> <span class='ocrx_word' id='word_1_293' title='bbox 816 3661 850 3716; x_wconf 93' lang='grc' dir='ltr'>τό</span> <span class='ocrx_word' id='word_1_294' title='bbox 873 3661 1017 3742; x_wconf 78' lang='grc' dir='ltr'>πρότερον</span> <span class='ocrx_word' id='word_1_295' title='bbox 1041 3679 1087 3728; x_wconf 89' lang='grc' dir='ltr'>τις</span> <span class='ocrx_word' id='word_1_296' title='bbox 1110 3663 1139 3720; x_wconf 87' lang='grc' dir='ltr'>ἐν</span> <span class='ocrx_word' id='word_1_297' title='bbox 1162 3672 1199 3739; x_wconf 77' lang='grc' dir='ltr'>τῇ</span> <span class='ocrx_word' id='word_1_298' title='bbox 1222 3659 1362 3738; x_wconf 81' lang='grc' dir='ltr'>ἐκκλησία</span> <span class='ocrx_word' id='word_1_299' title='bbox 1378 3666 1449 3731; x_wconf 90' lang='grc' dir='ltr'>τούς</span> 
     </span>
    </p>

    <p class='ocr_par' dir='ltr' id='par_1_10' title="bbox 252 3759 886 3846">
     <span class='ocr_line' id='line_1_32' title="bbox 252 3759 886 3846; baseline 0.003 -24"><span class='ocrx_word' id='word_1_300' title='bbox 252 3765 419 3845; x_wconf 89' lang='grc' dir='ltr'>αίρετικούς</span> <span class='ocrx_word' id='word_1_301' title='bbox 435 3767 478 3842; x_wconf 90' lang='grc' dir='ltr'>μὴ</span> <span class='ocrx_word' id='word_1_302' title='bbox 496 3759 650 3842; x_wconf 82' lang='grc' dir='ltr'>έβάπτισε</span> <span class='ocrx_word' id='word_1_303' title='bbox 672 3773 722 3822; x_wconf 88' lang='grc' dir='ltr'>νύν</span> <span class='ocrx_word' id='word_1_304' title='bbox 740 3760 886 3846; x_wconf 81' lang='grc' dir='ltr'>βαπτίση.</span> 
     </span>
    </p>

    <p class='ocr_par' dir='ltr' id='par_1_11' title="bbox 335 3901 1447 3963">
     <span class='ocr_line' id='line_1_33' title="bbox 335 3901 1447 3963; baseline 0.004 -20"><span class='ocrx_word' id='word_1_305' title='bbox 335 3907 383 3944; x_wconf 75' lang='lat'>1.2</span> <span class='ocrx_word' id='word_1_306' title='bbox 404 3903 434 3958; x_wconf 79' lang='grc' dir='ltr'>μὴ</span> <span class='ocrx_word' id='word_1_307' title='bbox 455 3902 580 3957; x_wconf 63' lang='grc' dir='ltr'>μόνονεττί</span> <span class='ocrx_word' id='word_1_308' title='bbox 594 3917 620 3946; x_wconf 80' lang='grc' dir='ltr'>ιν</span> <span class='ocrx_word' id='word_1_309' title='bbox 634 3906 659 3944; x_wconf 88' lang='lat' dir='ltr'>P.</span> <span class='ocrx_word' id='word_1_310' title='bbox 676 3927 702 3936; x_wconf 93' lang='lat'>-</span> <span class='ocrx_word' id='word_1_311' title='bbox 722 3907 771 3946; x_wconf 75' lang='grc'>8-4</span> <span class='ocrx_word' id='word_1_312' title='bbox 793 3901 853 3951; x_wconf 70' lang='grc' dir='ltr'>ὅπως</span> <span class='ocrx_word' id='word_1_313' title='bbox 867 3904 882 3960; x_wconf 75' lang='grc' dir='ltr'><strong>ἡ</strong></span> <span class='ocrx_word' id='word_1_314' title='bbox 898 3901 941 3956; x_wconf 76' lang='grc' dir='ltr'>έξω</span> <span class='ocrx_word' id='word_1_315' title='bbox 960 3905 1069 3963; x_wconf 73' lang='grc' dir='ltr'>γενομένη</span> <span class='ocrx_word' id='word_1_316' title='bbox 1085 3904 1206 3961; x_wconf 71' lang='grc' dir='ltr'>διαστροφὴ</span> <span class='ocrx_word' id='word_1_317' title='bbox 1222 3904 1255 3947; x_wconf 64' lang='lat' dir='ltr'>kx.</span> <span class='ocrx_word' id='word_1_318' title='bbox 1276 3908 1301 3946; x_wconf 84' lang='lat' dir='ltr'>P.</span> <span class='ocrx_word' id='word_1_319' title='bbox 1318 3927 1345 3938; x_wconf 87' lang='lat'>-</span> <span class='ocrx_word' id='word_1_320' title='bbox 1365 3909 1379 3948; x_wconf 73' lang='lat'><em>4</em></span> <span class='ocrx_word' id='word_1_321' title='bbox 1398 3911 1447 3962; x_wconf 73' lang='grc' dir='ltr'>παρ’</span> 
     </span>
    </p>

    <p class='ocr_par' dir='ltr' id='par_1_12' title="bbox 252 3973 1448 4034">
     <span class='ocr_line' id='line_1_34' title="bbox 252 3973 1448 4034; baseline 0.003 -19"><span class='ocrx_word' id='word_1_322' title='bbox 252 3973 306 4029; x_wconf 73' lang='grc' dir='ltr'>ἡμῖν</span> <span class='ocrx_word' id='word_1_323' title='bbox 315 3988 341 4016; x_wconf 81' lang='grc' dir='ltr'>ιν</span> <span class='ocrx_word' id='word_1_324' title='bbox 351 3978 376 4015; x_wconf 94' lang='grc' dir='ltr'>Ρ.</span> <span class='ocrx_word' id='word_1_325' title='bbox 387 3997 414 4006; x_wconf 92' lang='lat'>-</span> <span class='ocrx_word' id='word_1_326' title='bbox 423 3979 494 4018; x_wconf 68' lang='grc' dir='ltr'>ύυονά</span> <span class='ocrx_word' id='word_1_327' title='bbox 504 3973 591 4032; x_wconf 78' lang='grc' dir='ltr'>Οίλέγιι</span> <span class='ocrx_word' id='word_1_328' title='bbox 601 3989 626 4018; x_wconf 79' lang='grc' dir='ltr'>ιν</span> <span class='ocrx_word' id='word_1_329' title='bbox 636 3978 661 4016; x_wconf 92' lang='grc' dir='ltr'>Ρ.</span> <span class='ocrx_word' id='word_1_330' title='bbox 672 3979 722 4017; x_wconf 79' lang='grc'>-6</span> <span class='ocrx_word' id='word_1_331' title='bbox 736 3977 806 4018; x_wconf 75' lang='lat' dir='ltr'>Sim.</span> <span class='ocrx_word' id='word_1_332' title='bbox 818 3979 887 4018; x_wconf 75' lang='lat' dir='ltr'>mlv</span> <span class='ocrx_word' id='word_1_333' title='bbox 897 3979 932 4018; x_wconf 73' lang='lat'>³0.</span> <span class='ocrx_word' id='word_1_334' title='bbox 947 3980 977 4018; x_wconf 80' lang='grc' dir='ltr'>οί.</span> <span class='ocrx_word' id='word_1_335' title='bbox 994 3979 1096 4020; x_wconf 78' lang='grc' dir='ltr'>Οοτίοέίκ.</span> <span class='ocrx_word' id='word_1_336' title='bbox 1107 3981 1118 4018; x_wconf 93' lang='lat'>1</span> <span class='ocrx_word' id='word_1_337' title='bbox 1134 3991 1163 4019; x_wconf 80' lang='grc' dir='ltr'>ιτ</span> <span class='ocrx_word' id='word_1_338' title='bbox 1174 3980 1208 4020; x_wconf 74' lang='lat'>29.</span> <span class='ocrx_word' id='word_1_339' title='bbox 1219 3999 1246 4008; x_wconf 99' lang='lat'>-</span> <span class='ocrx_word' id='word_1_340' title='bbox 1261 3980 1272 4018; x_wconf 81' lang='grc'><strong>7</strong></span> <span class='ocrx_word' id='word_1_341' title='bbox 1288 3976 1408 4034; x_wconf 78' lang='grc' dir='ltr'>ὠφελεῖται</span> <span class='ocrx_word' id='word_1_342' title='bbox 1418 3983 1448 4020; x_wconf 81' lang='grc' dir='ltr'>Μ.</span> 
     </span>
    </p>

    <p class='ocr_par' dir='ltr' id='par_1_13' title="bbox 254 4045 1449 4104">
     <span class='ocr_line' id='line_1_35' title="bbox 254 4045 1449 4104; baseline 0.003 -16"><span class='ocrx_word' id='word_1_343' title='bbox 254 4067 278 4075; x_wconf 88' lang='grc'><strong>-</strong></span> <span class='ocrx_word' id='word_1_344' title='bbox 292 4049 306 4088; x_wconf 83' lang='lat'><strong>8</strong></span> <span class='ocrx_word' id='word_1_345' title='bbox 319 4045 360 4102; x_wconf 75' lang='grc' dir='ltr'>γάρ</span> <span class='ocrx_word' id='word_1_346' title='bbox 374 4059 400 4088; x_wconf 79' lang='grc' dir='ltr'>ιν</span> <span class='ocrx_word' id='word_1_347' title='bbox 415 4049 441 4088; x_wconf 91' lang='grc' dir='ltr'>Ρ.</span> <span class='ocrx_word' id='word_1_348' title='bbox 456 4069 483 4078; x_wconf 99' lang='grc'>-</span> <span class='ocrx_word' id='word_1_349' title='bbox 496 4050 517 4088; x_wconf 86' lang='grc'>8.</span> <span class='ocrx_word' id='word_1_350' title='bbox 534 4051 547 4088; x_wconf 85' lang='grc'>9</span> <span class='ocrx_word' id='word_1_351' title='bbox 561 4047 618 4102; x_wconf 78' lang='grc' dir='ltr'>καρὰ</span> <span class='ocrx_word' id='word_1_352' title='bbox 632 4049 678 4092; x_wconf 86' lang='grc' dir='ltr'>τοῖς</span> <span class='ocrx_word' id='word_1_353' title='bbox 693 4047 812 4102; x_wconf 80' lang='grc' dir='ltr'>αίρετικοῑς</span> <span class='ocrx_word' id='word_1_354' title='bbox 827 4049 846 4102; x_wconf 89' lang='grc' dir='ltr'>β.</span> <span class='ocrx_word' id='word_1_355' title='bbox 863 4052 888 4090; x_wconf 87' lang='grc' dir='ltr'>Ρ.</span> <span class='ocrx_word' id='word_1_356' title='bbox 903 4071 931 4079; x_wconf 99' lang='grc'>-</span> <span class='ocrx_word' id='word_1_357' title='bbox 945 4052 958 4090; x_wconf 80' lang='grc' dir='ltr'>ύ</span> <span class='ocrx_word' id='word_1_358' title='bbox 972 4047 1006 4090; x_wconf 76' lang='grc' dir='ltr'>διὰ</span> <span class='ocrx_word' id='word_1_359' title='bbox 1020 4052 1060 4102; x_wconf 79' lang='grc' dir='ltr'>τῆς</span> <span class='ocrx_word' id='word_1_360' title='bbox 1074 4053 1097 4090; x_wconf 74' lang='grc' dir='ltr'>οε</span> <span class='ocrx_word' id='word_1_361' title='bbox 1110 4047 1156 4089; x_wconf 84' lang='grc' dir='ltr'>τῶν</span> <span class='ocrx_word' id='word_1_362' title='bbox 1170 4061 1196 4092; x_wconf 84' lang='grc' dir='ltr'>ιν</span> <span class='ocrx_word' id='word_1_363' title='bbox 1209 4051 1235 4090; x_wconf 93' lang='grc' dir='ltr'>Ρ.</span> <span class='ocrx_word' id='word_1_364' title='bbox 1251 4071 1278 4080; x_wconf 92' lang='grc'><strong>-</strong></span> <span class='ocrx_word' id='word_1_365' title='bbox 1293 4048 1329 4104; x_wconf 78' lang='grc' dir='ltr'>άμ</span> <span class='ocrx_word' id='word_1_366' title='bbox 1345 4053 1381 4092; x_wconf 76' lang='grc' dir='ltr'>τοι</span> <span class='ocrx_word' id='word_1_367' title='bbox 1396 4052 1449 4092; x_wconf 79' lang='grc' dir='ltr'>τίω-</span> 
     </span>
    </p>

    <p class='ocr_par' dir='ltr' id='par_1_14' title="bbox 252 4116 1450 4172">
     <span class='ocr_line' id='line_1_36' title="bbox 252 4116 1450 4172; baseline 0.008 -16"><span class='ocrx_word' id='word_1_368' title='bbox 252 4117 300 4160; x_wconf 82' lang='grc' dir='ltr'>νίου</span> <span class='ocrx_word' id='word_1_369' title='bbox 315 4119 340 4157; x_wconf 89' lang='grc' dir='ltr'>Ρ.</span> <span class='ocrx_word' id='word_1_370' title='bbox 355 4139 383 4147; x_wconf 98' lang='grc'>-</span> <span class='ocrx_word' id='word_1_371' title='bbox 398 4121 472 4160; x_wconf 68' lang='grc' dir='ltr'>ιύψίύ</span> <span class='ocrx_word' id='word_1_372' title='bbox 488 4116 587 4161; x_wconf 54' lang='lat' dir='ltr'>&amp;amm</span> <span class='ocrx_word' id='word_1_373' title='bbox 601 4133 627 4160; x_wconf 81' lang='grc' dir='ltr'>ιν</span> <span class='ocrx_word' id='word_1_374' title='bbox 641 4122 667 4159; x_wconf 89' lang='grc' dir='ltr'>Ρ.</span> <span class='ocrx_word' id='word_1_375' title='bbox 685 4141 716 4164; x_wconf 36' lang='lat'>2-</span> <span class='ocrx_word' id='word_1_376' title='bbox 737 4124 760 4161; x_wconf 87' lang='lat' dir='ltr'>n</span> <span class='ocrx_word' id='word_1_377' title='bbox 776 4121 841 4162; x_wconf 84' lang='grc' dir='ltr'>τοῦτο</span> <span class='ocrx_word' id='word_1_378' title='bbox 856 4123 892 4162; x_wconf 70' lang='lat' dir='ltr'>bis</span> <span class='ocrx_word' id='word_1_379' title='bbox 906 4123 937 4162; x_wconf 68' lang='grc' dir='ltr'>Μ.</span> <span class='ocrx_word' id='word_1_380' title='bbox 954 4143 980 4152; x_wconf 94' lang='grc'>-</span> <span class='ocrx_word' id='word_1_381' title='bbox 996 4124 1021 4160; x_wconf 73' lang='lat'>12</span> <span class='ocrx_word' id='word_1_382' title='bbox 1036 4119 1050 4172; x_wconf 75' lang='grc' dir='ltr'>ἦ</span> <span class='ocrx_word' id='word_1_383' title='bbox 1065 4122 1101 4160; x_wconf 77' lang='grc' dir='ltr'>καί</span> <span class='ocrx_word' id='word_1_384' title='bbox 1116 4122 1135 4168; x_wconf 77' lang='grc' dir='ltr'>ζ.</span> <span class='ocrx_word' id='word_1_385' title='bbox 1151 4123 1175 4160; x_wconf 90' lang='grc' dir='ltr'>Ρ.</span> <span class='ocrx_word' id='word_1_386' title='bbox 1191 4143 1218 4150; x_wconf 97' lang='grc'>-</span> <span class='ocrx_word' id='word_1_387' title='bbox 1234 4122 1281 4164; x_wconf 69' lang='lat'>1³*</span> <span class='ocrx_word' id='word_1_388' title='bbox 1292 4125 1328 4164; x_wconf 76' lang='grc' dir='ltr'>καί</span> <span class='ocrx_word' id='word_1_389' title='bbox 1342 4136 1367 4164; x_wconf 78' lang='grc' dir='ltr'>ιν</span> <span class='ocrx_word' id='word_1_390' title='bbox 1381 4124 1407 4165; x_wconf 83' lang='lat' dir='ltr'>P.</span> <span class='ocrx_word' id='word_1_391' title='bbox 1423 4146 1450 4154; x_wconf 96' lang='lat'><em>-</em></span> 
     </span>
    </p>

    <p class='ocr_par' dir='ltr' id='par_1_15' title="bbox 253 4186 1451 4249">
     <span class='ocr_line' id='line_1_37' title="bbox 253 4186 1451 4249; baseline 0.007 -21"><span class='ocrx_word' id='word_1_392' title='bbox 253 4191 280 4228; x_wconf 75' lang='lat'>14</span> <span class='ocrx_word' id='word_1_393' title='bbox 294 4186 419 4241; x_wconf 76' lang='grc' dir='ltr'>ὀφείλουσιν</span> <span class='ocrx_word' id='word_1_394' title='bbox 429 4191 454 4229; x_wconf 91' lang='grc' dir='ltr'>Ρ.</span> <span class='ocrx_word' id='word_1_395' title='bbox 465 4211 492 4220; x_wconf 90' lang='lat'>·-</span> <span class='ocrx_word' id='word_1_396' title='bbox 508 4193 533 4232; x_wconf 80' lang='lat'>15</span> <span class='ocrx_word' id='word_1_397' title='bbox 547 4203 589 4244; x_wconf 78' lang='grc' dir='ltr'>αρτ</span> <span class='ocrx_word' id='word_1_398' title='bbox 602 4193 626 4231; x_wconf 83' lang='lat' dir='ltr'>ln</span> <span class='ocrx_word' id='word_1_399' title='bbox 641 4193 750 4232; x_wconf 77' lang='grc' dir='ltr'>νοοεουίο</span> <span class='ocrx_word' id='word_1_400' title='bbox 765 4189 959 4249; x_wconf 74' lang='grc' dir='ltr'>πορττεμπόμενος</span> <span class='ocrx_word' id='word_1_401' title='bbox 973 4204 1002 4233; x_wconf 83' lang='grc' dir='ltr'>ει</span> <span class='ocrx_word' id='word_1_402' title='bbox 1015 4194 1113 4232; x_wconf 69' lang='lat' dir='ltr'>editione</span> <span class='ocrx_word' id='word_1_403' title='bbox 1127 4193 1248 4242; x_wconf 70' lang='lat' dir='ltr'>puniam</span> <span class='ocrx_word' id='word_1_404' title='bbox 1262 4197 1363 4245; x_wconf 75' lang='lat' dir='ltr'>petitum,</span> <span class='ocrx_word' id='word_1_405' title='bbox 1380 4197 1451 4236; x_wconf 79' lang='grc' dir='ltr'>οοάοι</span> 
     </span>
    </p>

    <p class='ocr_par' dir='ltr' id='par_1_16' title="bbox 252 4260 1451 4323">
     <span class='ocr_line' id='line_1_38' title="bbox 252 4260 1451 4323; baseline 0.008 -24"><span class='ocrx_word' id='word_1_406' title='bbox 252 4261 313 4300; x_wconf 71' lang='lat' dir='ltr'>honr</span> <span class='ocrx_word' id='word_1_407' title='bbox 327 4261 370 4300; x_wconf 76' lang='lat' dir='ltr'>hoc</span> <span class='ocrx_word' id='word_1_408' title='bbox 384 4263 441 4302; x_wconf 80' lang='grc' dir='ltr'>ίοοο.</span> <span class='ocrx_word' id='word_1_409' title='bbox 458 4281 485 4292; x_wconf 90' lang='grc'>-</span> <span class='ocrx_word' id='word_1_410' title='bbox 497 4273 534 4302; x_wconf 80' lang='grc' dir='ltr'>κοι</span> <span class='ocrx_word' id='word_1_411' title='bbox 548 4264 576 4323; x_wconf 69' lang='grc' dir='ltr'>τῇ</span> <span class='ocrx_word' id='word_1_412' title='bbox 592 4260 668 4316; x_wconf 63' lang='lat' dir='ltr'><strong>mnf).</strong></span> <span class='ocrx_word' id='word_1_413' title='bbox 684 4264 709 4302; x_wconf 91' lang='grc' dir='ltr'>Ρ.</span> <span class='ocrx_word' id='word_1_414' title='bbox 725 4285 752 4294; x_wconf 94' lang='grc'>-</span> <span class='ocrx_word' id='word_1_415' title='bbox 775 4267 801 4305; x_wconf 81' lang='lat'>16</span> <span class='ocrx_word' id='word_1_416' title='bbox 816 4264 873 4305; x_wconf 74' lang='grc' dir='ltr'>έττιν</span> <span class='ocrx_word' id='word_1_417' title='bbox 886 4275 913 4304; x_wconf 79' lang='grc' dir='ltr'>ιν</span> <span class='ocrx_word' id='word_1_418' title='bbox 927 4266 952 4314; x_wconf 85' lang='grc' dir='ltr'>Ρ,</span> <span class='ocrx_word' id='word_1_419' title='bbox 968 4265 1037 4304; x_wconf 66' lang='lat' dir='ltr'>habet</span> <span class='ocrx_word' id='word_1_420' title='bbox 1051 4275 1073 4314; x_wconf 77' lang='lat' dir='ltr'>g.</span> <span class='ocrx_word' id='word_1_421' title='bbox 1088 4283 1115 4294; x_wconf 93' lang='lat'>-</span> <span class='ocrx_word' id='word_1_422' title='bbox 1130 4265 1154 4304; x_wconf 72' lang='lat'>17</span> <span class='ocrx_word' id='word_1_423' title='bbox 1170 4263 1210 4305; x_wconf 85' lang='grc' dir='ltr'>σύκ</span> <span class='ocrx_word' id='word_1_424' title='bbox 1223 4276 1249 4305; x_wconf 81' lang='grc' dir='ltr'>ιν</span> <span class='ocrx_word' id='word_1_425' title='bbox 1264 4267 1289 4305; x_wconf 91' lang='grc' dir='ltr'>Ρ.</span> <span class='ocrx_word' id='word_1_426' title='bbox 1306 4265 1345 4306; x_wconf 84' lang='grc' dir='ltr'>ούι</span> <span class='ocrx_word' id='word_1_427' title='bbox 1360 4268 1451 4308; x_wconf 76' lang='grc' dir='ltr'>τίάοέιιε</span> 
     </span>
    </p>

    <p class='ocr_par' dir='ltr' id='par_1_17' title="bbox 252 4332 1451 4461">
     <span class='ocr_line' id='line_1_39' title="bbox 252 4332 1449 4388; baseline 0.006 -16"><span class='ocrx_word' id='word_1_428' title='bbox 252 4333 428 4382; x_wconf 66' lang='lat' dir='ltr'>influmine,</span> <span class='ocrx_word' id='word_1_429' title='bbox 444 4337 515 4375; x_wconf 79' lang='grc' dir='ltr'>οοάει</span> <span class='ocrx_word' id='word_1_430' title='bbox 528 4336 571 4376; x_wconf 76' lang='lat' dir='ltr'>hoe</span> <span class='ocrx_word' id='word_1_431' title='bbox 586 4337 635 4375; x_wconf 83' lang='lat' dir='ltr'>loco</span> <span class='ocrx_word' id='word_1_432' title='bbox 650 4338 757 4376; x_wconf 77' lang='grc' dir='ltr'>Ιεοοτ.-</span> <span class='ocrx_word' id='word_1_433' title='bbox 770 4333 830 4388; x_wconf 73' lang='grc' dir='ltr'>*πρὸ</span> <span class='ocrx_word' id='word_1_434' title='bbox 844 4338 908 4376; x_wconf 93' lang='grc' dir='ltr'>Ρ.-</span> <span class='ocrx_word' id='word_1_435' title='bbox 921 4334 959 4376; x_wconf 77' lang='grc' dir='ltr'>τὸν</span> <span class='ocrx_word' id='word_1_436' title='bbox 972 4337 1032 4376; x_wconf 80' lang='grc' dir='ltr'>ιυΡ.</span> <span class='ocrx_word' id='word_1_437' title='bbox 1049 4356 1076 4364; x_wconf 95' lang='grc'><strong>-</strong></span> <span class='ocrx_word' id='word_1_438' title='bbox 1092 4337 1116 4377; x_wconf 77' lang='lat'>18</span> <span class='ocrx_word' id='word_1_439' title='bbox 1131 4332 1206 4376; x_wconf 76' lang='grc' dir='ltr'>Θυνῶν</span> <span class='ocrx_word' id='word_1_440' title='bbox 1221 4338 1332 4378; x_wconf 81' lang='grc' dir='ltr'>Ρ.-πεν</span> <span class='ocrx_word' id='word_1_441' title='bbox 1347 4340 1371 4379; x_wconf 79' lang='lat' dir='ltr'>ln</span> <span class='ocrx_word' id='word_1_442' title='bbox 1384 4351 1449 4380; x_wconf 78' lang='grc' dir='ltr'>νοοε·</span> 
     </span>
     <span class='ocr_line' id='line_1_40' title="bbox 253 4403 1451 4461; baseline 0.005 -17"><span class='ocrx_word' id='word_1_443' title='bbox 253 4406 308 4445; x_wconf 81' lang='lat' dir='ltr'>bulo</span> <span class='ocrx_word' id='word_1_444' title='bbox 323 4403 383 4446; x_wconf 76' lang='grc' dir='ltr'>εἶπεν</span> <span class='ocrx_word' id='word_1_445' title='bbox 397 4407 461 4446; x_wconf 68' lang='lat' dir='ltr'>obeat</span> <span class='ocrx_word' id='word_1_446' title='bbox 475 4417 488 4446; x_wconf 81' lang='grc' dir='ltr'>ε</span> <span class='ocrx_word' id='word_1_447' title='bbox 503 4408 591 4453; x_wconf 71' lang='lat' dir='ltr'>codice.</span> <span class='ocrx_word' id='word_1_448' title='bbox 614 4407 652 4457; x_wconf 73' lang='lat' dir='ltr'>qui</span> <span class='ocrx_word' id='word_1_449' title='bbox 666 4408 708 4447; x_wconf 76' lang='lat' dir='ltr'>hoe</span> <span class='ocrx_word' id='word_1_450' title='bbox 724 4411 772 4448; x_wconf 84' lang='grc' dir='ltr'>Ιοοο</span> <span class='ocrx_word' id='word_1_451' title='bbox 797 4410 857 4448; x_wconf 82' lang='grc' dir='ltr'>Ιεοοτ</span> <span class='ocrx_word' id='word_1_452' title='bbox 871 4411 912 4448; x_wconf 74' lang='lat' dir='ltr'>eut·</span> <span class='ocrx_word' id='word_1_453' title='bbox 928 4405 975 4448; x_wconf 81' lang='grc' dir='ltr'>τίετε</span> <span class='ocrx_word' id='word_1_454' title='bbox 1000 4409 1026 4448; x_wconf 90' lang='grc' dir='ltr'>Ρ.</span> <span class='ocrx_word' id='word_1_455' title='bbox 1048 4427 1074 4436; x_wconf 91' lang='lat'>-—</span> <span class='ocrx_word' id='word_1_456' title='bbox 1100 4409 1175 4450; x_wconf 65' lang='lat' dir='ltr'>lmb</span> <span class='ocrx_word' id='word_1_457' title='bbox 1196 4405 1328 4461; x_wconf 62' lang='grc' dir='ltr'>Τὴνετούτο</span> <span class='ocrx_word' id='word_1_458' title='bbox 1343 4421 1369 4450; x_wconf 76' lang='grc' dir='ltr'>ιν</span> <span class='ocrx_word' id='word_1_459' title='bbox 1383 4413 1407 4450; x_wconf 90' lang='grc' dir='ltr'>Ρ.</span> <span class='ocrx_word' id='word_1_460' title='bbox 1425 4433 1451 4442; x_wconf 94' lang='grc'>-</span> 
     </span>
    </p>
   </div>
   <div class='ocr_carea' id='block_1_3' title="bbox 252 4476 1451 4590">
    <p class='ocr_par' dir='ltr' id='par_1_18' title="bbox 252 4476 1451 4590">
     <span class='ocr_line' id='line_1_41' title="bbox 252 4476 1451 4538; baseline 0.006 -22"><span class='ocrx_word' id='word_1_461' title='bbox 252 4477 280 4516; x_wconf 71' lang='grc'>20</span> <span class='ocrx_word' id='word_1_462' title='bbox 302 4477 381 4516; x_wconf 70' lang='lat' dir='ltr'>mh.</span> <span class='ocrx_word' id='word_1_463' title='bbox 407 4479 477 4518; x_wconf 80' lang='lat' dir='ltr'>nvffl</span> <span class='ocrx_word' id='word_1_464' title='bbox 503 4480 536 4519; x_wconf 79' lang='lat'>19.</span> <span class='ocrx_word' id='word_1_465' title='bbox 560 4499 587 4508; x_wconf 91' lang='lat'>—</span> <span class='ocrx_word' id='word_1_466' title='bbox 612 4479 638 4518; x_wconf 73' lang='lat'>28</span> <span class='ocrx_word' id='word_1_467' title='bbox 663 4476 770 4529; x_wconf 80' lang='grc' dir='ltr'>Λίβνοσοτ</span> <span class='ocrx_word' id='word_1_468' title='bbox 793 4480 818 4519; x_wconf 92' lang='grc' dir='ltr'>Ρ.</span> <span class='ocrx_word' id='word_1_469' title='bbox 844 4501 871 4510; x_wconf 94' lang='grc'>-</span> <span class='ocrx_word' id='word_1_470' title='bbox 894 4476 1008 4536; x_wconf 71' lang='grc' dir='ltr'>Ουρηόσης</span> <span class='ocrx_word' id='word_1_471' title='bbox 1031 4481 1056 4520; x_wconf 88' lang='grc' dir='ltr'>Ρ.</span> <span class='ocrx_word' id='word_1_472' title='bbox 1082 4502 1108 4511; x_wconf 93' lang='grc'>-</span> <span class='ocrx_word' id='word_1_473' title='bbox 1132 4479 1171 4523; x_wconf 84' lang='grc' dir='ltr'>Ἐν</span> <span class='ocrx_word' id='word_1_474' title='bbox 1195 4481 1228 4534; x_wconf 83' lang='grc' dir='ltr'>τῷ</span> <span class='ocrx_word' id='word_1_475' title='bbox 1254 4479 1327 4538; x_wconf 74' lang='grc' dir='ltr'>τίκτῃ.</span> <span class='ocrx_word' id='word_1_476' title='bbox 1344 4492 1369 4523; x_wconf 81' lang='grc' dir='ltr'>τυ</span> <span class='ocrx_word' id='word_1_477' title='bbox 1383 4484 1408 4522; x_wconf 90' lang='grc' dir='ltr'>Ρ.</span> <span class='ocrx_word' id='word_1_478' title='bbox 1425 4504 1451 4513; x_wconf 91' lang='grc'>-</span> 
     </span>
     <span class='ocr_line' id='line_1_42' title="bbox 254 4549 484 4590; baseline 0.004 -3"><span class='ocrx_word' id='word_1_479' title='bbox 254 4549 281 4588; x_wconf 72' lang='grc'>29</span> <span class='ocrx_word' id='word_1_480' title='bbox 294 4549 392 4588; x_wconf 78' lang='lat' dir='ltr'>Jolmm.</span> <span class='ocrx_word' id='word_1_481' title='bbox 409 4551 448 4588; x_wconf 76' lang='lat' dir='ltr'>xlv</span> <span class='ocrx_word' id='word_1_482' title='bbox 463 4551 484 4590; x_wconf 80' lang='grc'>6.</span> 
     </span>
    </p>
   </div>
   <div class='ocr_carea' id='block_1_4' title="bbox 0 0 1588 4976">
    <p class='ocr_par' dir='ltr' id='par_1_19' title="bbox 0 0 1588 4976">
     <span class='ocr_line' id='line_1_43' title="bbox 0 0 1588 4976; baseline 0 0"><span class='ocrx_word' id='word_1_483' title='bbox 0 0 1588 4976; x_wconf 95' lang='lat' dir='ltr'> </span> 
     </span>
    </p>
   </div>
  </div>
 </body>
</html>
