2994 4972
82 407 172 471 ι5-θ
1119 415 1178 484 161

78 574 153 643 '1606
180 575 259 660 γάρ,
298 579 421 662 φησίν,
459 573 594 662 άφίεται
631 571 712 662 ὑμῖν
742 574 761 644 6
788 573 880 658 οἶκος
913 575 1009 665 ὑμῶν
1047 583 1179 668 ἔρημος,

80 679 129 744 καλ
148 676 226 755 δοδς
246 676 304 763 ἐφ’
325 673 412 762 ὑμᾶς
431 676 510 756 τούς
537 680 570 759 ἐξ
598 680 713 746 ἐθνῶν
734 679 799 765 τιΙν
819 680 1051 768 πνευματικὴν
1068 683 1179 767 χάριν,

79 777 117 858 ῶς
136 782 219 864 λέγει
239 780 296 846 διά
314 778 407 866 ’lunia
425 779 491 846 Καὶ
513 783 605 847 ἔσται
627 780 709 866 μετά
731 785 846 866 ταῦτα,
869 783 958 866 λέγει
978 779 1101 866 ὁθεός,
1123 783 1181 850 καλ

79 883 171 966 ἐκχεῶ
190 880 257 949 άπὸ
274 886 337 948 τοῦ
357 879 545 967 πνεύματός
566 906 633 968 μου
658 882 715 949 ἐπὶ
735 888 849 950 πᾶσαν
868 885 994 969 σάρκα,
1017 886 1074 951 καὶ
1095 907 1181 970 προ-

78 984 293 1070 φητεύσουσιν
311 984 347 1050 ολ
358 983 428 1050 υίοδ
448 979 561 1070 ὑμῶν,
592 984 650 1052 καὶ
669 985 709 1050 αδ
724 986 911 1073 θυγατέρες
934 983 1031 1070 ὑμῶν
1049 984 1214 1072 ὀράσειςτ

78 1083 214 1170 ὄνονται,
235 1084 294 1152 καὶ
314 1087 351 1151 ολ
360 1085 584 1172 πρεσβύτεροι
604 1084 701 1172 ὑμῶν
715 1087 860 1154 ἐνύπνια
883 1087 1181 1175 ἐνυπνιασθήσον-

78 1213 132 1254 ται.
168 1193 281 1256 πάσαν
294 1187 360 1275 γάρ
381 1187 529 1274 δύναμιν
548 1189 653 1274 λόγου
675 1189 732 1256 καλ
758 1189 931 1274 ἐνέργειαν
949 1190 1007 1257 καὶ
1028 1190 1091 1276 τὴν
1111 1215 1177 1259 τοι-

77 1291 148 1356 άνδε
168 1288 357 1377 ἐπισκοπὴν
376 1289 508 1376 ἀπάρας
530 1287 549 1358 6
568 1290 650 1370 θεὸς
672 1293 711 1358 ἐκ
729 1295 791 1358 τοῦ
805 1295 906 1374 λαοῦ,
927 1295 975 1369 είς
995 1288 1082 1378 ὑμᾶς
1103 1293 1182 1372 τοδς

78 1394 107 1472 ἐξ
126 1395 234 1459 ἐθνῶν
252 1395 366 1459 ἐθετο·
390 1393 447 1459 διά
461 1392 526 1479 γάρ
549 1397 649 1460 τοῦτο
665 1393 813 1479 ζηλῶσας
834 1392 891 1459 καὶ
908 1389 1101 1480 δδιάβολος
1117 1394 1182 1480 την

77 1491 165 1578 ἁγίαν
184 1499 245 1560 τοῦ
260 1497 350 1560 θεοῦ
367 1495 551 1580 ἐκκλησίαν
567 1497 705 1580 μετέστη
724 1499 771 1573 είς
784 1492 886 1581 ὑμᾶς,
912 1495 1086 1581 ἐπεγείρας
1099 1492 1181 1581 ὑμίν
1200 1516 1233 1568 10

77 1599 210 1674 θλίψεις,
243 1596 430 1681 διωγμοάς,
459 1593 720 1680 άκαταστασίας,
744 1601 975 1683 βλασφημίας,
1005 1601 1180 1682 σχίσματα,

77 1699 213 1784 αἱρέσεις.
260 1697 396 1764 ἐκεῖνον
416 1696 481 1782 γάρ
509 1696 569 1764 τὸν
589 1697 673 1764 λαὸν
701 1699 758 1764 διά
784 1703 843 1784 τῆς
862 1696 1117 1783 χριστοκτονίας
1135 1703 1181 1777 είς

77 1797 183 1866 ἑαυτὸν
195 1795 404 1884 ὑπηγάγετο,
427 1795 514 1884 ὑμᾶς
528 1800 566 1866 δδ
582 1797 795 1877 άποστάντας
805 1797 911 1864 αὐτοῦ
927 1803 987 1882 τῆς
1000 1800 1179 1888 ματαιότη-

76 1923 123 1977 τος
143 1899 260 1968 άλλοτε
282 1898 391 1978 άλλως
412 1901 573 1986 πειράζει,
596 1896 642 1978 ῶς
661 1899 718 1965 καλ
733 1899 792 1966 τδν
812 1899 981 1984 μακάριον
996 1897 1079 1986 Ἰῶβ.
1125 1902 1182 1970 καὶ

76 1999 131 2084 γάρ
154 2001 209 2068 καλ
232 2005 283 2091 τῷ
310 2003 444 2090 μεγάλῳ
473 2001 623 2087 άρχιερεί
645 1999 754 2084 Ἰησοῦ
782 2005 830 2088 τῶ
857 2005 918 2068 τοῦ
942 1999 1091 2070 Ἰωσεδὲκ
1119 2003 1180 2071 άν-
1202 2024 1232 2076 15
1358 2067 1361 2072 .

76 2104 202 2188 τέκειτο,
222 2104 283 2172 καὶ
302 2101 388 2191 ἡμᾶς
408 2104 569 2180 πολλάκις
591 2101 772 2188 ἐξῃτήσατο
790 2102 1064 2190 ἐξυδαρῶθῆναι,
1092 2104 1181 2184 ὅπως

77 2205 199 2294 έκλείτιη
220 2204 241 2294 ἡ
266 2209 377 2282 πίστις
396 2201 507 2290 ἡμῶν·
539 2201 615 2268 ἀλλ’
644 2199 663 2268 6
682 2200 842 2289 ἡμέτερος
865 2205 982 2289 κύριος
1001 2205 1057 2272 καλ
1084 2207 1182 2272 διδά-

77 2312 203 2393 σκαλος,
226 2309 269 2376 ἐν
286 2308 365 2392 δίκη
385 2305 594 2389 καταστήσας
615 2301 736 2389 αὐτόν,
765 2309 881 2391 ἐλεγεν
902 2305 994 2394 αὐτῷ
1012 2307 1181 2392 Ἐπιτιμή-

77 2426 123 2474 σαι
143 2409 258 2497 κάριός
277 2410 295 2449 *
317 2425 389 2490 σοι,
417 2405 572 2491 διάβολε,
601 2404 658 2472 καὶ
678 2406 869 2492 ἐπιτιμήσαι
890 2406 1007 2494 κύριος
1026 2408 1066 2475 ἐν
1087 2409 1141 2475 σοδ
1163 2407 1182 2476 6

78 2509 284 2596 ἐκλεξάμενος
298 2507 361 2595 τὴν
373 2504 605 2594 Ἰερουσαλήμ·
630 2505 693 2574 οὐκ
715 2507 791 2575 ίδού
807 2514 907 2575 τοῦτο
923 2509 961 2575 τὸ
978 2511 1179 2597 ἐξεσπασμέ-
1197 2531 1232 2582 20

76 2635 129 2678 νον
145 2609 188 2690 ῶς
207 2611 326 2688 δαλδς;
349 2609 406 2676 καὶ
428 2605 564 2676 ὁείπῶν
585 2609 659 2676 τότε
676 2623 746 2688 τοῖς
761 2616 951 2698 παρεστῶσι
972 2617 1019 2700 τῷ
1034 2612 1184 2700 άρχιερεί

76 2714 238 2800 Περιέλετε
265 2710 306 2778 τά
337 2712 449 2797 ἱμάτια
475 2710 516 2776 τά
545 2711 680 2798 ῥυπαρά
709 2709 769 2776 ἀπ’
797 2709 919 2797 αὐτοῦ,
949 2713 1005 2781 καλ
1033 2714 1182 2782 ἐπειπῶν

73 2795 146 2880 ’ίδοδ
158 2814 318 2902 άφῄρηκα
335 2813 394 2890 τάς
411 2811 552 2897 άνομίας
568 2831 631 2878 σου
653 2811 719 2879 άτιὸ
736 2819 816 2898 σοῦ,
836 2805 933 2894 οὗτος
948 2816 1021 2899 ἐρεῖ
1032 2818 1088 2883 καὶ
1103 2819 1180 2900 νῦν,

75 2911 112 2992 ῶς
130 2917 185 2982 καί
204 2916 328 2997 πάλαι,
351 2917 654 2999 συνηθροισμένων
672 2911 779 3002 ἡμῶν,
802 2921 894 3002 έλεγε
915 2917 993 3002 περὶ
1013 2915 1110 3002 ἡμιιν
1131 2918 1181 2984 ὄτι

48 3013 221 3104 6ἘδειΙθην
242 3019 303 3083 ἵνα
330 3014 374 3101 μή
398 3015 519 3103 ἐκλίπῃ
539 3013 560 3102 ἡ
579 3020 688 3096 πίστις
709 3014 815 3103 ὑμῶν.
836 3029 841 3099 Ι
862 3015 929 3104 εἶχε
955 3020 1018 3103 μέν
1039 3008 1103 3084 οὖν
1123 3019 1181 3085 καὶ
1197 3038 1232 3089 νε

75 3115 90 3182 6
106 3118 274 3197 ίονδαίκδς
293 3115 390 3204 ὄχλος
406 3119 549 3205 αἱρέσεις
567 3124 701 3198 κακίας·
724 3120 781 3185 καὶ
795 3118 860 3204 γάρ
876 3119 932 3186 καὶ
950 3121 1181 3187 Σαδδουκαῖοι

134 3290 1181 3360 1Μιδδ1ι23,38131οε13,1ΙΙθΖεοὴ3,2Ι222εοδι3,4Ι2δ

132 3375 303 3442 Luca-'62

75 3529 85 3579 1
101 3520 168 3594 δμῑν
182 3531 218 3596 >
234 3547 294 3598 wyz
310 3527 346 3600 Ι2
364 3527 414 3583 καὶ
432 3523 501 3590 δοδς
519 3537 581 3594 κιαι,
602 3525 731 3598 ἐπεμψεν
748 3547 782 3596 γε
802 3529 808 3598 Ι
828 3532 843 3581 2
863 3522 939 3598 ἡμᾶς
957 3549 980 3582 w
996 3530 1000 3595 Ι
1016 3531 1032 3584 3
1051 3525 1122 3598 ίωήν
1140 3547 1154 3583 π
1174 3529 1180 3597 Ι

74 3611 88 3662 δ
103 3609 171 3680 λέγει
190 3616 307 3667 alterum
373 3617 390 3666 λ
408 3607 457 3667 ἐπὶ
474 3615 508 3680 >
526 3632 540 3666 τ
565 3614 570 3681 Ι
595 3615 611 3666 3
629 3613 678 3667 καλ
697 3617 813 3666 alterum
830 3617 865 3680 >
882 3633 924 3681 τι]
948 3619 952 3682 Ι
978 3617 994 3668 δ
1013 3610 1111 3684 ἐκχεῶι
1130 3633 1154 3666 w
1175 3615 1180 3681 Ι

73 3697 87 3746 5
103 3695 274 3766 θνηατέραις
291 3717 308 3752 x
328 3699 335 3768 Ι
354 3700 371 3752 6
389 3693 512 3754 ἐνάκνια
529 3701 563 3764 >
580 3718 597 3751 x
616 3698 622 3768 Ι
646 3701 660 3750 7
679 3694 734 3767 γάρ
750 3701 785 3764 >
802 3717 840 3761 w,
859 3687 912 3752 οὖν
929 3717 964 3766 yz
985 3707 990 3766 Ι
1009 3701 1065 3753 7.8
1082 3695 1181 3754 τοιάδε

74 3775 238 3851 ’1ὃᾶθαῖ
256 3788 295 3836 Υτ
322 3787 327 3850 Ι
352 3777 513 3852 θζηλῶσας
581 3785 612 3838 10
630 3785 705 3838 θεοῦ
721 3785 756 3850 >
774 3802 788 3836 τ
815 3783 820 3854 Ι
849 3787 879 3837 12
897 3779 952 3852 γάρ
969 3793 1038 3850 ατί,
1057 3779 1111 3854 μδν
1128 3773 1181 3837 οὖν

72 3867 120 3934 γεΙ
137 3869 166 3922 13
183 3863 288 3924 ἑαυτὸν
304 3871 338 3935 >
355 3887 383 3936 y,
402 3871 475 3922 idem
493 3873 522 3922 in
540 3872 665 3937 margine
684 3866 726 3931 είς
744 3862 848 3922 έανιόν
862 3868 928 3939 [εἰς]
946 3874 950 3937 Ι
968 3871 998 3922 15
1016 3869 1065 3923 καλ
1082 3871 1117 3935 >
1133 3876 1182 3936 yzt

76 3950 78 4012 Ι
98 3953 125 4004 λδ
142 3947 173 4007 ἐν
190 3945 267 4008 ἄλλα
285 3951 377 4024 βραχὺ
395 3949 541 4008 άντέκειτο
559 3971 653 4023 margo
671 3961 683 4006 t
703 3956 708 4018 Ι
730 3955 762 4007 16
779 3949 950 4022 ἐξητὴσατος
968 3973 982 4006 z
1003 3956 1007 4019 Ι
1031 3955 1062 4007 16
1080 3948 1182 4018 ἐξνδα·

74 4037 198 4106 movinus
217 4046 280 4101 κοιλ,
299 4033 427 4092 σινιάσαι
444 4057 478 4106 γε
499 4042 503 4105 Ι
527 4039 557 4092 Ιδ
574 4031 650 4100 ὅπως
726 4040 759 4090 17
777 4031 858 4108 ἡμῶν
874 4041 908 4104 >
926 4041 979 4107 ητΙ
1002 4040 1031 4091 17
1050 4033 1152 4107 ἐκλίκη
1171 4045 1182 4088 t

75 4123 78 4181 Ι
99 4121 126 4172 12
141 4139 184 4176 σοι
203 4117 302 4190 κύριος
319 4143 343 4177 w
364 4124 369 4194 Ι
390 4126 422 4176 19
440 4119 472 4178 ἐν
488 4126 523 4190 -Ι-
539 4132 587 4192 yzt
606 4127 611 4190 Ι
630 4125 665 4176 20
682 4120 713 4177 ιδ
730 4126 771 4194 >Ι
781 4131 828 4191 yzt
843 4124 847 4193 Ι
867 4125 901 4176 20
920 4118 1114 4190 ἐξεσπαμένον
1131 4139 1154 4172 w
1176 4123 1179 4187 Ι

73 4205 99 4256 21
118 4209 291 4274 παρεστῶσιν
309 4227 326 4262 x
341 4211 394 4276 122
411 4208 525 4276 κερίελε
542 4227 567 4260 w
582 4209 635 4272 123
652 4200 800 4277 άφείρηκα
818 4227 842 4262 w
863 4209 916 4275 123
934 4225 985 4262 σον
1003 4209 1078 4274 prius
1094 4208 1129 4271 >
1148 4207 1181 4256 W

74 4289 78 4356 1
99 4292 131 4343 23
147 4287 237 4356 οὕτως
254 4311 277 4345 τι
296 4292 303 4363 Ι
321 4297 355 4347 24
374 4291 470 4361 ἔλεγεν
488 4301 518 4346 xt
537 4293 542 4363 Ι
566 4295 600 4344 25
620 4287 736 4363 ἐνλείπη
755 4313 771 4345 x
792 4294 796 4359 Ι
816 4295 849 4345 25
868 4289 946 4360 εἶχεν
963 4311 980 4344 x
1001 4295 1006 4356 Ι
1026 4291 1060 4342 26
1078 4289 1183 4351 κακίας

72 4373 103 4436 >
119 4379 140 4428 Y

940 4472 978 4530 11
