<?xml version="1.0" encoding="UTF-8"?>
<!DOCTYPE html PUBLIC "-//W3C//DTD XHTML 1.0 Transitional//EN"
    "http://www.w3.org/TR/xhtml1/DTD/xhtml1-transitional.dtd">
<html xmlns="http://www.w3.org/1999/xhtml" xml:lang="en" lang="en">
 <head>
  <title>
</title>
<meta http-equiv="Content-Type" content="text/html;charset=utf-8" />
  <meta name='ocr-system' content='tesseract 3.04.00' />
  <meta name='ocr-capabilities' content='ocr_page ocr_carea ocr_par ocr_line ocrx_word'/>
</head>
<body>
  <div class='ocr_page' id='page_1' title='image "./decontroversiis00schgoog_0503.png"; bbox 0 0 3160 4976; ppageno 0'>
   <div class='ocr_carea' id='block_1_1' title="bbox 1426 412 1570 481">
    <p class='ocr_par' dir='ltr' id='par_1_1' title="bbox 1426 412 1570 481">
     <span class='ocr_line' id='line_1_1' title="bbox 1426 412 1570 481; baseline -0.063 0"><span class='ocrx_word' id='word_1_1' title='bbox 1426 412 1570 481; x_wconf 9' lang='lat'><strong><em>53*</em></strong></span> 
     </span>
    </p>
   </div>
   <div class='ocr_carea' id='block_1_2' title="bbox 226 583 1529 2506">
    <p class='ocr_par' dir='ltr' id='par_1_2' title="bbox 263 583 1516 996">
     <span class='ocr_line' id='line_1_2' title="bbox 267 583 1516 674; baseline -0.004 -20"><span class='ocrx_word' id='word_1_2' title='bbox 267 589 384 674; x_wconf 82' lang='grc' dir='ltr'><strong><em>Πίερος</em></strong></span> <span class='ocrx_word' id='word_1_3' title='bbox 400 591 461 652; x_wconf 81' lang='grc' dir='ltr'><strong><em>ἀπί</em></strong></span> <span class='ocrx_word' id='word_1_4' title='bbox 482 585 633 658; x_wconf 83' lang='grc' dir='ltr'><strong><em>Ἱππῦνος</em></strong></span> <span class='ocrx_word' id='word_1_5' title='bbox 651 585 814 671; x_wconf 81' lang='grc' dir='ltr'><strong><em>διαρρύτου</em></strong></span> <span class='ocrx_word' id='word_1_6' title='bbox 831 585 921 648; x_wconf 89' lang='grc' dir='ltr'><strong><em>είπεν·</em></strong></span> <span class='ocrx_word' id='word_1_7' title='bbox 948 583 1060 647; x_wconf 78' lang='grc' dir='ltr'><strong><em>Ὁπότε</em></strong></span> <span class='ocrx_word' id='word_1_8' title='bbox 1078 583 1241 667; x_wconf 78' lang='grc' dir='ltr'><strong><em>βσίππσμα</em></strong></span> <span class='ocrx_word' id='word_1_9' title='bbox 1258 586 1313 645; x_wconf 70' lang='grc' dir='ltr'><strong><em>ἔν’</em></strong></span> <span class='ocrx_word' id='word_1_10' title='bbox 1331 589 1410 648; x_wconf 88' lang='grc' dir='ltr'><strong><em>ἐστιν</em></strong></span> <span class='ocrx_word' id='word_1_11' title='bbox 1429 591 1458 648; x_wconf 68' lang='grc' dir='ltr'><strong><em>ἐν</em></strong></span> <span class='ocrx_word' id='word_1_12' title='bbox 1479 583 1516 668; x_wconf 76' lang='grc' dir='ltr'><strong><em>οβ</em></strong></span> 
     </span>
     <span class='ocr_line' id='line_1_3' title="bbox 263 691 1459 780; baseline 0.002 -26"><span class='ocrx_word' id='word_1_13' title='bbox 263 699 343 780; x_wconf 81' lang='grc' dir='ltr'><strong><em>,μόνη</em></strong></span> <span class='ocrx_word' id='word_1_14' title='bbox 366 696 514 776; x_wconf 76' lang='grc' dir='ltr'><strong><em>καθολικῄ</em></strong></span> <span class='ocrx_word' id='word_1_15' title='bbox 538 695 697 775; x_wconf 82' lang='grc' dir='ltr'><strong><em>ἐκκλησίᾳ,</em></strong></span> <span class='ocrx_word' id='word_1_16' title='bbox 728 693 877 780; x_wconf 72' lang='grc' dir='ltr'><strong><em>πρόδηλόν</em></strong></span> <span class='ocrx_word' id='word_1_17' title='bbox 903 695 964 754; x_wconf 88' lang='grc' dir='ltr'><strong><em>ἐστι</em></strong></span> <span class='ocrx_word' id='word_1_18' title='bbox 997 693 1117 775; x_wconf 79' lang='grc' dir='ltr'>μηδένα</span> <span class='ocrx_word' id='word_1_19' title='bbox 1141 693 1301 756; x_wconf 78' lang='grc' dir='ltr'><strong><em>δύνασθαι</em></strong></span> <span class='ocrx_word' id='word_1_20' title='bbox 1323 691 1380 770; x_wconf 81' lang='grc' dir='ltr'><strong><em>ἐξω</em></strong></span> <span class='ocrx_word' id='word_1_21' title='bbox 1402 705 1459 765; x_wconf 83' lang='grc' dir='ltr'><strong><em>τῆς</em></strong></span> 
     </span>
     <span class='ocr_line' id='line_1_4' title="bbox 266 799 1461 887; baseline -0.004 -20"><span class='ocrx_word' id='word_1_22' title='bbox 266 803 424 875; x_wconf 88' lang='grc' dir='ltr'><strong><em>ἐκκλησίας</em></strong></span> <span class='ocrx_word' id='word_1_23' title='bbox 441 803 669 887; x_wconf 70' lang='grc' dir='ltr'><strong><em>βαπτισθῆναι.</em></strong></span> <span class='ocrx_word' id='word_1_24' title='bbox 695 809 744 864; x_wconf 88' lang='grc' dir='ltr'><strong><em>καί</em></strong></span> <span class='ocrx_word' id='word_1_25' title='bbox 771 799 823 863; x_wconf 80' lang='grc' dir='ltr'><strong><em>διὰ</em></strong></span> <span class='ocrx_word' id='word_1_26' title='bbox 845 811 932 866; x_wconf 85' lang='grc' dir='ltr'><strong><em>τοῦτο</em></strong></span> <span class='ocrx_word' id='word_1_27' title='bbox 955 808 1025 872; x_wconf 86' lang='grc' dir='ltr'><strong><em>τοὺς</em></strong></span> <span class='ocrx_word' id='word_1_28' title='bbox 1058 807 1118 864; x_wconf 83' lang='grc' dir='ltr'><strong><em>σίπύ</em></strong></span> <span class='ocrx_word' id='word_1_29' title='bbox 1141 813 1201 864; x_wconf 84' lang='grc' dir='ltr'><strong><em>τῶν</em></strong></span> <span class='ocrx_word' id='word_1_30' title='bbox 1227 805 1384 886; x_wconf 81' lang='grc' dir='ltr'><strong><em>αίρετικῶν</em></strong></span> <span class='ocrx_word' id='word_1_31' title='bbox 1409 809 1461 864; x_wconf 88' lang='grc' dir='ltr'><strong><em>καί</em></strong></span> 
     </span>
     <span class='ocr_line' id='line_1_5' title="bbox 268 907 1462 996; baseline -0.003 -22"><span class='ocrx_word' id='word_1_32' title='bbox 268 921 476 995; x_wconf 81' lang='grc' dir='ltr'><strong><em>σχεσμαεικιῦν</em></strong></span> <span class='ocrx_word' id='word_1_33' title='bbox 492 910 649 982; x_wconf 81' lang='grc' dir='ltr'><strong><em>ἐλθόντας</em></strong></span> <span class='ocrx_word' id='word_1_34' title='bbox 661 909 734 972; x_wconf 64' lang='grc' dir='ltr'><strong><em>καί*</em></strong></span> <span class='ocrx_word' id='word_1_35' title='bbox 757 907 851 992; x_wconf 78' lang='grc' dir='ltr'><strong><em>μηδέν</em></strong></span> <span class='ocrx_word' id='word_1_36' title='bbox 881 910 996 972; x_wconf 78' lang='grc' dir='ltr'><strong><em>ἐκεῖθεν</em></strong></span> <span class='ocrx_word' id='word_1_37' title='bbox 1024 911 1189 996; x_wconf 75' lang='grc' dir='ltr'><strong><em>εἰληφότας</em></strong></span> <span class='ocrx_word' id='word_1_38' title='bbox 1205 913 1236 971; x_wconf 88' lang='grc' dir='ltr'><strong><em>ἐν</em></strong></span> <span class='ocrx_word' id='word_1_39' title='bbox 1258 923 1295 992; x_wconf 74' lang='grc' dir='ltr'><strong><em>τη</em></strong></span> <span class='ocrx_word' id='word_1_40' title='bbox 1320 910 1462 989; x_wconf 76' lang='grc' dir='ltr'>ἐκκλησίᾳ</span> 
     </span>
    </p>

    <p class='ocr_par' dir='ltr' id='par_1_3' title="bbox 235 1016 1522 1535">
     <span class='ocr_line' id='line_1_6' title="bbox 235 1016 601 1104; baseline -0.008 -20"><span class='ocrx_word' id='word_1_41' title='bbox 235 1039 249 1076; x_wconf 78' lang='lat'>⁵</span> <span class='ocrx_word' id='word_1_42' title='bbox 269 1016 484 1101; x_wconf 68' lang='grc' dir='ltr'><strong><em>βαπτίζεσθαι</em></strong></span> <span class='ocrx_word' id='word_1_43' title='bbox 500 1025 601 1104; x_wconf 85' lang='grc' dir='ltr'><strong><em>κρίνω.</em></strong></span> 
     </span>
     <span class='ocr_line' id='line_1_7' title="bbox 268 1124 1522 1212; baseline -0.005 -20"><span class='ocrx_word' id='word_1_44' title='bbox 268 1124 381 1196; x_wconf 82' lang='grc' dir='ltr'><strong><em>Ἀλλος</em></strong></span> <span class='ocrx_word' id='word_1_45' title='bbox 396 1127 524 1198; x_wconf 76' lang='grc' dir='ltr'><strong><em>Λούκιος</em></strong></span> <span class='ocrx_word' id='word_1_46' title='bbox 542 1128 603 1189; x_wconf 83' lang='grc' dir='ltr'><strong><em>οίπό</em></strong></span> <span class='ocrx_word' id='word_1_47' title='bbox 620 1127 774 1212; x_wconf 84' lang='grc' dir='ltr'><strong><em>Αύσαφῆς</em></strong></span> <span class='ocrx_word' id='word_1_48' title='bbox 789 1125 886 1187; x_wconf 82' lang='grc' dir='ltr'><strong><em>εἶπεν·</em></strong></span> <span class='ocrx_word' id='word_1_49' title='bbox 919 1127 1008 1190; x_wconf 81' lang='grc' dir='ltr'><strong><em>Κατὰ</em></strong></span> <span class='ocrx_word' id='word_1_50' title='bbox 1030 1132 1083 1195; x_wconf 74' lang='grc' dir='ltr'><strong><em>τὴν</em></strong></span> <span class='ocrx_word' id='word_1_51' title='bbox 1108 1125 1182 1207; x_wconf 76' lang='grc' dir='ltr'><strong><em>ἐμὴν</em></strong></span> <span class='ocrx_word' id='word_1_52' title='bbox 1205 1129 1333 1208; x_wconf 81' lang='grc' dir='ltr'><strong><em>γνώμην</em></strong></span> <span class='ocrx_word' id='word_1_53' title='bbox 1354 1130 1405 1185; x_wconf 90' lang='grc' dir='ltr'><strong><em>καί</em></strong></span> <span class='ocrx_word' id='word_1_54' title='bbox 1428 1127 1462 1185; x_wconf 85' lang='grc' dir='ltr'><strong><em>τό</em></strong></span> <span class='ocrx_word' id='word_1_55' title='bbox 1482 1148 1522 1206; x_wconf 82' lang='grc' dir='ltr'><strong><em>ιιγ</em></strong></span> 
     </span>
     <span class='ocr_line' id='line_1_8' title="bbox 267 1234 1463 1318; baseline -0.003 -22"><span class='ocrx_word' id='word_1_56' title='bbox 267 1237 454 1318; x_wconf 73' lang='grc' dir='ltr'><strong><em>πρόσταγμα</em></strong></span> <span class='ocrx_word' id='word_1_57' title='bbox 470 1244 524 1296; x_wconf 89' lang='grc' dir='ltr'><strong><em>τοῦ</em></strong></span> <span class='ocrx_word' id='word_1_58' title='bbox 542 1237 631 1318; x_wconf 90' lang='grc' dir='ltr'><strong><em>οίγίου</em></strong></span> <span class='ocrx_word' id='word_1_59' title='bbox 649 1241 833 1316; x_wconf 84' lang='grc' dir='ltr'><strong><em>πνεύματος,</em></strong></span> <span class='ocrx_word' id='word_1_60' title='bbox 851 1238 916 1304; x_wconf 79' lang='grc' dir='ltr'><strong><em>ἐνὸς</em></strong></span> <span class='ocrx_word' id='word_1_61' title='bbox 933 1238 1020 1304; x_wconf 78' lang='grc' dir='ltr'><strong><em>ὄντος</em></strong></span> <span class='ocrx_word' id='word_1_62' title='bbox 1034 1234 1114 1296; x_wconf 88' lang='grc' dir='ltr'><strong><em>θεοῦ</em></strong></span> <span class='ocrx_word' id='word_1_63' title='bbox 1131 1243 1181 1297; x_wconf 81' lang='grc' dir='ltr'><strong><em>καί</em></strong></span> <span class='ocrx_word' id='word_1_64' title='bbox 1197 1237 1314 1316; x_wconf 84' lang='grc' dir='ltr'><strong><em>πατρὸς</em></strong></span> <span class='ocrx_word' id='word_1_65' title='bbox 1330 1239 1380 1294; x_wconf 90' lang='grc' dir='ltr'><strong><em>καί</em></strong></span> <span class='ocrx_word' id='word_1_66' title='bbox 1396 1235 1463 1293; x_wconf 87' lang='grc' dir='ltr'><strong><em>υίοῦ</em></strong></span> 
     </span>
     <span class='ocr_line' id='line_1_9' title="bbox 268 1339 1464 1426; baseline -0.001 -24"><span class='ocrx_word' id='word_1_67' title='bbox 268 1353 395 1426; x_wconf 79' lang='grc' dir='ltr'><strong><em>χριστοῦ</em></strong></span> <span class='ocrx_word' id='word_1_68' title='bbox 417 1345 467 1403; x_wconf 90' lang='grc' dir='ltr'><strong><em>καί</em></strong></span> <span class='ocrx_word' id='word_1_69' title='bbox 488 1352 564 1424; x_wconf 83' lang='grc' dir='ltr'><strong><em>μιᾶς</em></strong></span> <span class='ocrx_word' id='word_1_70' title='bbox 580 1341 710 1416; x_wconf 76' lang='grc' dir='ltr'><strong><em>ἐλπίδος,</em></strong></span> <span class='ocrx_word' id='word_1_71' title='bbox 739 1348 790 1402; x_wconf 87' lang='grc' dir='ltr'><strong><em>καί</em></strong></span> <span class='ocrx_word' id='word_1_72' title='bbox 805 1352 883 1423; x_wconf 87' lang='grc' dir='ltr'><strong><em>μιᾶς</em></strong></span> <span class='ocrx_word' id='word_1_73' title='bbox 905 1341 1064 1412; x_wconf 74' lang='grc' dir='ltr'><strong><em>ἐκκλησίας</em></strong></span> <span class='ocrx_word' id='word_1_74' title='bbox 1081 1345 1143 1406; x_wconf 87' lang='grc' dir='ltr'><strong><em>ἐστί</em></strong></span> <span class='ocrx_word' id='word_1_75' title='bbox 1166 1347 1199 1404; x_wconf 83' lang='grc' dir='ltr'><strong><em>τό</em></strong></span> <span class='ocrx_word' id='word_1_76' title='bbox 1217 1339 1394 1423; x_wconf 87' lang='grc' dir='ltr'><strong><em>βάπτισμα.</em></strong></span> <span class='ocrx_word' id='word_1_77' title='bbox 1412 1346 1464 1401; x_wconf 90' lang='grc' dir='ltr'><strong><em>καί</em></strong></span> 
     </span>
     <span class='ocr_line' id='line_1_10' title="bbox 269 1446 1464 1535; baseline -0.003 -24"><span class='ocrx_word' id='word_1_78' title='bbox 269 1446 321 1511; x_wconf 85' lang='grc' dir='ltr'><strong><em>διὰ</em></strong></span> <span class='ocrx_word' id='word_1_79' title='bbox 337 1453 428 1516; x_wconf 84' lang='grc' dir='ltr'><strong><em>τοῦτό</em></strong></span> <span class='ocrx_word' id='word_1_80' title='bbox 445 1471 523 1535; x_wconf 91' lang='grc' dir='ltr'><strong><em>φημι</em></strong></span> <span class='ocrx_word' id='word_1_81' title='bbox 539 1453 578 1510; x_wconf 84' lang='grc' dir='ltr'><strong><em>τοί</em></strong></span> <span class='ocrx_word' id='word_1_82' title='bbox 600 1455 688 1534; x_wconf 77' lang='grc' dir='ltr'><strong><em>παρὰ</em></strong></span> <span class='ocrx_word' id='word_1_83' title='bbox 707 1459 770 1520; x_wconf 88' lang='grc' dir='ltr'><strong><em>τοῖς</em></strong></span> <span class='ocrx_word' id='word_1_84' title='bbox 787 1455 948 1533; x_wconf 89' lang='grc' dir='ltr'><strong><em>αίρετικοῖς</em></strong></span> <span class='ocrx_word' id='word_1_85' title='bbox 966 1454 1164 1533; x_wconf 83' lang='grc' dir='ltr'><strong><em>πραττόμενα</em></strong></span> <span class='ocrx_word' id='word_1_86' title='bbox 1176 1449 1308 1511; x_wconf 86' lang='grc' dir='ltr'><strong><em>λύεσθαι</em></strong></span> <span class='ocrx_word' id='word_1_87' title='bbox 1333 1446 1394 1510; x_wconf 79' lang='grc' dir='ltr'><strong><em>δεῖν</em></strong></span> <span class='ocrx_word' id='word_1_88' title='bbox 1413 1454 1464 1509; x_wconf 90' lang='grc' dir='ltr'><strong><em>καί</em></strong></span> 
     </span>
    </p>

    <p class='ocr_par' dir='ltr' id='par_1_4' title="bbox 226 1554 1525 2075">
     <span class='ocr_line' id='line_1_11' title="bbox 226 1554 1178 1642; baseline -0.002 -22"><span class='ocrx_word' id='word_1_89' title='bbox 226 1577 251 1613; x_wconf 82' lang='lat'><strong><em>¹0</em></strong></span> <span class='ocrx_word' id='word_1_90' title='bbox 269 1559 341 1630; x_wconf 84' lang='grc' dir='ltr'><strong><em>τοὺς</em></strong></span> <span class='ocrx_word' id='word_1_91' title='bbox 358 1554 413 1624; x_wconf 83' lang='grc' dir='ltr'><strong><em>ἀπ’</em></strong></span> <span class='ocrx_word' id='word_1_92' title='bbox 427 1560 529 1620; x_wconf 87' lang='grc' dir='ltr'><strong><em>αύτῶν</em></strong></span> <span class='ocrx_word' id='word_1_93' title='bbox 547 1556 731 1642; x_wconf 69' lang='grc' dir='ltr'><strong><em>ἐρχομένους</em></strong></span> <span class='ocrx_word' id='word_1_94' title='bbox 749 1560 778 1618; x_wconf 89' lang='grc' dir='ltr'><strong><em>ἐν</em></strong></span> <span class='ocrx_word' id='word_1_95' title='bbox 795 1571 831 1636; x_wconf 81' lang='grc' dir='ltr'><strong><em>τη</em></strong></span> <span class='ocrx_word' id='word_1_96' title='bbox 850 1556 991 1636; x_wconf 79' lang='grc' dir='ltr'><strong><em>ἐκκλησίᾳ</em></strong></span> <span class='ocrx_word' id='word_1_97' title='bbox 1007 1554 1178 1638; x_wconf 81' lang='grc' dir='ltr'><strong><em>βαπτίζειν.</em></strong></span> 
     </span>
     <span class='ocr_line' id='line_1_12' title="bbox 271 1662 1525 1749; baseline -0.003 -19"><span class='ocrx_word' id='word_1_98' title='bbox 271 1664 383 1737; x_wconf 81' lang='grc' dir='ltr'><strong><em>Ἀλλος</em></strong></span> <span class='ocrx_word' id='word_1_99' title='bbox 399 1662 491 1741; x_wconf 82' lang='grc' dir='ltr'><strong><em>Φίλιξ</em></strong></span> <span class='ocrx_word' id='word_1_100' title='bbox 513 1668 574 1728; x_wconf 77' lang='grc' dir='ltr'><strong><em>ἀπὸ</em></strong></span> <span class='ocrx_word' id='word_1_101' title='bbox 591 1667 745 1748; x_wconf 85' lang='grc' dir='ltr'><strong><em>Τουρίτων</em></strong></span> <span class='ocrx_word' id='word_1_102' title='bbox 769 1665 864 1728; x_wconf 84' lang='grc' dir='ltr'><strong><em>εἶπεν·</em></strong></span> <span class='ocrx_word' id='word_1_103' title='bbox 893 1666 980 1748; x_wconf 86' lang='grc' dir='ltr'><strong><em>Ἐγὼ</em></strong></span> <span class='ocrx_word' id='word_1_104' title='bbox 996 1672 1104 1749; x_wconf 82' lang='grc' dir='ltr'><strong><em>κρίνω,</em></strong></span> <span class='ocrx_word' id='word_1_105' title='bbox 1127 1667 1176 1726; x_wconf 91' lang='grc' dir='ltr'><strong><em>ίνα</em></strong></span> <span class='ocrx_word' id='word_1_106' title='bbox 1194 1665 1377 1735; x_wconf 85' lang='grc' dir='ltr'><strong><em>ἀκολούθως</em></strong></span> <span class='ocrx_word' id='word_1_107' title='bbox 1394 1674 1465 1735; x_wconf 87' lang='grc' dir='ltr'><strong><em>ταῖς</em></strong></span> <span class='ocrx_word' id='word_1_108' title='bbox 1486 1667 1525 1728; x_wconf 81' lang='grc' dir='ltr'><strong><em>ικί</em></strong></span> 
     </span>
     <span class='ocr_line' id='line_1_13' title="bbox 271 1770 1463 1860; baseline -0.003 -25"><span class='ocrx_word' id='word_1_109' title='bbox 271 1774 378 1846; x_wconf 88' lang='grc' dir='ltr'><strong><em>θείαις</em></strong></span> <span class='ocrx_word' id='word_1_110' title='bbox 401 1784 541 1860; x_wconf 75' lang='grc' dir='ltr'><strong><em>γραφαῖς</em></strong></span> <span class='ocrx_word' id='word_1_111' title='bbox 569 1779 753 1857; x_wconf 87' lang='grc' dir='ltr'><strong><em>πράττοντες</em></strong></span> <span class='ocrx_word' id='word_1_112' title='bbox 784 1777 917 1856; x_wconf 80' lang='grc' dir='ltr'><strong><em>ἀνόμους</em></strong></span> <span class='ocrx_word' id='word_1_113' title='bbox 942 1779 1029 1856; x_wconf 87' lang='grc' dir='ltr'><strong><em>παρὰ</em></strong></span> <span class='ocrx_word' id='word_1_114' title='bbox 1058 1783 1121 1843; x_wconf 81' lang='grc' dir='ltr'><strong><em>τοῖς</em></strong></span> <span class='ocrx_word' id='word_1_115' title='bbox 1157 1776 1318 1856; x_wconf 86' lang='grc' dir='ltr'><strong><em>αίρετικοῖς</em></strong></span> <span class='ocrx_word' id='word_1_116' title='bbox 1346 1770 1463 1854; x_wconf 89' lang='grc' dir='ltr'><strong><em>βαπτι-</em></strong></span> 
     </span>
     <span class='ocr_line' id='line_1_14' title="bbox 271 1876 1459 1968; baseline -0.002 -26"><span class='ocrx_word' id='word_1_117' title='bbox 271 1883 419 1960; x_wconf 88' lang='grc' dir='ltr'><strong><em>σθέντας,</em></strong></span> <span class='ocrx_word' id='word_1_118' title='bbox 442 1883 480 1944; x_wconf 77' lang='grc' dir='ltr'><strong><em>ἂν</em></strong></span> <span class='ocrx_word' id='word_1_119' title='bbox 510 1887 586 1964; x_wconf 81' lang='grc' dir='ltr'><strong><em>πρὸς</em></strong></span> <span class='ocrx_word' id='word_1_120' title='bbox 610 1886 663 1951; x_wconf 84' lang='grc' dir='ltr'><strong><em>τὴν</em></strong></span> <span class='ocrx_word' id='word_1_121' title='bbox 681 1881 838 1951; x_wconf 88' lang='grc' dir='ltr'><strong><em>ἐκκλησίαν</em></strong></span> <span class='ocrx_word' id='word_1_122' title='bbox 855 1888 1070 1968; x_wconf 76' lang='grc' dir='ltr'><strong><em>καταφύγωσι,</em></strong></span> <span class='ocrx_word' id='word_1_123' title='bbox 1088 1889 1132 1961; x_wconf 84' lang='grc' dir='ltr'><strong><em>τῷ</em></strong></span> <span class='ocrx_word' id='word_1_124' title='bbox 1143 1893 1200 1951; x_wconf 78' lang='grc' dir='ltr'><strong><em>της</em></strong></span> <span class='ocrx_word' id='word_1_125' title='bbox 1217 1879 1377 1950; x_wconf 83' lang='grc' dir='ltr'><strong><em>ἐκκλησίας</em></strong></span> <span class='ocrx_word' id='word_1_126' title='bbox 1394 1876 1459 1960; x_wconf 89' lang='grc' dir='ltr'><strong><em>βα-</em></strong></span> 
     </span>
     <span class='ocr_line' id='line_1_15' title="bbox 271 1985 1434 2075; baseline -0.004 -22"><span class='ocrx_word' id='word_1_127' title='bbox 271 1997 429 2072; x_wconf 87' lang='grc' dir='ltr'><strong><em>πτίσματι,</em></strong></span> <span class='ocrx_word' id='word_1_128' title='bbox 455 1990 536 2052; x_wconf 88' lang='grc' dir='ltr'><strong><em>ἐνθα</em></strong></span> <span class='ocrx_word' id='word_1_129' title='bbox 560 1998 648 2052; x_wconf 85' lang='grc' dir='ltr'><strong><em>πᾶσα</em></strong></span> <span class='ocrx_word' id='word_1_130' title='bbox 673 1987 795 2065; x_wconf 82' lang='grc' dir='ltr'><strong><em>ἐξουσία</em></strong></span> <span class='ocrx_word' id='word_1_131' title='bbox 814 1995 902 2075; x_wconf 77' lang='grc' dir='ltr'><strong><em>παρὰ</em></strong></span> <span class='ocrx_word' id='word_1_132' title='bbox 916 2001 969 2051; x_wconf 91' lang='grc' dir='ltr'><strong><em>τοῦ</em></strong></span> <span class='ocrx_word' id='word_1_133' title='bbox 981 1991 1059 2052; x_wconf 84' lang='grc' dir='ltr'><strong><em>θεοῦ</em></strong></span> <span class='ocrx_word' id='word_1_134' title='bbox 1072 1987 1206 2056; x_wconf 77' lang='grc' dir='ltr'><strong><em>δέδοται.</em></strong></span> <span class='ocrx_word' id='word_1_135' title='bbox 1223 1985 1434 2070; x_wconf 88' lang='grc' dir='ltr'><strong><em>βαπτίσωμεν.</em></strong></span> 
     </span>
    </p>

    <p class='ocr_par' dir='ltr' id='par_1_5' title="bbox 227 2095 1529 2506">
     <span class='ocr_line' id='line_1_16' title="bbox 227 2095 1524 2182; baseline 0.005 -28"><span class='ocrx_word' id='word_1_136' title='bbox 227 2113 253 2154; x_wconf 80' lang='grc' dir='ltr'><strong><em>ιτ</em></strong></span> <span class='ocrx_word' id='word_1_137' title='bbox 268 2097 458 2168; x_wconf 84' lang='grc' dir='ltr'><strong><em>Πλουσιοινός</em></strong></span> <span class='ocrx_word' id='word_1_138' title='bbox 475 2099 535 2159; x_wconf 86' lang='grc' dir='ltr'><strong><em>οίπῦ</em></strong></span> <span class='ocrx_word' id='word_1_139' title='bbox 553 2095 709 2178; x_wconf 85' lang='grc' dir='ltr'><strong><em>Λαβάνης</em></strong></span> <span class='ocrx_word' id='word_1_140' title='bbox 725 2097 816 2160; x_wconf 91' lang='grc' dir='ltr'><strong><em>είπεν·</em></strong></span> <span class='ocrx_word' id='word_1_141' title='bbox 844 2099 929 2182; x_wconf 73' lang='grc' dir='ltr'><strong><em>Ἐγὼ</em></strong></span> <span class='ocrx_word' id='word_1_142' title='bbox 951 2105 1084 2160; x_wconf 85' lang='grc' dir='ltr'><strong><em>πιστεύω</em></strong></span> <span class='ocrx_word' id='word_1_143' title='bbox 1113 2096 1332 2180; x_wconf 78' lang='grc' dir='ltr'><strong><em>βαπτίσματος</em></strong></span> <span class='ocrx_word' id='word_1_144' title='bbox 1359 2115 1462 2165; x_wconf 80' lang='grc' dir='ltr'><strong><em>συντη-</em></strong></span> <span class='ocrx_word' id='word_1_145' title='bbox 1486 2120 1524 2160; x_wconf 83' lang='grc' dir='ltr'><strong><em>οε</em></strong></span> 
     </span>
     <span class='ocr_line' id='line_1_17' title="bbox 269 2203 1465 2289; baseline -0.003 -20"><span class='ocrx_word' id='word_1_146' title='bbox 269 2214 339 2289; x_wconf 90' lang='grc' dir='ltr'><strong><em>ρίαν</em></strong></span> <span class='ocrx_word' id='word_1_147' title='bbox 362 2212 404 2288; x_wconf 78' lang='grc' dir='ltr'><strong><em>μη</em></strong></span> <span class='ocrx_word' id='word_1_148' title='bbox 430 2204 523 2282; x_wconf 79' lang='grc' dir='ltr'><strong><em>εἶναι,</em></strong></span> <span class='ocrx_word' id='word_1_149' title='bbox 550 2209 576 2268; x_wconf 90' lang='grc' dir='ltr'><strong><em>εί</em></strong></span> <span class='ocrx_word' id='word_1_150' title='bbox 591 2211 633 2288; x_wconf 84' lang='grc' dir='ltr'><strong><em>μὴ</em></strong></span> <span class='ocrx_word' id='word_1_151' title='bbox 656 2210 686 2268; x_wconf 89' lang='grc' dir='ltr'><strong><em>ἐν</em></strong></span> <span class='ocrx_word' id='word_1_152' title='bbox 703 2209 779 2288; x_wconf 82' lang='grc' dir='ltr'><strong><em>μόνη</em></strong></span> <span class='ocrx_word' id='word_1_153' title='bbox 796 2219 833 2286; x_wconf 76' lang='grc' dir='ltr'><strong><em>ιη</em></strong></span> <span class='ocrx_word' id='word_1_154' title='bbox 850 2207 1000 2288; x_wconf 74' lang='grc' dir='ltr'><strong><em>καθολικῇ</em></strong></span> <span class='ocrx_word' id='word_1_155' title='bbox 1018 2206 1159 2284; x_wconf 80' lang='grc' dir='ltr'><strong><em>ἐκκλησίᾳ</em></strong></span> <span class='ocrx_word' id='word_1_156' title='bbox 1174 2211 1226 2268; x_wconf 87' lang='grc' dir='ltr'><strong><em>καί</em></strong></span> <span class='ocrx_word' id='word_1_157' title='bbox 1242 2207 1316 2267; x_wconf 83' lang='grc' dir='ltr'><strong><em>όταν</em></strong></span> <span class='ocrx_word' id='word_1_158' title='bbox 1333 2203 1392 2280; x_wconf 84' lang='grc' dir='ltr'><strong><em>ἐξω</em></strong></span> <span class='ocrx_word' id='word_1_159' title='bbox 1409 2215 1465 2275; x_wconf 72' lang='grc' dir='ltr'><strong><em>τῆς</em></strong></span> 
     </span>
     <span class='ocr_line' id='line_1_18' title="bbox 270 2313 892 2397; baseline 0 -21"><span class='ocrx_word' id='word_1_160' title='bbox 270 2314 429 2385; x_wconf 86' lang='grc' dir='ltr'><strong><em>ἐκκλησίας</em></strong></span> <span class='ocrx_word' id='word_1_161' title='bbox 445 2318 583 2397; x_wconf 83' lang='grc' dir='ltr'><strong><em>γίνηται,</em></strong></span> <span class='ocrx_word' id='word_1_162' title='bbox 601 2315 787 2396; x_wconf 84' lang='grc' dir='ltr'><strong><em>πιθηκισμόν</em></strong></span> <span class='ocrx_word' id='word_1_163' title='bbox 804 2313 892 2376; x_wconf 90' lang='grc' dir='ltr'><strong><em>είναι.</em></strong></span> 
     </span>
     <span class='ocr_line' id='line_1_19' title="bbox 270 2419 1529 2506; baseline 0 -22"><span class='ocrx_word' id='word_1_164' title='bbox 270 2420 461 2492; x_wconf 82' lang='grc' dir='ltr'><strong><em>Σαλονῖανές</em></strong></span> <span class='ocrx_word' id='word_1_165' title='bbox 478 2425 538 2483; x_wconf 78' lang='grc' dir='ltr'><strong><em>ἀπὸ</em></strong></span> <span class='ocrx_word' id='word_1_166' title='bbox 555 2419 702 2506; x_wconf 84' lang='grc' dir='ltr'><strong><em>Ζυφοίλης</em></strong></span> <span class='ocrx_word' id='word_1_167' title='bbox 719 2421 809 2483; x_wconf 89' lang='grc' dir='ltr'><strong><em>είπεν·</em></strong></span> <span class='ocrx_word' id='word_1_168' title='bbox 829 2423 909 2493; x_wconf 83' lang='grc' dir='ltr'><strong><em>Τοὺς</em></strong></span> <span class='ocrx_word' id='word_1_169' title='bbox 923 2425 1090 2506; x_wconf 89' lang='grc' dir='ltr'><strong><em>αίρετικοὺς</em></strong></span> <span class='ocrx_word' id='word_1_170' title='bbox 1101 2420 1287 2506; x_wconf 74' lang='grc' dir='ltr'><strong><em>μηδίνέχειν</em></strong></span> <span class='ocrx_word' id='word_1_171' title='bbox 1304 2424 1466 2492; x_wconf 77' lang='grc' dir='ltr'><strong><em>συνέστηκε</em></strong></span> <span class='ocrx_word' id='word_1_172' title='bbox 1487 2445 1529 2494; x_wconf 81' lang='grc' dir='ltr'><strong><em>υς</em></strong></span> 
     </span>
    </p>
   </div>
   <div class='ocr_carea' id='block_1_3' title="bbox 225 2526 1531 3160">
    <p class='ocr_par' dir='ltr' id='par_1_6' title="bbox 270 2526 1326 2614">
     <span class='ocr_line' id='line_1_20' title="bbox 270 2526 1326 2614; baseline -0.002 -22"><span class='ocrx_word' id='word_1_173' title='bbox 270 2536 320 2593; x_wconf 88' lang='grc' dir='ltr'><strong><em>καί</em></strong></span> <span class='ocrx_word' id='word_1_174' title='bbox 337 2526 388 2590; x_wconf 75' lang='grc' dir='ltr'><strong><em>διὰ</em></strong></span> <span class='ocrx_word' id='word_1_175' title='bbox 405 2540 494 2592; x_wconf 86' lang='grc' dir='ltr'><strong><em>τοῦτο</em></strong></span> <span class='ocrx_word' id='word_1_176' title='bbox 510 2533 587 2612; x_wconf 85' lang='grc' dir='ltr'><strong><em>πρὸς</em></strong></span> <span class='ocrx_word' id='word_1_177' title='bbox 601 2533 686 2610; x_wconf 77' lang='grc' dir='ltr'><strong><em>ἡμᾶς</em></strong></span> <span class='ocrx_word' id='word_1_178' title='bbox 703 2532 857 2614; x_wconf 76' lang='grc' dir='ltr'><strong><em>ἔρχονται,</em></strong></span> <span class='ocrx_word' id='word_1_179' title='bbox 875 2533 926 2591; x_wconf 92' lang='grc' dir='ltr'><strong><em>ίνα</em></strong></span> <span class='ocrx_word' id='word_1_180' title='bbox 942 2527 1081 2612; x_wconf 85' lang='grc' dir='ltr'><strong><em>λάβωσιν</em></strong></span> <span class='ocrx_word' id='word_1_181' title='bbox 1099 2531 1115 2590; x_wconf 82' lang='grc' dir='ltr'><em>δ</em></span> <span class='ocrx_word' id='word_1_182' title='bbox 1130 2537 1172 2611; x_wconf 85' lang='grc' dir='ltr'><strong><em>μὴ</em></strong></span> <span class='ocrx_word' id='word_1_183' title='bbox 1190 2535 1326 2614; x_wconf 78' lang='grc' dir='ltr'><strong><em>ἔχουσιν.</em></strong></span> 
     </span>
    </p>

    <p class='ocr_par' dir='ltr' id='par_1_7' title="bbox 225 2635 1531 3160">
     <span class='ocr_line' id='line_1_21' title="bbox 225 2635 1531 2722; baseline 0.003 -28"><span class='ocrx_word' id='word_1_184' title='bbox 225 2657 253 2694; x_wconf 80' lang='grc' dir='ltr'><strong><em>εν</em></strong></span> <span class='ocrx_word' id='word_1_185' title='bbox 275 2638 455 2720; x_wconf 82' lang='grc' dir='ltr'><strong><em>Ὀνωρᾰτος</em></strong></span> <span class='ocrx_word' id='word_1_186' title='bbox 487 2639 547 2700; x_wconf 81' lang='grc' dir='ltr'><strong><em>ἀπὸ</em></strong></span> <span class='ocrx_word' id='word_1_187' title='bbox 581 2638 726 2720; x_wconf 87' lang='grc' dir='ltr'><strong><em>Θούγγης</em></strong></span> <span class='ocrx_word' id='word_1_188' title='bbox 750 2636 847 2698; x_wconf 81' lang='grc' dir='ltr'><strong><em>εἶπεν·</em></strong></span> <span class='ocrx_word' id='word_1_189' title='bbox 885 2641 995 2700; x_wconf 80' lang='grc' dir='ltr'><strong><em>Ὁπότε</em></strong></span> <span class='ocrx_word' id='word_1_190' title='bbox 1018 2639 1034 2700; x_wconf 83' lang='grc' dir='ltr'>ὁ</span> <span class='ocrx_word' id='word_1_191' title='bbox 1057 2643 1183 2722; x_wconf 83' lang='grc' dir='ltr'><strong><em>χριστὸς</em></strong></span> <span class='ocrx_word' id='word_1_192' title='bbox 1212 2637 1348 2708; x_wconf 74' lang='grc' dir='ltr'><strong><em>ἀλήθειά</em></strong></span> <span class='ocrx_word' id='word_1_193' title='bbox 1375 2639 1466 2715; x_wconf 84' lang='grc' dir='ltr'><strong><em>ἐστιν,</em></strong></span> <span class='ocrx_word' id='word_1_194' title='bbox 1488 2635 1531 2710; x_wconf 73' lang='grc' dir='ltr'><strong><em>νζ</em></strong></span> 
     </span>
     <span class='ocr_line' id='line_1_22' title="bbox 271 2744 1468 2833; baseline 0 -27"><span class='ocrx_word' id='word_1_195' title='bbox 271 2744 384 2827; x_wconf 82' lang='grc' dir='ltr'><strong><em>μᾶλλον</em></strong></span> <span class='ocrx_word' id='word_1_196' title='bbox 402 2757 438 2824; x_wconf 76' lang='grc' dir='ltr'><strong><em>τῇ</em></strong></span> <span class='ocrx_word' id='word_1_197' title='bbox 456 2745 594 2824; x_wconf 82' lang='grc' dir='ltr'><strong><em>ἀληθείᾳ</em></strong></span> <span class='ocrx_word' id='word_1_198' title='bbox 608 2749 626 2814; x_wconf 81' lang='grc' dir='ltr'>ἢ</span> <span class='ocrx_word' id='word_1_199' title='bbox 644 2757 680 2824; x_wconf 72' lang='grc' dir='ltr'><strong><em>τῇ</em></strong></span> <span class='ocrx_word' id='word_1_200' title='bbox 699 2744 852 2824; x_wconf 80' lang='grc' dir='ltr'><strong><em>συνηθείᾳ</em></strong></span> <span class='ocrx_word' id='word_1_201' title='bbox 868 2745 1001 2807; x_wconf 75' lang='grc' dir='ltr'><strong><em>ἕπεσθαι</em></strong></span> <span class='ocrx_word' id='word_1_202' title='bbox 1018 2745 1186 2833; x_wconf 81' lang='grc' dir='ltr'><strong><em>ὀφείλομεν,</em></strong></span> <span class='ocrx_word' id='word_1_203' title='bbox 1199 2748 1249 2808; x_wconf 90' lang='grc' dir='ltr'><strong><em>ίνα</em></strong></span> <span class='ocrx_word' id='word_1_204' title='bbox 1265 2751 1335 2818; x_wconf 84' lang='grc' dir='ltr'><strong><em>τοὺς</em></strong></span> <span class='ocrx_word' id='word_1_205' title='bbox 1352 2749 1468 2828; x_wconf 89' lang='grc' dir='ltr'><strong><em>αίρετι-</em></strong></span> 
     </span>
     <span class='ocr_line' id='line_1_23' title="bbox 271 2851 1468 2938; baseline -0.001 -24"><span class='ocrx_word' id='word_1_206' title='bbox 271 2859 343 2923; x_wconf 88' lang='grc' dir='ltr'><strong><em>κούς</em></strong></span> <span class='ocrx_word' id='word_1_207' title='bbox 358 2859 430 2923; x_wconf 89' lang='grc' dir='ltr'><strong><em>τούς</em></strong></span> <span class='ocrx_word' id='word_1_208' title='bbox 447 2851 498 2916; x_wconf 80' lang='grc' dir='ltr'><strong><em>διὰ</em></strong></span> <span class='ocrx_word' id='word_1_209' title='bbox 516 2865 604 2916; x_wconf 90' lang='grc' dir='ltr'><strong><em>τοῦτο</em></strong></span> <span class='ocrx_word' id='word_1_210' title='bbox 622 2856 699 2938; x_wconf 85' lang='grc' dir='ltr'><strong><em>πρὸς</em></strong></span> <span class='ocrx_word' id='word_1_211' title='bbox 709 2856 794 2934; x_wconf 77' lang='grc' dir='ltr'><strong><em>ἡμᾶς</em></strong></span> <span class='ocrx_word' id='word_1_212' title='bbox 807 2857 1003 2937; x_wconf 87' lang='grc' dir='ltr'><strong><em>ἐρχομίνους,</em></strong></span> <span class='ocrx_word' id='word_1_213' title='bbox 1021 2859 1064 2916; x_wconf 81' lang='grc' dir='ltr'><strong><em>ὅτι</em></strong></span> <span class='ocrx_word' id='word_1_214' title='bbox 1082 2851 1139 2929; x_wconf 80' lang='grc' dir='ltr'><strong><em>ίξυι</em></strong></span> <span class='ocrx_word' id='word_1_215' title='bbox 1156 2852 1252 2937; x_wconf 77' lang='grc' dir='ltr'><strong><em>μηδὲν</em></strong></span> <span class='ocrx_word' id='word_1_216' title='bbox 1268 2851 1375 2934; x_wconf 82' lang='grc' dir='ltr'><strong><em>λαβεῖν</em></strong></span> <span class='ocrx_word' id='word_1_217' title='bbox 1391 2851 1468 2922; x_wconf 80' lang='grc' dir='ltr'><strong><em>ἠδυ-</em></strong></span> 
     </span>
     <span class='ocr_line' id='line_1_24' title="bbox 271 2957 1156 3044; baseline 0.005 -24"><span class='ocrx_word' id='word_1_218' title='bbox 271 2961 427 3037; x_wconf 83' lang='grc' dir='ltr'><strong><em>νήθησαν,</em></strong></span> <span class='ocrx_word' id='word_1_219' title='bbox 445 2968 488 3039; x_wconf 84' lang='grc' dir='ltr'><strong><em>τῷ</em></strong></span> <span class='ocrx_word' id='word_1_220' title='bbox 507 2973 563 3032; x_wconf 82' lang='grc' dir='ltr'><strong><em>τῆς</em></strong></span> <span class='ocrx_word' id='word_1_221' title='bbox 579 2961 738 3031; x_wconf 85' lang='grc' dir='ltr'><strong><em>ἐκκλησίας</em></strong></span> <span class='ocrx_word' id='word_1_222' title='bbox 755 2957 948 3043; x_wconf 86' lang='grc' dir='ltr'><strong><em>βαπτίσματι</em></strong></span> <span class='ocrx_word' id='word_1_223' title='bbox 965 2964 1156 3044; x_wconf 88' lang='grc' dir='ltr'><strong><em>οίγιοίσωμεν.</em></strong></span> 
     </span>
     <span class='ocr_line' id='line_1_25' title="bbox 273 3067 1527 3160; baseline 0.002 -30"><span class='ocrx_word' id='word_1_224' title='bbox 273 3071 418 3154; x_wconf 82' lang='grc' dir='ltr'><strong><em>θύηκεωρ</em></strong></span> <span class='ocrx_word' id='word_1_225' title='bbox 437 3073 498 3132; x_wconf 82' lang='grc' dir='ltr'><strong><em>ἀπό</em></strong></span> <span class='ocrx_word' id='word_1_226' title='bbox 515 3067 694 3152; x_wconf 85' lang='grc' dir='ltr'><strong><em>Ὀκτοίβγου</em></strong></span> <span class='ocrx_word' id='word_1_227' title='bbox 708 3068 799 3132; x_wconf 86' lang='grc' dir='ltr'><strong><em>είπεν·</em></strong></span> <span class='ocrx_word' id='word_1_228' title='bbox 817 3068 914 3153; x_wconf 82' lang='grc' dir='ltr'><strong><em>Ὅπερ</em></strong></span> <span class='ocrx_word' id='word_1_229' title='bbox 927 3077 977 3131; x_wconf 90' lang='grc' dir='ltr'><strong><em>καί</em></strong></span> <span class='ocrx_word' id='word_1_230' title='bbox 995 3074 1079 3151; x_wconf 84' lang='grc' dir='ltr'><strong><em>ὑμεῖς</em></strong></span> <span class='ocrx_word' id='word_1_231' title='bbox 1097 3075 1168 3146; x_wconf 91' lang='grc' dir='ltr'><strong><em>ίσεε,</em></strong></span> <span class='ocrx_word' id='word_1_232' title='bbox 1186 3076 1293 3132; x_wconf 87' lang='grc' dir='ltr'><strong><em>νεωστί</em></strong></span> <span class='ocrx_word' id='word_1_233' title='bbox 1306 3072 1466 3139; x_wconf 87' lang='grc' dir='ltr'><strong><em>ἐπίσκοπος</em></strong></span> <span class='ocrx_word' id='word_1_234' title='bbox 1488 3095 1527 3160; x_wconf 77' lang='grc' dir='ltr'><strong><em>οη</em></strong></span> 
     </span>
    </p>
   </div>
   <div class='ocr_carea' id='block_1_4' title="bbox 226 3175 1530 4530">
    <p class='ocr_par' dir='ltr' id='par_1_8' title="bbox 226 3175 1530 4530">
     <span class='ocr_line' id='line_1_26' title="bbox 226 3175 1468 3262; baseline 0.006 -30"><span class='ocrx_word' id='word_1_235' title='bbox 226 3195 253 3234; x_wconf 79' lang='grc' dir='ltr'><strong><em>ει</em></strong></span> <span class='ocrx_word' id='word_1_236' title='bbox 271 3178 471 3248; x_wconf 85' lang='grc' dir='ltr'><strong><em>κατεστάθην</em></strong></span> <span class='ocrx_word' id='word_1_237' title='bbox 488 3184 539 3239; x_wconf 89' lang='grc' dir='ltr'><strong><em>καί</em></strong></span> <span class='ocrx_word' id='word_1_238' title='bbox 557 3175 608 3238; x_wconf 81' lang='grc' dir='ltr'><strong><em>ιλιοί</em></strong></span> <span class='ocrx_word' id='word_1_239' title='bbox 625 3189 714 3239; x_wconf 89' lang='grc' dir='ltr'><strong><em>τοῦτο</em></strong></span> <span class='ocrx_word' id='word_1_240' title='bbox 731 3183 902 3262; x_wconf 79' lang='grc' dir='ltr'><strong><em>περιέμενον</em></strong></span> <span class='ocrx_word' id='word_1_241' title='bbox 916 3184 1043 3247; x_wconf 81' lang='grc' dir='ltr'><strong><em>τὴντῶν</em></strong></span> <span class='ocrx_word' id='word_1_242' title='bbox 1060 3182 1118 3262; x_wconf 80' lang='grc' dir='ltr'><strong><em>πρὸ</em></strong></span> <span class='ocrx_word' id='word_1_243' title='bbox 1132 3180 1206 3259; x_wconf 81' lang='grc' dir='ltr'><strong><em>ἐμοῦ</em></strong></span> <span class='ocrx_word' id='word_1_244' title='bbox 1223 3181 1361 3261; x_wconf 82' lang='grc' dir='ltr'><strong><em>γνώμην.</em></strong></span> <span class='ocrx_word' id='word_1_245' title='bbox 1379 3185 1468 3240; x_wconf 88' lang='grc' dir='ltr'><strong><em>τοῦτο</em></strong></span> 
     </span>
     <span class='ocr_line' id='line_1_27' title="bbox 273 3283 1468 3372; baseline 0 -26"><span class='ocrx_word' id='word_1_246' title='bbox 273 3287 323 3348; x_wconf 81' lang='grc' dir='ltr'><strong><em>οὖν</em></strong></span> <span class='ocrx_word' id='word_1_247' title='bbox 339 3293 389 3348; x_wconf 89' lang='grc' dir='ltr'><strong><em>καί</em></strong></span> <span class='ocrx_word' id='word_1_248' title='bbox 406 3290 500 3356; x_wconf 81' lang='grc' dir='ltr'><strong><em>αὐτὸς</em></strong></span> <span class='ocrx_word' id='word_1_249' title='bbox 517 3296 631 3372; x_wconf 86' lang='grc' dir='ltr'><strong><em>φρονῶ,</em></strong></span> <span class='ocrx_word' id='word_1_250' title='bbox 653 3288 702 3346; x_wconf 92' lang='grc' dir='ltr'><strong><em>ίνα</em></strong></span> <span class='ocrx_word' id='word_1_251' title='bbox 725 3288 754 3348; x_wconf 91' lang='grc' dir='ltr'><strong><em>οί</em></strong></span> <span class='ocrx_word' id='word_1_252' title='bbox 775 3288 836 3348; x_wconf 81' lang='grc' dir='ltr'><strong><em>ἀπὸ</em></strong></span> <span class='ocrx_word' id='word_1_253' title='bbox 853 3294 914 3346; x_wconf 85' lang='grc' dir='ltr'><strong><em>τῶν</em></strong></span> <span class='ocrx_word' id='word_1_254' title='bbox 932 3287 1078 3371; x_wconf 86' lang='grc' dir='ltr'><strong><em>αίρίσεων</em></strong></span> <span class='ocrx_word' id='word_1_255' title='bbox 1096 3289 1254 3369; x_wconf 84' lang='grc' dir='ltr'><strong><em>ἐρχόμενοι</em></strong></span> <span class='ocrx_word' id='word_1_256' title='bbox 1272 3283 1468 3355; x_wconf 81' lang='grc' dir='ltr'><strong><em>ἀδιστσίκεως</em></strong></span> 
     </span>
     <span class='ocr_line' id='line_1_28' title="bbox 274 3392 507 3474; baseline -0.009 -20"><span class='ocrx_word' id='word_1_257' title='bbox 274 3392 507 3474; x_wconf 80' lang='grc' dir='ltr'><strong><em>βαπτισθύνσιν.</em></strong></span> 
     </span>
     <span class='ocr_line' id='line_1_29' title="bbox 274 3500 1530 3588; baseline 0.002 -25"><span class='ocrx_word' id='word_1_258' title='bbox 274 3503 407 3586; x_wconf 84' lang='grc' dir='ltr'><strong><em>Κλάριος</em></strong></span> <span class='ocrx_word' id='word_1_259' title='bbox 415 3505 475 3564; x_wconf 85' lang='grc' dir='ltr'><strong><em>σίιεύ</em></strong></span> <span class='ocrx_word' id='word_1_260' title='bbox 485 3501 669 3573; x_wconf 86' lang='grc' dir='ltr'><strong><em>Μασκούλης</em></strong></span> <span class='ocrx_word' id='word_1_261' title='bbox 682 3500 772 3563; x_wconf 82' lang='grc' dir='ltr'><strong><em>εἶπεν·</em></strong></span> <span class='ocrx_word' id='word_1_262' title='bbox 787 3502 945 3586; x_wconf 75' lang='grc' dir='ltr'><strong><em>Πρύόηλός</em></strong></span> <span class='ocrx_word' id='word_1_263' title='bbox 958 3505 1036 3564; x_wconf 86' lang='grc' dir='ltr'><strong><em>ἐστιν</em></strong></span> <span class='ocrx_word' id='word_1_264' title='bbox 1049 3508 1068 3574; x_wconf 75' lang='grc' dir='ltr'><strong><em>ἡ</em></strong></span> <span class='ocrx_word' id='word_1_265' title='bbox 1082 3514 1136 3564; x_wconf 91' lang='grc' dir='ltr'><strong><em>τοῦ</em></strong></span> <span class='ocrx_word' id='word_1_266' title='bbox 1148 3508 1251 3588; x_wconf 87' lang='grc' dir='ltr'><strong><em>κυρίου</em></strong></span> <span class='ocrx_word' id='word_1_267' title='bbox 1265 3509 1352 3585; x_wconf 81' lang='grc' dir='ltr'><strong><em>ἡμῶν</em></strong></span> <span class='ocrx_word' id='word_1_268' title='bbox 1363 3503 1468 3572; x_wconf 87' lang='grc' dir='ltr'><strong><em>Ἰησοῦ</em></strong></span> <span class='ocrx_word' id='word_1_269' title='bbox 1487 3501 1530 3565; x_wconf 72' lang='grc' dir='ltr'><strong><em>οὔ</em></strong></span> 
     </span>
     <span class='ocr_line' id='line_1_30' title="bbox 272 3611 1466 3697; baseline 0 -25"><span class='ocrx_word' id='word_1_270' title='bbox 272 3623 399 3694; x_wconf 74' lang='grc' dir='ltr'><strong><em>χριστοῦ</em></strong></span> <span class='ocrx_word' id='word_1_271' title='bbox 424 3615 581 3697; x_wconf 76' lang='grc' dir='ltr'><strong><em>ἀπόφασις</em></strong></span> <span class='ocrx_word' id='word_1_272' title='bbox 604 3611 840 3682; x_wconf 73' lang='grc' dir='ltr'><strong><em>ἀποστέλλοντος</em></strong></span> <span class='ocrx_word' id='word_1_273' title='bbox 864 3617 935 3682; x_wconf 88' lang='grc' dir='ltr'><strong><em>τοῦς</em></strong></span> <span class='ocrx_word' id='word_1_274' title='bbox 958 3613 1070 3673; x_wconf 81' lang='grc' dir='ltr'><strong><em>ἑαυτοῦ</em></strong></span> <span class='ocrx_word' id='word_1_275' title='bbox 1088 3611 1276 3682; x_wconf 81' lang='grc' dir='ltr'><strong><em>ἀποστόλους</em></strong></span> <span class='ocrx_word' id='word_1_276' title='bbox 1293 3617 1342 3673; x_wconf 89' lang='grc' dir='ltr'><strong><em>καί</em></strong></span> <span class='ocrx_word' id='word_1_277' title='bbox 1359 3614 1466 3680; x_wconf 81' lang='grc' dir='ltr'><strong><em>αὐτοῖς</em></strong></span> 
     </span>
     <span class='ocr_line' id='line_1_31' title="bbox 227 3717 1468 3802; baseline -0.003 -20"><span class='ocrx_word' id='word_1_278' title='bbox 227 3735 253 3772; x_wconf 78' lang='lat'><strong><em>³⁰</em></strong></span> <span class='ocrx_word' id='word_1_279' title='bbox 271 3724 375 3800; x_wconf 85' lang='grc' dir='ltr'><strong><em>μόνοις</em></strong></span> <span class='ocrx_word' id='word_1_280' title='bbox 392 3727 445 3790; x_wconf 84' lang='grc' dir='ltr'><strong><em>τὴν</em></strong></span> <span class='ocrx_word' id='word_1_281' title='bbox 463 3717 600 3795; x_wconf 79' lang='grc' dir='ltr'><strong><em>ἐξουσίαν</em></strong></span> <span class='ocrx_word' id='word_1_282' title='bbox 619 3721 840 3802; x_wconf 83' lang='grc' dir='ltr'><strong><em>ἐπιτρέποντος,</em></strong></span> <span class='ocrx_word' id='word_1_283' title='bbox 859 3719 903 3790; x_wconf 81' lang='grc' dir='ltr'><strong><em>οἷς</em></strong></span> <span class='ocrx_word' id='word_1_284' title='bbox 920 3724 1008 3801; x_wconf 80' lang='grc' dir='ltr'><strong><em>ἡμεῖς</em></strong></span> <span class='ocrx_word' id='word_1_285' title='bbox 1025 3717 1300 3801; x_wconf 82' lang='grc' dir='ltr'><strong><em>ἐξακολονθσῦμεν,</em></strong></span> <span class='ocrx_word' id='word_1_286' title='bbox 1318 3731 1353 3798; x_wconf 73' lang='grc' dir='ltr'><strong><em>τῇ</em></strong></span> <span class='ocrx_word' id='word_1_287' title='bbox 1372 3721 1468 3780; x_wconf 82' lang='grc' dir='ltr'><strong><em>αὐτοῦ</em></strong></span> 
     </span>
     <span class='ocr_line' id='line_1_32' title="bbox 273 3825 1469 3911; baseline -0.003 -24"><span class='ocrx_word' id='word_1_288' title='bbox 273 3825 395 3908; x_wconf 81' lang='grc' dir='ltr'><strong><em>ἐξουσίᾳ</em></strong></span> <span class='ocrx_word' id='word_1_289' title='bbox 420 3834 472 3898; x_wconf 86' lang='grc' dir='ltr'><strong><em>τὴν</em></strong></span> <span class='ocrx_word' id='word_1_290' title='bbox 497 3829 652 3898; x_wconf 83' lang='grc' dir='ltr'><strong><em>ἐκκλησίαν</em></strong></span> <span class='ocrx_word' id='word_1_291' title='bbox 676 3835 729 3887; x_wconf 84' lang='grc' dir='ltr'><strong><em>τοῦ</em></strong></span> <span class='ocrx_word' id='word_1_292' title='bbox 754 3827 832 3888; x_wconf 87' lang='grc' dir='ltr'><strong><em>θεοῦ</em></strong></span> <span class='ocrx_word' id='word_1_293' title='bbox 856 3825 1061 3911; x_wconf 87' lang='grc' dir='ltr'><strong><em>κυβερνῶντες</em></strong></span> <span class='ocrx_word' id='word_1_294' title='bbox 1082 3834 1132 3888; x_wconf 91' lang='grc' dir='ltr'><strong><em>καί</em></strong></span> <span class='ocrx_word' id='word_1_295' title='bbox 1150 3833 1219 3896; x_wconf 82' lang='grc' dir='ltr'><strong><em>τοὺς</em></strong></span> <span class='ocrx_word' id='word_1_296' title='bbox 1243 3831 1469 3895; x_wconf 80' lang='grc' dir='ltr'><strong><em>πιστεύσαντας</em></strong></span> 
     </span>
     <span class='ocr_line' id='line_1_33' title="bbox 273 3931 1468 4019; baseline -0.004 -21"><span class='ocrx_word' id='word_1_297' title='bbox 273 3933 485 4017; x_wconf 85' lang='grc' dir='ltr'><strong><em>βαπτίζοντες.</em></strong></span> <span class='ocrx_word' id='word_1_298' title='bbox 516 3939 566 3998; x_wconf 91' lang='grc' dir='ltr'><strong><em>καί</em></strong></span> <span class='ocrx_word' id='word_1_299' title='bbox 584 3935 634 3998; x_wconf 73' lang='grc' dir='ltr'><strong><em>διὰ</em></strong></span> <span class='ocrx_word' id='word_1_300' title='bbox 660 3947 749 3997; x_wconf 89' lang='grc' dir='ltr'><strong><em>τοῦτο</em></strong></span> <span class='ocrx_word' id='word_1_301' title='bbox 773 3938 801 3996; x_wconf 88' lang='grc' dir='ltr'><strong><em>σι’</em></strong></span> <span class='ocrx_word' id='word_1_302' title='bbox 823 3939 962 4019; x_wconf 87' lang='grc' dir='ltr'><strong><em>αίρετικοί</em></strong></span> <span class='ocrx_word' id='word_1_303' title='bbox 979 3939 1008 3998; x_wconf 88' lang='grc' dir='ltr'><strong><em>σί</em></strong></span> <span class='ocrx_word' id='word_1_304' title='bbox 1022 3945 1098 4018; x_wconf 75' lang='grc' dir='ltr'><strong><em>μήτε</em></strong></span> <span class='ocrx_word' id='word_1_305' title='bbox 1117 3941 1170 4006; x_wconf 77' lang='grc' dir='ltr'><strong><em>τὴν</em></strong></span> <span class='ocrx_word' id='word_1_306' title='bbox 1188 3931 1327 4010; x_wconf 81' lang='grc' dir='ltr'><strong><em>ἐξουσίαν</em></strong></span> <span class='ocrx_word' id='word_1_307' title='bbox 1345 3938 1468 4017; x_wconf 79' lang='grc' dir='ltr'><strong><em>ἔχοντες</em></strong></span> 
     </span>
     <span class='ocr_line' id='line_1_34' title="bbox 354 4108 1469 4169; baseline 0 -18"><span class='ocrx_word' id='word_1_308' title='bbox 354 4116 365 4151; x_wconf 88' lang='lat'><em>1</em></span> <span class='ocrx_word' id='word_1_309' title='bbox 382 4109 460 4153; x_wconf 73' lang='grc' dir='ltr'><strong><em>Ἐπεί</em></strong></span> <span class='ocrx_word' id='word_1_310' title='bbox 480 4109 502 4152; x_wconf 83' lang='grc' dir='ltr'><strong><em>ίν</em></strong></span> <span class='ocrx_word' id='word_1_311' title='bbox 517 4110 625 4166; x_wconf 69' lang='grc' dir='ltr'><strong><em>βάπτισμα</em></strong></span> <span class='ocrx_word' id='word_1_312' title='bbox 641 4115 665 4154; x_wconf 89' lang='grc' dir='ltr'><strong><em>Ρ.</em></strong></span> <span class='ocrx_word' id='word_1_313' title='bbox 681 4133 707 4142; x_wconf 92' lang='grc'>-</span> <span class='ocrx_word' id='word_1_314' title='bbox 728 4115 740 4152; x_wconf 78' lang='lat'>2</span> <span class='ocrx_word' id='word_1_315' title='bbox 760 4111 815 4169; x_wconf 67' lang='grc' dir='ltr'><strong><em>μόνηΙ</em></strong></span> <span class='ocrx_word' id='word_1_316' title='bbox 836 4113 863 4169; x_wconf 72' lang='grc' dir='ltr'><strong><em>τῇ</em></strong></span> <span class='ocrx_word' id='word_1_317' title='bbox 886 4111 944 4153; x_wconf 81' lang='grc' dir='ltr'><strong><em>ἐικλ.</em></strong></span> <span class='ocrx_word' id='word_1_318' title='bbox 967 4113 993 4152; x_wconf 98' lang='lat' dir='ltr'><strong><em>P.</em></strong></span> <span class='ocrx_word' id='word_1_319' title='bbox 1008 4133 1035 4142; x_wconf 95' lang='lat'><em>-</em></span> <span class='ocrx_word' id='word_1_320' title='bbox 1053 4108 1207 4168; x_wconf 65' lang='grc' dir='ltr'><strong><em>πρόδηλσνιενέ</em></strong></span> <span class='ocrx_word' id='word_1_321' title='bbox 1226 4113 1262 4152; x_wconf 82' lang='grc' dir='ltr'><strong><em>νιιιί</em></strong></span> <span class='ocrx_word' id='word_1_322' title='bbox 1283 4115 1347 4162; x_wconf 71' lang='lat' dir='ltr'><strong>prius</strong></span> <span class='ocrx_word' id='word_1_323' title='bbox 1361 4124 1387 4150; x_wconf 78' lang='grc' dir='ltr'><strong><em>εν</em></strong></span> <span class='ocrx_word' id='word_1_324' title='bbox 1404 4113 1427 4149; x_wconf 98' lang='grc' dir='ltr'><strong><em>Ρ.</em></strong></span> <span class='ocrx_word' id='word_1_325' title='bbox 1443 4133 1469 4142; x_wconf 81' lang='grc'><strong>-</strong></span> 
     </span>
     <span class='ocr_line' id='line_1_35' title="bbox 273 4179 1470 4242; baseline 0.003 -19"><span class='ocrx_word' id='word_1_326' title='bbox 273 4186 286 4223; x_wconf 79' lang='grc' dir='ltr'><strong><em>ἐ</em></strong></span> <span class='ocrx_word' id='word_1_327' title='bbox 299 4179 353 4228; x_wconf 70' lang='grc' dir='ltr'><strong><em>*ὡς</em></strong></span> <span class='ocrx_word' id='word_1_328' title='bbox 364 4185 388 4222; x_wconf 86' lang='grc' dir='ltr'><strong><em>Ρ.</em></strong></span> <span class='ocrx_word' id='word_1_329' title='bbox 399 4205 425 4215; x_wconf 88' lang='grc'><strong>-</strong></span> <span class='ocrx_word' id='word_1_330' title='bbox 435 4186 447 4223; x_wconf 82' lang='grc' dir='ltr'><strong><em>ῦ</em></strong></span> <span class='ocrx_word' id='word_1_331' title='bbox 459 4183 552 4226; x_wconf 70' lang='grc' dir='ltr'><strong><em>Κατῦεί</em></strong></span> <span class='ocrx_word' id='word_1_332' title='bbox 563 4182 638 4237; x_wconf 81' lang='grc' dir='ltr'><strong><em>πιεύμ.</em></strong></span> <span class='ocrx_word' id='word_1_333' title='bbox 647 4196 674 4225; x_wconf 77' lang='grc' dir='ltr'><strong><em>ιν</em></strong></span> <span class='ocrx_word' id='word_1_334' title='bbox 682 4187 705 4225; x_wconf 87' lang='lat' dir='ltr'><strong><em>P.</em></strong></span> <span class='ocrx_word' id='word_1_335' title='bbox 717 4206 743 4215; x_wconf 93' lang='lat'>-</span> <span class='ocrx_word' id='word_1_336' title='bbox 758 4188 771 4226; x_wconf 74' lang='grc' dir='ltr'>θ</span> <span class='ocrx_word' id='word_1_337' title='bbox 786 4183 889 4239; x_wconf 78' lang='grc' dir='ltr'><strong><em>Λύσιίφητ</em></strong></span> <span class='ocrx_word' id='word_1_338' title='bbox 904 4187 929 4225; x_wconf 96' lang='grc' dir='ltr'><strong><em>Ρ.</em></strong></span> <span class='ocrx_word' id='word_1_339' title='bbox 945 4206 971 4215; x_wconf 94' lang='grc'>-</span> <span class='ocrx_word' id='word_1_340' title='bbox 980 4187 994 4226; x_wconf 84' lang='lat'>8</span> <span class='ocrx_word' id='word_1_341' title='bbox 1004 4187 1053 4225; x_wconf 81' lang='grc' dir='ltr'><strong><em>ίοσο</em></strong></span> <span class='ocrx_word' id='word_1_342' title='bbox 1062 4184 1151 4239; x_wconf 73' lang='grc' dir='ltr'><strong><em>χριστοῦ</em></strong></span> <span class='ocrx_word' id='word_1_343' title='bbox 1162 4186 1178 4224; x_wconf 89' lang='grc' dir='ltr'><strong><em>Ρ</em></strong></span> <span class='ocrx_word' id='word_1_344' title='bbox 1188 4185 1225 4225; x_wconf 80' lang='grc' dir='ltr'><strong><em>καί</em></strong></span> <span class='ocrx_word' id='word_1_345' title='bbox 1235 4182 1298 4242; x_wconf 72' lang='grc' dir='ltr'><strong><em>ἁγίου</em></strong></span> <span class='ocrx_word' id='word_1_346' title='bbox 1308 4181 1435 4237; x_wconf 73' lang='grc' dir='ltr'><strong><em>πνεύματος.</em></strong></span> <span class='ocrx_word' id='word_1_347' title='bbox 1444 4204 1470 4213; x_wconf 94' lang='grc'>-</span> 
     </span>
     <span class='ocr_line' id='line_1_36' title="bbox 275 4253 1471 4312; baseline -0.001 -17"><span class='ocrx_word' id='word_1_348' title='bbox 275 4255 497 4308; x_wconf 68' lang='grc' dir='ltr'><strong><em>ίστίψίίφημιινΡ.</em></strong></span> <span class='ocrx_word' id='word_1_349' title='bbox 514 4278 541 4286; x_wconf 94' lang='grc'>-</span> <span class='ocrx_word' id='word_1_350' title='bbox 555 4259 567 4297; x_wconf 80' lang='grc'>9</span> <span class='ocrx_word' id='word_1_351' title='bbox 582 4255 628 4297; x_wconf 80' lang='grc' dir='ltr'><strong><em>δείν</em></strong></span> <span class='ocrx_word' id='word_1_352' title='bbox 642 4269 707 4311; x_wconf 85' lang='grc' dir='ltr'><strong><em>φημι,</em></strong></span> <span class='ocrx_word' id='word_1_353' title='bbox 722 4259 759 4298; x_wconf 81' lang='grc' dir='ltr'><strong><em>καί</em></strong></span> <span class='ocrx_word' id='word_1_354' title='bbox 773 4259 799 4298; x_wconf 90' lang='grc' dir='ltr'><strong><em>Ρ.</em></strong></span> <span class='ocrx_word' id='word_1_355' title='bbox 814 4279 842 4288; x_wconf 88' lang='lat'><strong><em>·-</em></strong></span> <span class='ocrx_word' id='word_1_356' title='bbox 863 4263 887 4298; x_wconf 88' lang='lat'><strong><em>11</em></strong></span> <span class='ocrx_word' id='word_1_357' title='bbox 903 4253 973 4310; x_wconf 80' lang='grc' dir='ltr'><strong><em>Φίληξ</em></strong></span> <span class='ocrx_word' id='word_1_358' title='bbox 988 4258 1012 4297; x_wconf 89' lang='grc' dir='ltr'><strong><em>Ρ,</em></strong></span> <span class='ocrx_word' id='word_1_359' title='bbox 1028 4278 1055 4288; x_wconf 90' lang='grc'>-</span> <span class='ocrx_word' id='word_1_360' title='bbox 1069 4254 1181 4312; x_wconf 81' lang='grc' dir='ltr'><strong><em>Τυυριτιῖον</em></strong></span> <span class='ocrx_word' id='word_1_361' title='bbox 1195 4259 1221 4298; x_wconf 89' lang='grc' dir='ltr'><strong><em>Ρ.</em></strong></span> <span class='ocrx_word' id='word_1_362' title='bbox 1236 4277 1263 4288; x_wconf 86' lang='grc'><strong><em>-·</em></strong></span> <span class='ocrx_word' id='word_1_363' title='bbox 1284 4259 1308 4296; x_wconf 71' lang='lat'><strong><em>12</em></strong></span> <span class='ocrx_word' id='word_1_364' title='bbox 1323 4257 1397 4310; x_wconf 77' lang='grc' dir='ltr'><strong><em>πρέττ.</em></strong></span> <span class='ocrx_word' id='word_1_365' title='bbox 1413 4268 1438 4295; x_wconf 78' lang='grc' dir='ltr'><strong><em>ιν</em></strong></span> <span class='ocrx_word' id='word_1_366' title='bbox 1453 4256 1471 4294; x_wconf 91' lang='grc' dir='ltr'><strong><em>Ρ</em></strong></span> 
     </span>
     <span class='ocr_line' id='line_1_37' title="bbox 274 4326 1470 4382; baseline -0.001 -14"><span class='ocrx_word' id='word_1_367' title='bbox 274 4335 296 4370; x_wconf 83' lang='grc' dir='ltr'><strong><em>εί</em></strong></span> <span class='ocrx_word' id='word_1_368' title='bbox 316 4341 366 4368; x_wconf 79' lang='lat' dir='ltr'><strong><em>mox</em></strong></span> <span class='ocrx_word' id='word_1_369' title='bbox 381 4326 465 4380; x_wconf 78' lang='grc' dir='ltr'><strong><em>ἐκυμοι.</em></strong></span> <span class='ocrx_word' id='word_1_370' title='bbox 485 4349 512 4358; x_wconf 91' lang='grc'><strong>-</strong></span> <span class='ocrx_word' id='word_1_371' title='bbox 532 4331 564 4369; x_wconf 71' lang='lat'><strong><em>12.</em></strong></span> <span class='ocrx_word' id='word_1_372' title='bbox 582 4331 607 4368; x_wconf 78' lang='lat'><strong><em>13</em></strong></span> <span class='ocrx_word' id='word_1_373' title='bbox 628 4328 780 4379; x_wconf 68' lang='grc' dir='ltr'><strong><em>βαπτειιθέντσς</em></strong></span> <span class='ocrx_word' id='word_1_374' title='bbox 794 4331 820 4368; x_wconf 87' lang='grc' dir='ltr'><strong><em>Ρ.</em></strong></span> <span class='ocrx_word' id='word_1_375' title='bbox 837 4350 863 4359; x_wconf 95' lang='grc'>-</span> <span class='ocrx_word' id='word_1_376' title='bbox 883 4331 916 4370; x_wconf 78' lang='grc'><strong><em>18.</em></strong></span> <span class='ocrx_word' id='word_1_377' title='bbox 935 4331 958 4370; x_wconf 75' lang='grc'><strong><em>14</em></strong></span> <span class='ocrx_word' id='word_1_378' title='bbox 979 4327 1109 4382; x_wconf 78' lang='grc' dir='ltr'><strong><em>βαπτίσματι</em></strong></span> <span class='ocrx_word' id='word_1_379' title='bbox 1128 4331 1153 4370; x_wconf 87' lang='grc' dir='ltr'><strong><em>Ρ.</em></strong></span> <span class='ocrx_word' id='word_1_380' title='bbox 1169 4351 1195 4362; x_wconf 91' lang='lat'><strong><em>-·</em></strong></span> <span class='ocrx_word' id='word_1_381' title='bbox 1217 4326 1365 4382; x_wconf 81' lang='grc' dir='ltr'><strong><em>βαπτισίίιῖισιν</em></strong></span> <span class='ocrx_word' id='word_1_382' title='bbox 1380 4330 1427 4368; x_wconf 83' lang='grc' dir='ltr'><strong><em>ΜΡ.</em></strong></span> <span class='ocrx_word' id='word_1_383' title='bbox 1443 4349 1470 4358; x_wconf 95' lang='grc'>-</span> 
     </span>
     <span class='ocr_line' id='line_1_38' title="bbox 274 4397 1470 4458; baseline -0.001 -17"><span class='ocrx_word' id='word_1_384' title='bbox 274 4403 300 4442; x_wconf 75' lang='grc' dir='ltr'><strong><em>ού</em></strong></span> <span class='ocrx_word' id='word_1_385' title='bbox 312 4397 443 4446; x_wconf 80' lang='grc' dir='ltr'><strong><em>ΙΙλουτιανός</em></strong></span> <span class='ocrx_word' id='word_1_386' title='bbox 454 4401 478 4440; x_wconf 90' lang='grc' dir='ltr'><strong><em>Ρ.</em></strong></span> <span class='ocrx_word' id='word_1_387' title='bbox 490 4422 515 4430; x_wconf 94' lang='lat'><em>-</em></span> <span class='ocrx_word' id='word_1_388' title='bbox 527 4399 654 4452; x_wconf 79' lang='grc' dir='ltr'><strong><em>βαπτίσματι</em></strong></span> <span class='ocrx_word' id='word_1_389' title='bbox 666 4403 689 4440; x_wconf 88' lang='grc' dir='ltr'><strong><em>Ρ.</em></strong></span> <span class='ocrx_word' id='word_1_390' title='bbox 700 4422 726 4431; x_wconf 93' lang='grc'>-</span> <span class='ocrx_word' id='word_1_391' title='bbox 738 4403 762 4442; x_wconf 83' lang='lat'><strong><em>1¹1</em></strong></span> <span class='ocrx_word' id='word_1_392' title='bbox 777 4399 903 4454; x_wconf 75' lang='grc' dir='ltr'><strong><em>πίύύκημον</em></strong></span> <span class='ocrx_word' id='word_1_393' title='bbox 912 4403 942 4442; x_wconf 78' lang='lat' dir='ltr'><strong><em>M.</em></strong></span> <span class='ocrx_word' id='word_1_394' title='bbox 953 4421 979 4430; x_wconf 93' lang='lat'><em>—</em></span> <span class='ocrx_word' id='word_1_395' title='bbox 992 4403 1016 4442; x_wconf 80' lang='grc'><strong><em>18</em></strong></span> <span class='ocrx_word' id='word_1_396' title='bbox 1031 4398 1078 4442; x_wconf 84' lang='grc' dir='ltr'><strong><em>είπε</em></strong></span> <span class='ocrx_word' id='word_1_397' title='bbox 1093 4403 1117 4440; x_wconf 92' lang='grc' dir='ltr'><strong><em>Ρ.</em></strong></span> <span class='ocrx_word' id='word_1_398' title='bbox 1128 4405 1190 4444; x_wconf 78' lang='grc'><strong><em>-19</em></strong></span> <span class='ocrx_word' id='word_1_399' title='bbox 1201 4400 1281 4458; x_wconf 80' lang='grc' dir='ltr'><strong><em>ἐγωσιν</em></strong></span> <span class='ocrx_word' id='word_1_400' title='bbox 1292 4404 1321 4442; x_wconf 79' lang='grc' dir='ltr'><strong><em>Μ.</em></strong></span> <span class='ocrx_word' id='word_1_401' title='bbox 1332 4422 1358 4431; x_wconf 93' lang='grc'>-</span> <span class='ocrx_word' id='word_1_402' title='bbox 1373 4404 1398 4442; x_wconf 78' lang='lat'><strong><em>20</em></strong></span> <span class='ocrx_word' id='word_1_403' title='bbox 1409 4399 1470 4440; x_wconf 84' lang='grc' dir='ltr'><strong><em>Ονιυ·</em></strong></span> 
     </span>
     <span class='ocr_line' id='line_1_39' title="bbox 275 4469 1470 4530; baseline 0 -18"><span class='ocrx_word' id='word_1_404' title='bbox 275 4470 338 4526; x_wconf 82' lang='grc' dir='ltr'><strong><em>ριίτος</em></strong></span> <span class='ocrx_word' id='word_1_405' title='bbox 353 4475 378 4512; x_wconf 92' lang='grc' dir='ltr'><strong><em>Ρ.</em></strong></span> <span class='ocrx_word' id='word_1_406' title='bbox 390 4493 416 4502; x_wconf 85' lang='grc'><strong><em>·-</em></strong></span> <span class='ocrx_word' id='word_1_407' title='bbox 432 4469 532 4530; x_wconf 76' lang='grc' dir='ltr'><strong><em>Δούγκης</em></strong></span> <span class='ocrx_word' id='word_1_408' title='bbox 541 4474 567 4524; x_wconf 87' lang='grc' dir='ltr'><strong><em>Ρ,</em></strong></span> <span class='ocrx_word' id='word_1_409' title='bbox 578 4470 676 4529; x_wconf 75' lang='grc' dir='ltr'><strong><em>θοογγής</em></strong></span> <span class='ocrx_word' id='word_1_410' title='bbox 685 4484 707 4522; x_wconf 76' lang='grc' dir='ltr'><strong><em>ς.</em></strong></span> <span class='ocrx_word' id='word_1_411' title='bbox 718 4495 745 4504; x_wconf 89' lang='grc'>-</span> <span class='ocrx_word' id='word_1_412' title='bbox 760 4470 846 4526; x_wconf 74' lang='grc' dir='ltr'><strong><em>ἐληύίγς</em></strong></span> <span class='ocrx_word' id='word_1_413' title='bbox 861 4475 886 4522; x_wconf 91' lang='grc' dir='ltr'><strong><em>Ρ,</em></strong></span> <span class='ocrx_word' id='word_1_414' title='bbox 901 4475 942 4514; x_wconf 71' lang='lat' dir='ltr'><strong><em>ned</em></strong></span> <span class='ocrx_word' id='word_1_415' title='bbox 952 4487 966 4523; x_wconf 73' lang='lat' dir='ltr'><strong>g</strong></span> <span class='ocrx_word' id='word_1_416' title='bbox 976 4471 1077 4525; x_wconf 82' lang='grc' dir='ltr'><strong><em>ἐιλήίέεισ.</em></strong></span> <span class='ocrx_word' id='word_1_417' title='bbox 1087 4495 1114 4504; x_wconf 92' lang='lat'>-</span> <span class='ocrx_word' id='word_1_418' title='bbox 1124 4473 1169 4514; x_wconf 80' lang='grc' dir='ltr'><strong><em>ἐστι</em></strong></span> <span class='ocrx_word' id='word_1_419' title='bbox 1186 4477 1224 4524; x_wconf 79' lang='grc' dir='ltr'><strong><em>Ρς.</em></strong></span> <span class='ocrx_word' id='word_1_420' title='bbox 1235 4495 1262 4504; x_wconf 90' lang='grc'>-</span> <span class='ocrx_word' id='word_1_421' title='bbox 1276 4475 1302 4514; x_wconf 74' lang='grc' dir='ltr'><strong><em>ΡΞ</em></strong></span> <span class='ocrx_word' id='word_1_422' title='bbox 1313 4471 1397 4517; x_wconf 74' lang='grc' dir='ltr'><strong><em>τοὺςιυ</em></strong></span> <span class='ocrx_word' id='word_1_423' title='bbox 1408 4474 1432 4513; x_wconf 95' lang='grc' dir='ltr'><strong><em>Ρ.</em></strong></span> <span class='ocrx_word' id='word_1_424' title='bbox 1444 4493 1470 4503; x_wconf 88' lang='lat'><em>-</em></span> 
     </span>
    </p>
   </div>
   <div class='ocr_carea' id='block_1_5' title="bbox 272 4541 1469 4672">
    <p class='ocr_par' dir='ltr' id='par_1_9' title="bbox 272 4541 1469 4672">
     <span class='ocr_line' id='line_1_40' title="bbox 276 4541 1469 4600; baseline -0.001 -14"><span class='ocrx_word' id='word_1_425' title='bbox 276 4547 302 4586; x_wconf 70' lang='lat'><strong><em>24</em></strong></span> <span class='ocrx_word' id='word_1_426' title='bbox 317 4543 417 4598; x_wconf 78' lang='grc' dir='ltr'><strong><em>ίλύίκτευρ</em></strong></span> <span class='ocrx_word' id='word_1_427' title='bbox 433 4547 458 4586; x_wconf 89' lang='grc' dir='ltr'><strong><em>Ρ.</em></strong></span> <span class='ocrx_word' id='word_1_428' title='bbox 469 4566 496 4576; x_wconf 92' lang='lat'><strong><em>·-</em></strong></span> <span class='ocrx_word' id='word_1_429' title='bbox 506 4543 604 4596; x_wconf 77' lang='grc' dir='ltr'><strong><em>ίίκτίιβηο</em></strong></span> <span class='ocrx_word' id='word_1_430' title='bbox 614 4547 641 4584; x_wconf 90' lang='grc' dir='ltr'><strong><em>Ρ.</em></strong></span> <span class='ocrx_word' id='word_1_431' title='bbox 652 4565 678 4574; x_wconf 92' lang='grc'><strong>-</strong></span> <span class='ocrx_word' id='word_1_432' title='bbox 693 4543 742 4585; x_wconf 88' lang='grc' dir='ltr'><strong><em>είπι</em></strong></span> <span class='ocrx_word' id='word_1_433' title='bbox 755 4546 781 4584; x_wconf 88' lang='grc' dir='ltr'><strong><em>Ρ.</em></strong></span> <span class='ocrx_word' id='word_1_434' title='bbox 793 4566 820 4574; x_wconf 95' lang='grc'><strong>-</strong></span> <span class='ocrx_word' id='word_1_435' title='bbox 828 4542 945 4599; x_wconf 54' lang='lat' dir='ltr'><strong><em>‘&#39;Ovem-*25</em></strong></span> <span class='ocrx_word' id='word_1_436' title='bbox 955 4541 1045 4600; x_wconf 79' lang='grc' dir='ltr'><strong><em>γνώμην</em></strong></span> <span class='ocrx_word' id='word_1_437' title='bbox 1056 4559 1081 4586; x_wconf 73' lang='grc' dir='ltr'><strong><em>,ν</em></strong></span> <span class='ocrx_word' id='word_1_438' title='bbox 1092 4547 1116 4586; x_wconf 89' lang='lat' dir='ltr'><strong><em>P.</em></strong></span> <span class='ocrx_word' id='word_1_439' title='bbox 1127 4567 1154 4575; x_wconf 85' lang='lat'><strong><em>-·</em></strong></span> <span class='ocrx_word' id='word_1_440' title='bbox 1164 4547 1236 4587; x_wconf 84' lang='grc' dir='ltr'><strong><em>νεοστί</em></strong></span> <span class='ocrx_word' id='word_1_441' title='bbox 1246 4547 1276 4586; x_wconf 79' lang='grc' dir='ltr'><strong><em>Μ.</em></strong></span> <span class='ocrx_word' id='word_1_442' title='bbox 1288 4565 1314 4576; x_wconf 91' lang='lat'><strong><em>·-</em></strong></span> <span class='ocrx_word' id='word_1_443' title='bbox 1325 4547 1352 4584; x_wconf 67' lang='grc' dir='ltr'><strong><em>κύ</em></strong></span> <span class='ocrx_word' id='word_1_444' title='bbox 1361 4541 1399 4584; x_wconf 78' lang='grc' dir='ltr'><strong><em>σύν</em></strong></span> <span class='ocrx_word' id='word_1_445' title='bbox 1408 4557 1434 4586; x_wconf 81' lang='grc' dir='ltr'><strong><em>ευ</em></strong></span> <span class='ocrx_word' id='word_1_446' title='bbox 1444 4546 1469 4585; x_wconf 89' lang='lat' dir='ltr'><strong><em>P.</em></strong></span> 
     </span>
     <span class='ocr_line' id='line_1_41' title="bbox 272 4613 1468 4672; baseline -0.001 -15"><span class='ocrx_word' id='word_1_447' title='bbox 272 4638 297 4646; x_wconf 97' lang='lat'>-</span> <span class='ocrx_word' id='word_1_448' title='bbox 313 4616 354 4658; x_wconf 83' lang='grc' dir='ltr'><strong><em>τίετύ</em></strong></span> <span class='ocrx_word' id='word_1_449' title='bbox 368 4615 475 4672; x_wconf 78' lang='grc' dir='ltr'><strong><em>σίρίσεωε</em></strong></span> <span class='ocrx_word' id='word_1_450' title='bbox 491 4620 514 4658; x_wconf 89' lang='grc' dir='ltr'><strong><em>Ρ.</em></strong></span> <span class='ocrx_word' id='word_1_451' title='bbox 531 4637 557 4648; x_wconf 89' lang='grc'><strong>-</strong></span> <span class='ocrx_word' id='word_1_452' title='bbox 572 4619 596 4657; x_wconf 76' lang='grc' dir='ltr'><strong><em>ιίί</em></strong></span> <span class='ocrx_word' id='word_1_453' title='bbox 613 4613 750 4668; x_wconf 71' lang='grc' dir='ltr'><strong><em>βαπτισθῆναι</em></strong></span> <span class='ocrx_word' id='word_1_454' title='bbox 765 4619 790 4658; x_wconf 91' lang='grc' dir='ltr'><strong><em>Ρ.</em></strong></span> <span class='ocrx_word' id='word_1_455' title='bbox 806 4638 833 4647; x_wconf 93' lang='grc'>-</span> <span class='ocrx_word' id='word_1_456' title='bbox 847 4619 873 4658; x_wconf 73' lang='lat'><strong><em>28</em></strong></span> <span class='ocrx_word' id='word_1_457' title='bbox 889 4615 936 4658; x_wconf 84' lang='grc' dir='ltr'><strong><em>ιίπε</em></strong></span> <span class='ocrx_word' id='word_1_458' title='bbox 951 4619 976 4657; x_wconf 85' lang='grc' dir='ltr'><strong><em>Ρ.</em></strong></span> <span class='ocrx_word' id='word_1_459' title='bbox 994 4639 1020 4648; x_wconf 93' lang='grc'>-</span> <span class='ocrx_word' id='word_1_460' title='bbox 1035 4621 1061 4658; x_wconf 76' lang='grc'><strong><em>80</em></strong></span> <span class='ocrx_word' id='word_1_461' title='bbox 1076 4615 1149 4660; x_wconf 73' lang='grc' dir='ltr'><strong><em>αὐτῶν</em></strong></span> <span class='ocrx_word' id='word_1_462' title='bbox 1166 4621 1189 4658; x_wconf 91' lang='grc' dir='ltr'><strong><em>Ρ.</em></strong></span> <span class='ocrx_word' id='word_1_463' title='bbox 1206 4639 1232 4648; x_wconf 84' lang='lat'><strong><em>—-</em></strong></span> <span class='ocrx_word' id='word_1_464' title='bbox 1247 4620 1271 4658; x_wconf 73' lang='lat'><strong><em>31</em></strong></span> <span class='ocrx_word' id='word_1_465' title='bbox 1288 4615 1429 4660; x_wconf 80' lang='grc' dir='ltr'><strong><em>πιστεύοντας</em></strong></span> <span class='ocrx_word' id='word_1_466' title='bbox 1444 4619 1468 4656; x_wconf 92' lang='lat' dir='ltr'><strong><em>P.</em></strong></span> 
     </span>
    </p>
   </div>
   <div class='ocr_carea' id='block_1_6' title="bbox 0 0 1591 4976">
    <p class='ocr_par' dir='ltr' id='par_1_10' title="bbox 0 0 1591 4976">
     <span class='ocr_line' id='line_1_42' title="bbox 0 0 1591 4976; baseline 0 0"><span class='ocrx_word' id='word_1_467' title='bbox 0 0 1591 4976; x_wconf 95' lang='lat' dir='ltr'><strong><em> </em></strong></span> 
     </span>
    </p>
   </div>
   <div class='ocr_carea' id='block_1_7' title="bbox 1460 4869 1570 4942">
    <p class='ocr_par' dir='ltr' id='par_1_11' title="bbox 1460 4869 1570 4942">
     <span class='ocr_line' id='line_1_43' title="bbox 1460 4869 1570 4942; baseline 0 0"><span class='ocrx_word' id='word_1_468' title='bbox 1460 4869 1570 4942; x_wconf 65' lang='lat' dir='ltr'>fl</span> 
     </span>
    </p>
   </div>
  </div>
 </body>
</html>
