3052 4974
303 401 343 461 το
1286 393 1429 460 ενι-ο

302 560 427 637 ἄλλους
447 561 484 626 δὲ
506 565 674 645 νηστείαις
691 560 875 645 στιβοόσεις,
899 559 955 625 καὶ
976 561 1109 643 ἑτέρους
1130 559 1316 644 ἀφορίσεις,
1342 561 1429 643 πρὸς

302 661 339 728 τό
356 663 500 747 μέγεθος
521 665 582 728 τοῦ
605 663 810 746 ἐγκλήματος
832 660 947 727 αὐτοῦ.
985 660 1041 726 καὶ
1060 659 1124 746 γάρ
1147 660 1202 726 καὶ
1221 657 1240 726 ό
1257 661 1366 746 νόμος
1387 659 1429 727 οῦ

302 762 426 841 παντός
452 763 685 849 ἁμαρτήματος
712 761 775 848 τήν
803 762 909 848 αὐτὴν
944 765 1089 829 έττοιείτο
1118 767 1298 847 τιμωρίαν,
1339 761 1427 828 ἀλλά

302 864 410 942 ἄλλως
426 867 490 950 μὲν
509 865 550 932 τά
572 867 619 942 είς
639 863 725 930 θεόν
746 865 803 931 καὶ
826 868 873 942 είς
895 865 984 948 ἱερέα
1006 865 1064 930 καί
1078 867 1097 905 *
1115 866 1161 942 είς
1184 863 1275 950 ἱερὸν
1297 863 1359 930 καὶ
1381 869 1427 943 είς

267 969 443 1052 είερελον,
466 967 584 1051 ἑτέρως
605 967 642 1032 δὲ
665 965 705 1032 τά
720 969 771 1044 ἐίς
787 968 926 1051 βασιλέα
949 965 1005 1032 καὶ
1027 965 1173 1053 ἄρχοντα
1200 966 1294 1032 καλ*
1319 984 1425 1052 στρα-

300 1068 424 1153 τιεότην
445 1067 501 1133 καὶ
519 1065 670 1153 ὑπήκοον
692 1065 850 1154 ὁμότιμον
870 1064 893 1154 ἢ
913 1069 1062 1154 οἰκέτην,
1090 1063 1114 1152 ἢ
1134 1070 1182 1145 είς
1202 1071 1313 1152 κτῆμα
1332 1063 1358 1153 ἢ
1380 1072 1426 1145 είς

303 1167 443 1254 ἄλογον,
475 1173 531 1235 καλ
554 1170 658 1235 πόλιν
680 1171 965 1256 παρηλλαγμένως
991 1167 1031 1235 τά
1054 1170 1101 1246 είς
1121 1180 1233 1253 γονεῖς
1259 1169 1317 1235 καὶ
1339 1185 1424 1254 συγ-

302 1283 421 1354 γενεῖς,
443 1269 553 1350 ἄλλως
573 1270 613 1338 τά
637 1272 671 1352 ἐξ
695 1272 838 1358 ἐφόδου,
868 1269 925 1337 καλ
947 1270 988 1337 τό
1011 1269 1180 1348 ἀκουσίως
1202 1270 1338 1356 ἑτέρως·
1369 1269 1424 1337 καί

303 1385 372 1450 τοϊς
392 1373 456 1457 μέν
476 1373 629 1441 θάνατον
653 1369 673 1459 ἢ
694 1372 750 1440 διά
771 1375 921 1456 σταυροῦ
939 1368 963 1457 ή
984 1371 1044 1438 τόν
1064 1371 1122 1438 διά
1145 1376 1270 1456 λίθων,
1295 1384 1366 1450 τοῖς
1387 1375 1422 1440 δὲ

253 1495 285 1546 10
302 1478 421 1560 ζημίαν
440 1471 464 1560 ή
485 1477 647 1561 μα’στιγας
666 1471 690 1561 ή
707 1473 746 1540 τό
767 1473 808 1540 τά
830 1473 928 1559 ὅμοια
950 1481 1076 1541 ταθελν
1097 1467 1147 1552 οἷς
1166 1477 1325 1559 ἔδρασαν.
1366 1473 1423 1540 οῦ-

302 1580 388 1643 κοῦν
423 1578 480 1644 καί
516 1575 610 1662 ὑμεῖς
642 1581 710 1643 τῦν
746 1577 922 1664 διαφόρων
955 1574 1202 1662 ἁμαρτημάτων
1236 1576 1425 1662 διαφόρους

303 1686 456 1746 ποιεῖσθε
486 1679 544 1746 καλ
575 1679 634 1758 τάς
664 1683 841 1764 τιμωρίας,
872 1681 930 1744 ἵνα
960 1679 1006 1763 μή
1029 1701 1079 1755 τις
1109 1676 1224 1744 ἀδικία
1252 1700 1425 1763 τιαρεμτιε-

302 1785 410 1848 σοῦσα
433 1782 556 1869 κινήσῃ
578 1778 744 1848 τὸνθεόν
766 1778 850 1865 πρός
869 1778 1115 1865 ἀγανάκτησιν·
1138 1771 1178 1864 ἧς
1196 1778 1262 1864 γὰρ
1280 1775 1327 1846 ἀν
1350 1779 1453 1846 ddi-u

302 1906 366 1947 κου
381 1887 523 1968 κρίσεως
535 1894 665 1967 μεστται
678 1883 835 1968 γένησθε,
852 1882 973 1966 ταύτης
988 1882 1044 1948 καλ
1059 1879 1118 1947 τόν
1132 1879 1259 1966 μισθὸν
1274 1882 1426 1966 λήψεσθε

255 2003 285 2054 15
303 1980 369 2048 ἀπό
384 1987 481 2050 θεοῦ.
511 1975 539 2074 ᾦ
560 1983 625 2068 γδρ
648 1989 784 2070 κρίματι
801 1979 937 2068 κρίνετε
959 1982 1176 2069 κρυθήσεσθε.
1198 1987 1202 2070 1
1222 1988 1467 2061 καθίσαντεςλθ

304 2073 368 2149 οῦν
391 2083 447 2149 έττλ
467 2083 506 2151 τό
526 2085 717 2170 κριτήριον,
746 2087 925 2172 παρόντων
947 2086 1114 2171 ἑκατέρων
1135 2085 1202 2150 τῦν
1232 2085 1427 2169 προσώπων

305 2183 355 2268 (οῦ
384 2184 449 2271 γὰρ
478 2186 623 2274 ἐροῦμεν
648 2185 823 2271 ἀδελφοῖν,
859 2189 973 2272 μέχρις
1001 2177 1044 2252 οῦ
1072 2185 1212 2264 ἑαυτοῦς
1239 2187 1278 2252 έν
1308 2187 1427 2273 εἰρήνη

303 2285 549 2376 ἀπολάβωσιν),
578 2291 738 2377 έρευνῦτε
760 2287 909 2376 ἀκριβῶς
930 2287 1007 2377 περὶ
1028 2289 1097 2354 τοῖν
1118 2289 1337 2374 ἐνεχομένων.
1372 2288 1428 2354 καλ

304 2393 439 2476 πρῶτον
471 2392 548 2479 περὶ
578 2394 639 2459 τοῦ
666 2395 951 2477 κατηγοροῦντος,
989 2395 1021 2457 εί
1046 2387 1111 2476 πρὸ
1139 2389 1261 2456 τούτου
1293 2387 1337 2456 οῦ
1366 2415 1426 2456 κα-

252 2511 286 2562 20
302 2504 438 2576 τηγορεῑ
465 2496 483 2534 *
511 2493 568 2560 καὶ
596 2494 720 2580 ἑτέροις
747 2494 836 2559 τισίν
870 2495 1060 2578 ἐγκλήματα
1089 2492 1332 2578 κατενήνοχεν,
1371 2493 1425 2558 καὶ

305 2594 338 2657 εί
355 2590 398 2677 μή
423 2591 461 2658 έκ
482 2596 636 2680 μέμψεως
657 2593 771 2661 αὐτῶν
787 2592 809 2681 ἡ
825 2599 1017 2680 φιλονεικία
1038 2596 1094 2662 καὶ
1111 2593 1149 2660 τδ
1171 2598 1320 2680 ἔγκλημα
1342 2592 1427 2660 ῦτιό-

304 2715 426 2776 κειται,
460 2697 517 2762 καὶ
551 2694 650 2763 ὁποία
676 2721 725 2774 τις
757 2695 777 2782 ή
806 2696 1003 2782 ἀναστροφή
1033 2695 1138 2764 αῦτοῦ
1166 2693 1319 2781 ῦπάρχει.
1372 2697 1426 2762 καὶ

304 2799 454 2874 τοιοῦτος
476 2797 513 2863 δὲ
535 2793 585 2863 ἀν
608 2795 860 2883 εὐσυνείδητος,
881 2797 925 2884 μή
949 2800 1159 2866 πιστευέσθω
1183 2797 1286 2883 μόνος
1306 2798 1424 2883 (παρό-

305 2920 412 2982 νομον
430 2896 496 2986 γάρ
527 2897 565 2964 τό
586 2899 769 2985 τοιοῦτον),
800 2898 875 2965 ἀλλ’
898 2901 997 2985 έχέτω
1019 2899 1076 2967 κοιλ
1101 2899 1234 2985 ἑτέρους
1254 2900 1425 2986 μα’ρτυρας

250 3023 284 3074 ²5
305 2996 441 3085 ὁμοίους
462 2999 554 3091 αὐτῷ
574 3000 635 3067 τόν
656 3001 794 3086 τρόπον,
820 3000 934 3080 καθώς
953 3005 970 3044 *
991 3001 1010 3070 ὁ
1030 3003 1133 3086 νόμος
1154 3004 1242 3088 λέγει
1257 3000 1330 3068 Ἐπὶ
1348 3003 1423 3068 στό-

303 3125 405 3187 ματος
424 3104 487 3170 δύο
509 3106 692 3192 μαρτύρων
711 3105 769 3170 καί
789 3105 892 3190 τριοῦν
914 3106 1118 3191 σταθήσεται
1140 3109 1209 3170 πᾶν
1230 3103 1329 3189 βῆμα.
1370 3103 1423 3171 διά

375 3311 406 3363 15
424 3312 514 3365 Matth
532 3313 562 3376 7,
581 3311 666 3380 2125
683 3316 759 3365 Dent
777 3312 823 3377 19,
842 3312 875 3364 15

303 3515 319 3562 2
339 3503 435 3565 αότῦν
452 3515 519 3579 γτιΙ
535 3513 551 3566 3
569 3507 687 3583 έαοιήτο
705 3533 729 3568 w
744 3520 781 3578 14
798 3507 889 3577 ἀλλοις
905 3516 939 3583 -1-
957 3533 989 3582 y,
1013 3506 1098 3577 ἀλλος
1115 3514 1149 3583 -1-
1166 3533 1195 3568 τι
1220 3518 1249 3568 in
1266 3518 1390 3583 margine
1406 3533 1422 3581 y
1496 3511 1497 3518 ’

306 3613 384 3664 γραφ
403 3595 453 3649 καλ
471 3588 555 3658 ἀλλος
574 3597 581 3666 1
600 3599 617 3650 5
636 3595 743 3665 ἱερεῖον
760 3608 839 3667 xyzt,
864 3597 942 3666 ἔριον
959 3619 983 3652 w
999 3603 1003 3667 1
1024 3602 1040 3652 5
1059 3593 1422 3669 δέ>γτι15ἕτέρωςψ

305 3697 338 3746 γτ
354 3683 359 3746 1
374 3681 391 3733 δ
408 3671 428 3749 ἢ
445 3677 561 3750 οίκέτην
577 3683 612 3748 >
628 3703 653 3736 w
672 3687 675 3750 1
695 3685 975 3752 7κα1ρε1ιιε>γι
995 3685 1000 3750 1
1022 3687 1054 3738 10
1072 3681 1195 3750 ἔδρασεν
1212 3693 1223 3738 t
1242 3684 1247 3753 1
1269 3687 1300 3738 13
1317 3681 1421 3754 κινήσει

305 3766 350 3833 w!
368 3769 399 3818 14
417 3761 575 3836 γενήσεσθε
587 3785 620 3830 w,
639 3764 772 3835 γένοισθε
785 3789 801 3822 x
817 3772 822 3835 1
838 3772 870 3821 14
888 3766 1018 3838 λήψεσθε
1031 3766 1141 3837 μισθὸν
1153 3771 1214 3839 [ita]
1234 3779 1296 3839 ροσε
1308 3772 1382 3824 θεοῦ
1395 3771 1422 3822 15

306 3839 550 3918 γτ1115ῦκγττ,
570 3841 587 3905 ὃ
605 3871 629 3905 w
649 3860 654 3914 1
676 3855 707 3906 15
724 3859 853 3919 κρῖνετιιι
872 3873 895 3906 w
911 3856 916 3918 1
937 3856 969 3908 15
985 3855 1035 3908 τῦι
1053 3855 1201 3923 κριτηρίοι
1219 3857 1255 3907 W
1271 3857 1275 3918 Ι
1296 3856 1329 3908 10
1347 3849 1421 3910 έκτα-
1495 3909 1496 3912 ,

307 3931 396 4002 τέρων
414 3953 437 3987 w
453 3937 458 4002 1
480 3937 511 3988 18
530 3930 680 4002 έρευνοῖται
699 3957 723 3990 w
743 3937 747 4007 1
768 3939 801 3991 18
818 3937 884 4006 περὶ
960 3941 993 3992 19
1010 3939 1123 4006 πρῦτον
1140 3942 1174 4005 >
1192 3957 1206 3992 τ
1226 3942 1231 4007 1
1254 3941 1285 3993 19
1302 3939 1358 4008 πρδ
1375 3959 1421 4006 wx,

306 4016 420 4089 πρώτου
437 4022 503 4089 yn!
522 4021 552 4074 19
570 4019 674 4076 τοῦτον
691 4029 789 4090 wxyzt,
808 4025 859 4078 τοῦ
878 4041 891 4076 τ
908 4027 912 4090 1
930 4024 961 4076 19
979 4017 1013 4078 οῦ
1030 4026 1064 4089 >
1081 4027 1148 4092 yut!
1171 4025 1210 4078 19.
1225 4027 1259 4077 20
1276 4019 1422 4094 κατηγόρει

307 4125 331 4159 w
350 4110 354 4173 1
374 4105 408 4160 ²0
426 4095 446 4175 ή
461 4106 496 4174 «1-
513 4113 560 4172 yzt
580 4106 586 4174 1
610 4107 644 4158 20
661 4106 744 4175 τησλν
761 4126 786 4160 w
806 4108 810 4177 1
834 4109 868 4160 20
884 4104 1077 4179 προσενήνοχε
1095 4129 1133 4174 w,
1159 4107 1335 4179 κατενήνοχε
1352 4117 1396 4177 γττ
1416 4109 1419 4171 1

307 4192 337 4243 21
358 4188 493 4261 πέμψιος
510 4209 543 4257 w,
562 4187 707 4260 μέψεωςτ
728 4193 732 4258 1
752 4195 784 4246 21
803 4185 898 4247 αῦτῦν
915 4198 1022 4261 nyzt‚
1046 4189 1137 4248 αῦτοῦ
1154 4213 1177 4246 w
1193 4194 1243 4263 121
1265 4196 1421 4262 φιλονικεία
1494 4225 1495 4240 ι

306 4293 323 4327 x
343 4273 348 4343 1
367 4281 401 4329 22
419 4293 462 4337 τις
479 4278 512 4342 >
530 4295 554 4328 w
574 4280 579 4342 1
599 4279 632 4329 24
650 4277 763 4330 τοιοῦτο
781 4296 795 4329 z
819 4286 902 4346 atque
927 4282 1138 4333 incorrectum
1161 4281 1271 4334 videtur
1287 4282 1317 4332 in
1334 4298 1352 4346 y
1371 4279 1421 4350 195

308 4351 399 4414 αότοῦ
417 4379 441 4412 w
457 4363 509 4429 125
526 4361 575 4416 καὶ
592 4362 627 4428 -1-
646 4381 669 4414 w
684 4362 689 4431 1
704 4363 739 4416 26
754 4361 805 4416 καὶ
823 4363 909 4432 τριῦν
925 4362 1078 4432 μαρτῦρων
1095 4371 1142 4430 yzt
