3128 4972
651 441 864 501 ..12-

156 616 320 673 certatum
337 631 419 674 esse.
446 609 685 674 Verumtamen
700 628 806 690 neque
823 605 1115 690 quidPolyoarpus
1130 626 1205 668 oum
1214 605 1359 669 Aniceto

156 728 348 793 disseruerit
370 729 452 793 satis
474 736 591 793 notum
615 735 677 808 est,
701 749 807 810 neque
831 749 895 811 qua
918 727 958 790 de
981 747 1015 789 re
1038 725 1223 790 Laodiceae
1246 724 1359 808 litiga·

154 855 227 914 tum
251 849 295 912 sit
310 849 405 914 nobis
428 848 581 914 refertur.
629 848 739 912 Quare
765 847 1008 912 controversiae
1031 845 1198 930 paschalis
1226 867 1360 909 oausam

156 975 190 1032 et
221 975 374 1033 naturam
405 967 648 1051 investigantes
680 975 757 1032 ante
791 967 899 1032 omnia
933 965 1119 1031 accuratius
1156 964 1360 1048 inquiramus

154 1110 289 1152 neeesse
314 1095 365 1151 est
392 1088 425 1151 in
453 1109 609 1172 magnam
636 1087 728 1151 illam
757 1087 1004 1151 contentionem
1027 1085 1173 1150 Victoris
1201 1092 1236 1149 et
1258 1085 1360 1168 Poly·

156 1209 255 1272 oratis
278 1215 389 1272 aetate
414 1214 574 1272 exortam.

241 1328 334 1392 Quae
363 1327 464 1392 fuerit
493 1327 716 1392 contentionis
748 1347 846 1390 eausa
878 1335 913 1391 et
944 1335 1079 1405 natura,
1109 1325 1274 1389 Eusuarus
1306 1323 1359 1386 his

154 1447 291 1531 exponit
313 1448 422 1512 verbis
446 1447 501 1532 (H.
524 1447 565 1510 E.
590 1447 631 1526 V,
655 1449 709 1525 23,
734 1449 780 1530 l):
813 1443 966 1525 Ζητήσεοις
993 1446 1065 1522 δι’μα
1091 1439 1169 1506 κατὰ
1195 1439 1297 1505 τούσδε
1323 1437 1359 1504 ού

154 1576 276 1656 σμικράς
296 1572 531 1655 άνακινηθείσης,
555 1570 598 1638 ότι
616 1570 648 1655 δὴ
666 1575 716 1654 τῆς
732 1570 837 1645 Ἀσίας
861 1571 978 1652 άπάσης
1001 1571 1032 1635 αἱ
1055 1569 1203 1654 παροικίοιι
1226 1566 1306 1633 άσάν
1328 1567 1359 1632 εἰς

153 1700 348 1784 παραδόσεως
373 1701 547 1785 άχαιοτίρας
570 1701 686 1784 σελήνης
709 1699 758 1784 τὴν
781 1698 1090 1783 τεσσαρεσκαιδεκάτην
1113 1695 1204 1778 ᾤοντο
1231 1701 1286 1760 δεῖν
1313 1691 1358 1759 ἐπὶ

152 1833 203 1910 τῆς
218 1833 273 1894 ’τού
292 1830 393 1912 πάσχα
411 1830 551 1912 σωτηρίου
569 1829 668 1912 ἑορτῆς
686 1828 937 1912 παραφυλάττειν,
959 1826 988 1890 όν
1009 1820 1026 1908 ᾖ
1048 1825 1131 1890 θύειν
1153 1823 1188 1890 τό
1210 1824 1359 1910 πρόβατον

152 1955 303 2027 Ἰουδαίοις
321 1956 523 2039 προηγόρευτο,
541 1956 581 2028 ὡς
600 1957 662 2020 δεόν
680 1957 710 2020 ἐκ
725 1955 834 2027 παντὸς
848 1953 924 2019 κατά
938 1954 1053 2036 ταύτην,
1068 1953 1155 2037 ὁποίᾳ
1171 1952 1199 2016 δ’
1217 1949 1252 2018 civ
1265 1952 1358 2036 ἡμέρᾳ

152 2087 202 2164 τῆς
217 2083 376 2167 ἑβδομάδος
391 2083 597 2166 περιτυμχάνοι,
611 2080 666 2155 τάς
680 2088 738 2146 τῶν
753 2082 868 2148 άσιτιάιν
879 2081 1018 2153 ἐπελάσεις
1031 2091 1189 2157 ποιεῖσθαι,
1202 2079 1254 2146 oria
1266 2079 1358 2151 ἔθους

153 2208 234 2282 ὄντος
252 2213 353 2275 τοῦτον
371 2210 503 2276 ἐπιτελεῖν
521 2209 570 2275 τόν
587 2211 697 2296 τρόπον
713 2221 777 2282 ταῖς
797 2209 854 2276 άνόι
870 2209 919 2294 τὴν
936 2208 1036 2292 λοιπὴν
1054 2207 1176 2274 ἅπασαν
1192 2208 1357 2288 οἰκουμένην

153 2339 326 2418 ἐκκλησίαις,
349 2340 380 2416 ἐξ
399 2338 591 2422 άποστολικῆς
611 2339 804 2423 παραδόσεως
823 2338 856 2405 τό
880 2334 928 2403 καὶ
950 2338 991 2410 είς
1012 2343 1094 2422 δεῦρο
1116 2341 1263 2421 κρατῆσαν
1285 2337 1358 2409 ἕδος

152 2467 382 2550 φυλαττούσαις,
405 2467 446 2539 oie
462 2467 531 2550 μηδ’
556 2468 639 2551 ἑτέρᾳ
662 2467 813 2550 προσήκειν
835 2466 918 2550 παρὰ
938 2466 987 2549 τὴν
1012 2472 1063 2547 τῆς
1090 2464 1279 2536 ἀναστάσεως
1307 2467 1358 2528 τοῦ

151 2589 281 2670 σωτῆρος
303 2587 383 2668 ἡμῶν
405 2586 497 2671 ἡμέρᾳ
520 2585 574 2658 τοὶς
596 2587 725 2669 νηστείας
748 2587 926 2652 ἐπιλύεσθαι.
971 2589 1033 2654 His
1056 2588 1166 2654 verbis
1190 2588 1357 2665 doeemur,

152 2708 253 2772 Asiae
269 2707 406 2773 minoris
424 2710 581 2774 ecelesias
599 2716 716 2794 quarto
733 2709 861 2774 decimo
877 2709 975 2773 lunae
992 2709 1064 2773 die¹
1076 2707 1252 2793 jejunium,
1271 2705 1358 2791 quod

152 2831 276 2914 paseha
291 2809 523 2909 antecedebat,
542 2828 691 2908 solvisse,
709 2829 853 2912 reliquas
869 2841 981 2893 autem
1001 2828 1158 2892 eeclesias
1178 2826 1272 2890 nullo
1293 2824 1358 2888 elio

152 2947 216 3011 nisi
238 2947 491 3013 resurreetionis
514 2948 567 3012 die
593 2950 627 3013 h.
651 2971 680 3012 e.
707 2947 760 3012 die
789 2947 954 3013 dominica
982 2947 1066 3010 illud
1094 2945 1223 3009 feoissa.
1270 2943 1359 3005 Nam

154 3067 240 3152 quod
264 3069 406 3133 Msrnu¹
430 3068 570 3148 monuit,
595 3089 691 3153 quern
707 3067 883 3132 Ιιαοειῐαιιυ
909 3073 943 3130 et
958 3066 1114 3130 Romen*
1138 3061 1245 3127 secuti
1268 3066 1357 3148 sunt,

155 3210 172 3252 e
196 3188 305 3252 verbis
329 3185 387 3261 „oie
405 3186 468 3250 δίον
485 3187 516 3250 ἐκ
534 3184 643 3258 παντὸς
665 3183 763 3250 κατά
785 3184 926 3266 ταύτην
948 3223 989 3235 -
1010 3180 1064 3252 τάς
1086 3184 1142 3244 τῶν
1166 3177 1281 3243 άσιτιῶυ
1303 3178 1358 3241 ε’πι-

153 3306 247 3376 λόσεις
264 3306 435 3370 ποιεῖσθαι“
458 3331 524 3373 non
547 3308 582 3374 id
603 3331 701 3395 posse
722 3307 847 3394 colligi,
871 3307 1013 3374 Asianos
1034 3311 1179 3391 quarto
1200 3299 1358 3366 decimo

155 3427 206 3492 die
230 3427 395 3512 jejunium
424 3428 580 3508 solvisse,
614 3429 673 3493 sed
704 3428 739 3494 id
770 3435 918 3509 tantum,
951 3451 1007 3493 eos
1039 3426 1087 3491 ad
1118 3427 1222 3490 huno
1254 3421 1359 3486 diem

148 3547 267 3634 jejunii
288 3549 387 3612 finem
409 3557 619 3634 computasse
641 3549 699 3632 (ita
721 3557 759 3613 ut
775 3557 870 3614 sexto
887 3549 1015 3614 decimo
1032 3547 1084 3612 die
1102 3566 1231 3629 semper
1240 3539 1360 3627 jejunii

154 3668 254 3732 finem
273 3667 445 3751 facerent),
466 3671 529 3733 hoo
548 3692 663 3753 parum
679 3667 816 3732 Eusebii
833 3668 943 3733 verbis
959 3669 1129 3752 probatur.
1163 3663 1297 3728 Etenim
1313 3661 1361 3726 ad

156 3793 344 3871 quartum
359 3787 557 3853 decimum
581 3788 683 3854 diem
707 3787 807 3852 etiam
824 3787 1023 3851 Asianorum
1044 3782 1223 3849 adversarii
1239 3779 1361 3866 jejunii

243 3978 252 4010 ¹
270 3983 300 4041 h.
317 4002 342 4041 e.
360 3983 602 4060 quartodecimo
619 3984 708 4062 primi
724 3983 835 4042 mensis
852 3982 910 4040 die.
942 3980 1151 4039 Hebraeorum
1167 3979 1248 4036 enim
1264 3995 1367 4060 annus·

155 4089 173 4127 a
187 4088 267 4128 nova
282 4069 355 4126 luna
370 4068 493 4127 initium
509 4071 600 4146 oepit.

208 4189 222 4208 .
242 4148 333 4211 'Die
348 4148 506 4211 nechabet
523 4150 574 4212 διο
589 4149 646 4212 Eu.
664 4148 742 4211 ιιιιολ
757 4147 841 4221 Jou,
859 4174 888 4231 p.
906 4154 979 4212 394.

242 4236 254 4268 ⁸
272 4234 340 4298 Dae
356 4240 455 4315 ομοιι.
473 4258 503 4296 τι.
523 4235 554 4297 d.
572 4235 748 4314 υσολιιμοιδ.
769 4233 929 4310 Zeitalter,
947 4238 993 4297 ed.
1011 4239 1051 4310 2.,
1067 4258 1097 4316 p.
1115 4236 1186 4294 510.

243 4321 253 4354 ⁴
270 4327 421 4400 Hunaoe,
437 4319 627 4394 Raab-Euo„
645 4326 763 4398 XVIII,
780 4325 851 4384 475.
