2994 4972
99 413 287 467 δ14-ε1
1157 428 1218 492 123

96 584 297 664 γείλασθαι·
323 581 461 668 ἐπείπερ
483 585 501 626 *
522 579 540 648 δ
561 585 726 668 Σολομάν
747 602 852 669 φησιν
873 584 1019 670 Ἀγαθδν
1040 586 1078 654 τὸ
1099 586 1143 674 μή
1161 588 1219 670 εῦ-

97 685 237 765 ξασθαι,
260 679 283 768 ἢ
304 682 343 749 τὸ
365 681 526 764 εὔξασθαι
544 686 601 752 καὶ
621 685 665 770 μὴ
682 684 881 753 ἀποδοῦναι.
925 683 946 772 ἡ
968 691 1138 774 παρθένος
1155 681 1220 757 οῦν

97 781 185 868 αῦτη
207 788 294 850 ἔστω
315 783 393 870 άγία
412 787 540 871 σάματι
560 787 617 854 καὶ
640 793 742 874 ψυχῇ,
770 785 814 865 ιδς
835 788 917 866 ναῦς
936 793 1031 872 θεοῦ,
1059 788 1104 868 ῦς
1128 788 1220 870 οἶκος

94 890 255 970 χριστοῦ,
288 882 333 963 ῦς
367 888 556 972 πνεύματος
590 887 689 973 ἁγίου
721 890 941 974 καταγώγιον.
986 893 1040 957 δεῖ
1064 890 1129 978 γάρ
1156 892 1218 980 τὴν

97 987 401 1074 ἐπαγγειλαμένην,
423 987 499 1069 άξια
517 995 575 1075 τῆς
597 989 796 1076 ἐπαγγελίας
812 994 894 1076 ἔργα
911 993 1218 1080 διαπρασσομένην,
1236 1011 1253 1062 5

95 1088 272 1154 δεικνύειν
299 1090 338 1156 τὸ
369 1091 560 1176 ἐπάγγελμα
588 1090 691 1177 αὐτῆς
717 1091 767 1158 ὅτι
796 1095 888 1159 ἔστιν
913 1093 1038 1180 ἀληθὲς
1074 1097 1132 1162 καὶ
1162 1096 1218 1162 διά

95 1189 226 1276 σχολήν
261 1189 450 1276 εὐσεβείας,
487 1192 528 1258 οῦ
560 1194 650 1260 ’κατά
684 1193 847 1279 διαβολήν
881 1197 994 1280 γάμου
1027 1198 1216 1282 γινόμενον.

95 1295 183 1358 ἔστω
205 1295 245 1358 δὲ
273 1295 317 1378 μη
347 1293 472 1378 βεμβάς
496 1296 579 1380 μηδὲ
609 1295 929 1382 άκαιροπερίπατος,
959 1296 1004 1384 μή
1031 1301 1216 1384 δίγνωμος,

95 1391 185 1459 άλλά
206 1394 330 1479 σεμνή,
355 1395 534 1482 ἐγκρατής,
558 1396 724 1482 σάφρων,
748 1395 852 1482 ἁγνή,
875 1398 1051 1484 φεύγουσα
1071 1399 1130 1478 τὰς
1150 1405 1219 1468 νῦν

94 1499 237 1562 πολλῶν
258 1501 441 1582 συντυχίας
459 1499 516 1565 καί
535 1500 679 1584 μάλιστα
699 1497 758 1577 τὰς
777 1503 845 1566 νῦν
864 1499 1029 1584 άσέμυων.
1238 1517 1270 1569 10

639 1757 672 1832 E

186 1945 233 2006 Ec
251 1967 300 2019 τις
328 1940 519 2027 χριστιανδς
546 1940 601 2006 διά
632 1939 669 2006 τδ
693 1937 798 2024 ὄνομα
829 1945 889 2006 τοῦ
915 1947 1054 2028 χριστοῦ
1076 1945 1132 2010 καὶ
1158 1943 1219 2029 τήν

95 2043 145 2116 είς
167 2043 186 2080 *
208 2042 294 2108 θεὸν
316 2048 430 2109 πίστιν
458 2042 513 2109 καὶ
535 2041 672 2128 ἀγάπην
699 2047 890 2129 κατακριθῇ
917 2039 983 2108 ὑπὸ
1011 2042 1146 2129 άσεβιῦν
1173 2049 1220 2123 είς

95 2143 226 2208 λοῦδον
243 2140 266 2229 ἢ
285 2149 391 2232 θηρία
414 2140 437 2228 ἢ
458 2145 639 2229 μέταλλον,
668 2143 712 2229 μὴ
736 2147 897 2230 παρίδητε
926 2143 1049 2230 αὐτόν,
1074 2145 1151 2212 ἀλλ’
1181 2149 1218 2214 ἐκ

95 2246 289 2312 τοῦκόπου
312 2247 403 2311 καὶ*
427 2249 488 2310 τοῦ
510 2247 649 2328 ἱδρῶτος
668 2243 764 2330 ῦμῦν
787 2249 936 2330 πέμψατε
959 2243 1050 2333 αὐτῷ
1075 2251 1121 2324 είς
1143 2251 1218 2314 δια-

95 2346 232 2432 τροφὴν
261 2344 368 2414 αὐτοῦ
397 2347 453 2412 καὶ
482 2350 528 2424 είς
551 2349 777 2433 μισθοδοσίαν
805 2351 874 2412 τῦυ
905 2353 1129 2434 στρατιωτῶν,
1161 2351 1218 2416 ἵνα
1238 2365 1269 2414 15

96 2449 306 2536 ε’λαφρυνθῇ
329 2449 384 2515 καὶ
414 2449 602 2534 ἐπιμελείας
630 2449 728 2535 τάχη
763 2451 837 2533 ἵνα,
867 2447 949 2514 ὅσον
977 2445 1014 2513 τδ
1042 2448 1099 2535 ἐφ’
1125 2446 1218 2536 ὑμῖν,

94 2548 142 2634 μὴ
176 2555 336 2636 θλίβηται
369 2548 386 2617 ὁ
418 2552 582 2638 μακάριος
611 2550 759 2636 άδελφός
784 2548 889 2635 ὑμῶν.
946 2542 964 2616 ὁ
1000 2549 1065 2639 γάρ
1094 2550 1150 2618 διά
1182 2551 1219 2618 τό

95 2651 206 2736 ὄνομα
241 2659 365 2738 κυρίου
395 2657 455 2718 τοῦ
483 2657 569 2719 θεοῦ
607 2653 924 2738 καταδικαζόμενος,
961 2642 1058 2730 οὗτος
1091 2655 1219 2738 μάρτυς

95 2753 209 2837 ἅγιος,
232 2751 379 2840 άδελφὸς
399 2758 460 2820 τοῦ
478 2759 627 2839 χριστοῦ,
651 2753 723 2831 υίὸς
745 2759 806 2820 τοῦ
827 2752 981 2837 ὑψίστου,
1005 2757 1139 2840 δοχεῖον
1157 2762 1234 2836 τοῦ,

95 2853 199 2939 ἁγίου
222 2856 426 2941 πνεύματος,
450 2855 500 2922 δι’
526 2846 568 2921 οῦ
590 2857 727 2922 καὶτὸν
756 2855 931 2942 φωτισμὸν
953 2861 1011 2941 τῆς
1033 2857 1131 2941 δόξης
1158 2863 1219 2923 τοῦ
1235 2873 1269 2923 20

95 2959 115 2996 *
146 2955 346 3042 εὐαγγελίου
376 2959 541 3043 ἐλάβομεν
575 2959 712 3035 ἕκαστος
745 2963 813 3024 νῦν
845 2962 974 3024 πιστοῦν
1007 2959 1046 3024 ἐν
1081 2963 1128 3045 τῷ
1158 2982 1219 3024 κα-

95 3059 306 3142 ταξιωθῆναι
333 3063 394 3124 τοῦ
422 3069 439 3107 *
468 3061 641 3144 στεφάνου
674 3061 730 3126 καὶ
764 3064 822 3144 τῆς
846 3064 1031 3144 μαρτυρίας
1058 3063 1126 3125 τῦν
1154 3082 1219 3125 πα-

94 3161 263 3246 θημάτων
290 3157 395 3226 αὐτοῦ
420 3162 475 3227 καὶ
502 3167 561 3246 τῆς
590 3167 769 3238 κοινωνίας
798 3165 860 3226 τοῦ
889 3161 1027 3245 αἵματος
1056 3159 1171 3243 αὐτοῦ,
1200 3169 1218 3204 *

169 3315 609 3386 1Εοο15,4120(1οτβ4,4

98 3455 107 3503 1
131 3448 415 3521 ιια1Ι-112τδ>
433 3473 457 3504 τι
477 3459 482 3514 Ι
501 3455 517 3505 3
535 3445 608 3521 αῦτη
628 3456 705 3518 Wxt,
725 3445 844 3518 τοιαῦιη
863 3470 899 3516 ιτ,
918 3452 952 3516 >
968 3469 1002 3518 γτ
1024 3453 1028 3517 Ι
1048 3456 1062 3503 4
1081 3445 1168 3519 άγίοο
1185 3456 1219 3519 >

96 3540 170 3604 τγτΙ
187 3540 205 3590 5
224 3532 412 3604 διαπράττειν
429 3557 466 3602 w,
491 3533 537 3591 διὸ
560 3533 761 3606 πρασσομένην
779 3555 793 3588 τ
814 3537 819 3599 Ι
839 3537 856 3588 δ
874 3533 1016 3590 δεικνύων
1034 3555 1057 3588 w
1079 3540 1082 3603 Ι
1103 3539 1119 3590 11
1143 3533 1219 3591 ἔστιν

95 3625 130 3688 >
149 3641 173 3674 w
189 3625 193 3687 Ι
210 3625 225 3674 7
244 3619 399 3691 γινομένην
417 3641 476 3690 xyz,
495 3617 654 3692 γενομένην
671 3623 701 3686 1Ι
716 3623 732 3672 8
752 3617 912 3690 δεμβομένη
930 3640 963 3686 ιν,
983 3619 1157 3690 φιλάκοσμος
1173 3641 1217 3689 γτ,

96 3709 147 3760 sed
159 3703 201 3774 μὴ
219 3703 327 3774 βέμβας
339 3725 463 3775 margoy
478 3709 483 3771 Ι
498 3709 514 3760 8
532 3703 606 3775 μηδὲ
625 3714 696 3774 xyst,
715 3703 754 3776 μή
773 3725 797 3758 w
812 3708 816 3771 Ι
831 3707 848 3758 8
866 3697 1163 3774 άκαιροτιεριπάτητος
1182 3715 1193 3758 t
1213 3708 1216 3772 Ι

95 3793 113 3843 8
131 3786 285 3860 δήγνωμος
303 3811 327 3843 w
342 3793 346 3860 Ι
361 3793 378 3844 9
396 3791 485 3862 σεμνή
502 3794 536 3858 >
554 3811 577 3844 w
593 3792 597 3858 Ι
616 3793 646 3844 10
664 3785 715 3851 τάς
731 3793 765 3856 >
782 3798 830 3856 yzt

168 3879 200 3928 12
218 3872 269 3930 τῦν
286 3879 320 3944 Ἰ-
337 3883 384 3943 yzt
408 3878 413 3941 Ι
440 3879 471 3930 12
493 3869 613 3944 άγάπην
634 3874 685 3928 καὶ
702 3877 799 3929 πίστιν
817 3883 828 3926 1
854 3875 859 3938 Ι
887 3876 918 3927 13
936 3875 1043 3930 λοῦδον
1060 3883 1085 3940 t,
1112 3876 1218 3930 δοῦλον

95 3979 174 4028 ναιγτ
190 3967 195 4026 Ι
212 3963 244 4014 13
261 3959 408 4029 μετάλλων
426 3981 449 4012 w
466 3965 469 4026 Ι
487 3964 518 4014 14
536 3955 567 4014 ἔκ
584 3963 618 4027 Ι-
635 3965 666 4027 t!
684 3963 714 4013 14
732 3959 784 4012 τοῦ
797 3955 916 4024 ίδριὸτος
928 3977 979 4024 wx,
999 3961 1049 4013 τοῦ
1068 3956 1185 4028 ίγρῦτος
1197 3969 1216 4023 t,

95 4047 154 4098 τῶν
171 4039 363 4114 ῦπαρχῦντων
379 4065 427 4112 γι,
446 4063 540 4113 margo
558 4065 576 4112 y
595 4063 653 4113 γρφ
671 4039 793 4110 ῦδρὸτος
808 4043 813 4113 Ι
837 4046 868 4096 15
885 4045 1080 4111 μισθοδοσίαν
1098 4063 1154 4108 wx,
1173 4063 1218 4112 μι-

95 4131 304 4185 σθαποδοσίαν
321 4138 340 4196 t,
361 4132 524 4196 θεραπείαν
541 4149 568 4196 γ,
588 4132 735 4198 θεραπεία
754 4148 777 4192 τ,
796 4147 854 4196 γρφ
871 4129 1049 4196 μισθοδοοία
1068 4145 1194 4196 margoy
1213 4129 1216 4196 Ι

98 4217 130 4268 111
149 4209 191 4270 ἴτ’
209 4223 257 4282 yzt
272 4214 277 4283 Ι
294 4216 325 4266 17
345 4215 465 4283 θλίβητε
484 4219 504 4266 Ζ
520 4217 523 4282 Ι
541 4216 573 4267 19
591 4216 708 4283 χριστοῦ
727 4233 782 4280 wx,
805 4215 909 4282 κυρίου
924 4221 972 4280 yzt
987 4217 991 4279 Ι
1009 4213 1040 4264 19
1058 4213 1158 4279 δοχίον
1176 4231 1192 4265 x
1213 4217 1215 4278 Ι

94 4303 128 4353 21
148 4294 235 4369 ἁγίου
252 4301 287 4368 -Ι-
304 4303 335 4365 t!
350 4301 381 4352 21
403 4295 505 4367 ἔλαβεν
522 4307 569 4366 γτι
583 4302 588 4366 Ι
603 4305 636 4352 22
653 4294 813 4367 άφθάρτου
830 4300 864 4366 -Ι-
881 4305 928 4366 γττ
942 4297 947 4367 Ι
961 4299 995 4352 23
1013 4298 1192 4359 κοιτονίαςτ
1214 4299 1216 4361 Ι

95 4385 131 4439 23
147 4383 197 4438 καί
215 4401 300 4438 manu
319 4387 426 4438 recenti
444 4401 526 4454 super
544 4402 652 4438 versum
669 4384 703 4453 -Ι-
720 4402 744 4435 w
