3120 4980
1407 362 1429 434 3

237 529 380 594 όπιτελῶν
403 539 515 615 σημιία
532 534 567 595 οιί
582 532 764 618 κατεπήρθη
787 541 849 596 τῶν
873 529 1033 621 όμορίιλων
1054 537 1105 595 καί
1126 533 1204 606 θεός
1226 531 1353 609 κληθείς
1377 541 1429 601 οὐκ

237 638 463 716 ήλαζονεόσατο
478 647 558 706 κατὰ
574 651 628 706 τοῦ
644 641 720 707 ίδίου
737 647 894 730 προφήτου
909 641 1047 728 Ἀαρών.
1074 640 1140 707 ἀλλ’
1153 643 1221 706 οὔτε
1237 645 1252 706 ό
1268 652 1322 707 τοῦ
1334 643 1425 718 Ναυῆ

240 749 370 833 Ἰησοῦς,
387 755 584 836 ἡγησάμενος
599 752 668 834 μετ’
683 754 775 814 αότόν
791 760 844 814 τοῦ
860 749 937 815 λαοῦ
952 757 1003 814 καί
1019 753 1049 813 ίν
1065 758 1110 830 τῷ
1126 755 1204 837 πρός
1218 750 1429 836 Ἰεβουσαίους

236 857 358 943 πολίμῳ
374 864 493 932 στήσας
504 861 554 921 τόν
567 857 649 932 ήλιον
664 863 745 923 κατά
755 857 896 944 Γαβαὼν
912 867 963 924 καί
978 865 1032 931 τήν
1045 857 1170 932 σελήνην
1181 865 1262 923 κατὰ
1275 867 1429 949 φάραγγα

204 983 218 1024 ό
239 967 337 1032 Ἐλῶν
354 965 405 1031 διά
421 971 455 1031 τό
470 973 514 1051 μή
531 971 691 1054 αὐταρκεῖν
707 972 785 1054 πρός
800 975 854 1040 τήν
869 973 951 1039 νίκην
967 974 1021 1040 τήν
1044 973 1174 1054 ήμίραν,
1199 970 1322 1055 ἐπήρθη
1347 976 1427 1035 κατὰ

234 1083 288 1138 τοῦ
303 1076 422 1150 Φηνιίς
435 1082 487 1140 καί
501 1083 556 1139 τοῦ
578 1073 697 1160 Χαλίβ.
731 1079 800 1140 οὔτε
814 1076 962 1161 Σαμουὴλ
980 1085 1118 1140 τοσαῦτα
1134 1073 1299 1163 παράδοξα
1316 1089 1427 1163 σημεῖα

233 1188 366 1256 ποιήσας
389 1184 464 1270 παρ’
488 1181 574 1248 οδδίν
597 1187 738 1270 ήγήσατο
761 1190 812 1250 τὸν
835 1185 966 1271 θεοφιλῆ
990 1183 1112 1269 Δαβίδ,
1136 1192 1231 1249 καίτοι
1256 1188 1424 1275 ἀμφότεροι

233 1301 388 1379 προρήται
403 1299 455 1356 καί
470 1292 506 1366 ός
520 1299 575 1376 μίν
598 1295 770 1380 ἀρχιερεύς,
796 1293 831 1367 ὃς
852 1292 885 1358 δί
908 1293 1067 1378 βασιλεὺς.
1101 1299 1152 1358 καί
1172 1297 1251 1357 ἑπτά
1274 1293 1425 1382 χιλιάδων

232 1403 440 1487 ὑπαρχουσῶν
456 1403 553 1486 ἁγίων
564 1405 594 1464 ἐν
613 1399 738 1487 Ἰσραὴλ
746 1411 807 1464 τῶν
816 1407 859 1485 μή
866 1402 1054 1486 καμψοίντων
1070 1405 1145 1487 γόνυ
1162 1413 1199 1484 τῇ
1216 1401 1315 1484 Βάαλ,
1333 1407 1427 1487 μόνος

188 1529 215 1570 ιο
236 1508 345 1582 Ἠλίας
367 1511 398 1571 ίν
423 1511 529 1582 αὐτοῖς
550 1515 601 1573 καί
624 1511 640 1572 ό
663 1493 771 1572 τούτου
795 1509 948 1593 μαθητής
980 1509 1156 1584 Ἐλισσαῖος
1183 1511 1425 1598 θαυματουργοὶ

232 1621 410 1703 γεγόνασιν,
446 1614 513 1682 ἀλλ’
541 1619 609 1680 οὔτε
635 1613 745 1688 Ἠλίας
770 1620 822 1680 τόν
850 1620 1002 1702 οἰκονόμον
1028 1617 1161 1702 Ἀβδιοῡ
1189 1613 1425 1706 ίξεμυιιτήρισεν,

232 1723 423 1814 φοβούμενον
437 1731 492 1809 μίν
508 1729 560 1789 τόν
575 1725 663 1806 θεόν,
688 1727 722 1788 οιί
738 1732 883 1789 ποιοῦντα
900 1725 933 1790 δί
950 1736 1071 1810 σημεῖα,
1096 1730 1164 1790 οὔτε
1180 1726 1357 1801 Ἐλισσαῖος
1372 1734 1423 1794 τόν

233 1837 344 1899 ἑαυτοῦ
359 1835 509 1918 μαθητήν
526 1839 690 1922 ρρίττοντοι
707 1839 779 1906 τοὺς
794 1831 956 1917 πολεμίους
975 1833 1148 1921 ὑπερεῖδεν.
1173 1833 1252 1900 ἀλλὰ
1275 1843 1337 1924 γάρ
1356 1841 1424 1901 οὔτε

230 1942 345 2015 Δανιήλ
361 1945 376 2006 ό
393 1947 498 2030 σορός,
516 1940 654 2028 δεύτερον
670 1942 801 2029 ρυσθείς
824 1944 855 2005 ίκ
871 1946 1025 2027 στόματος
1040 1941 1178 2022 λεόντων,
1195 1942 1264 2008 οιίδί
1289 1949 1318 2008 οί
1338 1957 1422 2034 τρεῖς

186 2067 212 2110 ιι
231 2049 342 2128 παῖδες
357 2053 388 2114 ἐκ
403 2061 459 2124 τῆς
474 2056 602 2134 καμίνου
618 2058 673 2113 τοῦ
688 2053 785 2136 πυρός
800 2046 1007 2126 ἐξουδίνωσαν
1023 2058 1096 2125 τοὺς
1116 2051 1239 2125 λοιποὺς
1260 2063 1322 2117 τῶν
1346 2058 1422 2139 όμο-

230 2161 341 2248 φίλων.
358 2163 526 2233 ἠπίσταντο
537 2164 599 2246 γὰρ
612 2161 657 2222 ότι
670 2162 704 2223 ου’
716 2169 753 2242 τῇ
767 2161 860 2242 οίκείᾳ
876 2157 1003 2245 δυνάμει
1015 2171 1076 2225 τῶν
1090 2158 1194 2225 δεινῶν
1208 2167 1422 2248 περιεγίνοντο,

229 2268 309 2334 ἀλλὰ
324 2280 361 2351 τῇ
377 2268 456 2332 θεοῦ
472 2272 557 2354 ίσχόί
570 2274 620 2331 καί
636 2277 748 2351 σημιία
765 2265 920 2332 ἐπετέλουν
936 2276 987 2332 καί
1003 2281 1064 2335 τῶν
1084 2269 1245 2356 δυσχερῶν
1262 2270 1423 2344 ἀπηλλάτ-

228 2397 324 2443 τοντο.
342 2380 447 2441 οδκοῦν
462 2373 569 2458 μηδείς
584 2379 670 2458 ὑμῶν
687 2377 866 2463 ίπαιρίσθω
882 2381 963 2439 κατὰ
979 2384 1034 2440 τοῦ
1050 2376 1202 2465 ἀδελφοῦ,
1227 2379 1283 2443 κᾶν
1299 2386 1421 2468 προμή-

227 2509 285 2560 της
299 2487 319 2570 ᾖ
335 2488 391 2549 κᾶν
406 2485 656 2568 θαυματοποιός.
673 2486 700 2546 εί
715 2489 778 2572 γὰρ
796 2483 905 2557 δοθείη
921 2491 1028 2569 μηκίτι
1044 2495 1102 2549 ποῦ
1115 2507 1183 2551 τινα
1195 2486 1270 2551 εἶναι
1284 2489 1422 2562 ἄπιστον,

183 2614 210 2654 ιο
227 2601 350 2682 περιττὴ
366 2593 467 2658 λοιπόν
484 2595 571 2657 ἔσται
586 2595 606 2666 ή
622 2601 683 2654 τῶν
699 2599 833 2677 σημείων
849 2597 996 2681 ίνίργιια.
1015 2599 1048 2657 τό
1064 2599 1119 2678 μίν
1135 2598 1198 2683 γὰρ
1215 2595 1292 2660 εἶναι
1309 2596 1422 2682 ειίσεβή

227 2707 259 2768 ίκ
275 2715 332 2777 τής
346 2711 400 2766 τοῦ
417 2705 498 2774 τινός
513 2701 643 2773 ἑννοίας,
666 2702 701 2762 τό
718 2698 751 2765 δί
766 2702 1004 2787 θαυματοποιόν
1028 2705 1060 2766 ίκ
1076 2713 1133 2776 τής
1154 2711 1209 2768 τοῦ
1225 2707 1419 2790 ίνεργοῠντος

227 2811 405 2896 δυνάμεως,
430 2810 472 2874 ὧν
488 2813 523 2873 εδ
538 2815 594 2893 μίν
609 2817 730 2894 πρῶτον
743 2813 856 2884 αὐτοὺς
877 2815 963 2894 ήμᾰς
984 2815 1059 2898 όρᾷ,
1084 2816 1118 2876 τό
1135 2810 1168 2876 δὲ
1191 2811 1328 2900 διύτερον
1343 2815 1419 2879 θεὸν

227 2925 277 2984 τόν
295 2923 476 3006 ἐνεργοῦντα
501 2917 541 2983 δι’
563 2920 604 2991 άς
624 2923 803 3004 προείπομεν
820 2922 933 2992 αἰτίας.
957 2923 1061 2984 ου’κοῦν
1077 2925 1154 3003 μήτε
1170 2919 1318 3004 βασιλεὺς
1334 2916 1420 2996 ίξου-

225 3030 356 3094 θενείτω
371 3034 443 3101 τοὺς
458 3026 507 3092 ὑπ’
524 3030 616 3092 αὐτόν
633 3033 827 3112 στρατηγοὺς
842 3033 919 3111 μήτε
934 3029 1086 3113 ἄρχοντες
1102 3034 1174 3104 τοὺς
1194 3032 1355 3103 ὑπηκόους.
1374 3038 1417 3115 μὴ

182 3157 209 3200 ιο
226 3139 321 3202 ὄντων
333 3140 396 3223 γὰρ
411 3143 473 3200 τῶν
490 3139 672 3223 ἀρχομένων
688 3141 818 3221 περιττοί
834 3139 864 3199 οί
877 3137 1030 3221 ἄρχοντες
1044 3141 1094 3199 καί
1110 3141 1152 3218 μή
1170 3135 1263 3199 όντων
1281 3157 1417 3224 στρατη-

225 3257 290 3332 γῶν
319 3249 353 3310 οιί
382 3244 577 3316 σταθήσεται
605 3247 625 3315 ή
648 3239 803 3326 βασιλεία.
830 3239 908 3306 ἀλλὰ
934 3241 1013 3326 μηδὲ
1036 3246 1200 3316 ἐπίσκοπος
1232 3247 1415 3333 ίπαιρίσθω

225 3360 307 3418 κατὰ
323 3363 384 3416 τῶν
401 3351 548 3417 διακόνων
563 3356 582 3424 ή
599 3359 661 3414 τῶν
677 3349 893 3437 πρεσβυτίρων
909 3357 986 3435 μήτε
1002 3358 1061 3435 μήν
1079 3355 1108 3414 οί
1121 3351 1321 3439 πρεσβύτεροι
1334 3359 1416 3417 κατὰ

224 3471 277 3527 τοῦ
293 3461 382 3528 λαοῦ.
399 3455 434 3535 ἐξ
447 3459 584 3533 ἀλλήλων
596 3463 659 3544 γὰρ
676 3461 755 3523 ἔστιν
771 3464 791 3532 ή
809 3465 956 3532 σόστασις
977 3469 1031 3523 τοῦ
1047 3461 1330 3547 συναθροίσματος.
1353 3466 1371 3526 ό
1385 3485 1418 3526 τε

224 3577 286 3659 γάρ
299 3574 460 3643 ἐπίσκοπος
471 3575 521 3632 καί
532 3571 562 3632 οἱ
576 3566 776 3654 πρεσβύτεροι
791 3574 879 3630 τίνων
894 3569 967 3632 είσίν
984 3573 1089 3656 ίερεῖς;
1106 3576 1158 3632 καί
1173 3575 1202 3634 οί
1215 3570 1312 3635 λαίκοί
1328 3577 1416 3635 τίνων

180 3703 206 3742 ω
223 3685 280 3746 είσί
300 3681 413 3752 λαίκοί;
438 3683 489 3740 καί
509 3681 543 3739 τό
563 3681 618 3760 μίν
643 3674 717 3739 εἶναι
734 3681 910 3763 χριστιανδν
933 3676 980 3768 δυ’
995 3682 1083 3762 ἡμῖν,
1109 3682 1143 3742 τό
1160 3676 1193 3742 δί
1211 3679 1380 3744 ἀπόστολον
1396 3683 1416 3752 ή

223 3794 381 3854 ἐπίσκοπον
401 3791 420 3859 ή
443 3783 516 3850 ἄλλο
531 3808 560 3848 τι
575 3787 628 3848 οὐκ
643 3780 693 3872 ἐρ’
708 3787 796 3868 ήμῖν,
823 3782 891 3850 ἀλλ’
907 3789 955 3848 ίπί
977 3793 1021 3866 τῷ
1039 3784 1149 3850 διδόντι
1165 3788 1235 3865 θεῷ
1258 3792 1299 3850 τά
1320 3793 1415 3874 χαρί-

224 3919 342 3982 σματα.
365 3900 543 3978 ταῦταμὲν
567 3893 618 3958 οόν
646 3895 693 3957 ίπί
713 3901 857 3956 τοσοῦτον
881 3895 1021 3980 εἰρήσθω
1045 3893 1096 3959 διὰ
1117 3903 1190 3966 τοὺς
1220 3890 1416 3969 ἀξιωθέντας

223 4010 428 4094 χαρισμάτων
450 4008 470 4076 ή
492 3997 696 4086 ἀξιωμάτων,
721 4003 811 4065 ίκείνο
833 3999 865 4065 δί
888 4003 1092 4088 προστίθεμεν
1115 4010 1160 4083 τῷ
1181 4002 1263 4089 λόγῳ
1287 4005 1331 4066 ὅτι
1348 4007 1416 4067 οὔτε

223 4123 288 4188 πᾶς
308 4118 324 4179 ό
347 4117 544 4202 προφητεύων
567 4115 650 4183 ὅσιος
673 4113 743 4174 οὔτε
762 4119 827 4184 πᾶς
851 4114 866 4175 ό
888 4109 1041 4195 δαίμονας
1062 4109 1218 4195 ίκβάλλων
1241 4113 1341 4196 άγιος.
1365 4121 1416 4176 καί

178 4239 205 4283 ιο
224 4227 287 4310 γάρ
303 4229 353 4286 καί
369 4220 505 4304 Βαλαὰμ
521 4223 536 4284 ό
552 4227 605 4283 τοῦ
620 4221 705 4307 Βεὼρ
723 4223 739 4283 ό
757 4225 866 4303 μάντις
891 4225 1095 4307 προεφήτευσε
1118 4211 1274 4305 δυσσεβὴς
1299 4222 1341 4282 ὢν
1364 4227 1415 4285 καί

224 4335 374 4423 Καίάρας
391 4333 406 4394 ό
422 4326 623 4414 ψευδώνυμος
639 4328 822 4415 ἀρχιερεύς·
847 4327 943 4392 πολλὰ
960 4326 993 4392 δὲ
1009 4333 1060 4390 καί
1076 4329 1092 4392 ό
1108 4324 1255 4413 διάβολος
1270 4329 1349 4414 λέγει
1365 4335 1417 4394 καί

223 4447 253 4510 οί
267 4441 346 4530 ἀμφ’
359 4443 450 4504 αὐτόν
469 4437 614 4522 δαίμονες
629 4443 680 4500 καί
703 4440 737 4501 οδ
753 4441 841 4524 παρὰ
857 4445 946 4500 τοῦτο
968 4441 1103 4520 μέτεστιν
1128 4439 1231 4510 αὐτοῖς
1255 4435 1424 4521 εὐσεβείας

304 4583 330 4626 85
343 4577 444 4636 όυσιβὴε.
458 4581 544 4632 lum
558 4589 602 4631 quo
611 4581 661 4621 loeo
670 4579 695 4620 in
708 4589 754 4631 ms.
769 4579 818 4634 πιρί
827 4575 926 4633 δυσιβιῖιν
941 4575 1049 4631 βασιλίσιν
1062 4577 1099 4619 καί
1114 4575 1244 4622 ίπιτιόπων.
1261 4582 1295 4633 1³,
1305 4581 1333 4622 24
1342 4585 1411 4623 τοείο.

1164 4671 1175 4709 1
1184 4667 1198 4696 ε

1395 4895 1533 4926 ..Α
