3052 4974
109 407 127 475 δ
145 409 249 460 42-43
1194 418 1230 478 71

109 574 302 659 νηρεύσατο
324 578 462 658 ποιῆσαι
485 576 532 660 τῷ
552 577 711 658 πλησίον·
736 573 818 640 ὅσον
840 572 905 659 γάρ
922 577 940 616 *
959 573 1015 642 ἐπ’
1039 574 1130 663 αὐτῷ
1151 575 1234 662 ἐφό-

109 694 213 742 νευσε
244 674 306 742 τὸν
333 674 501 761 άδελφόν,
535 680 718 760 προλαβών
747 674 787 741 τά
814 665 882 741 ιδτα
910 679 971 740 τοῦ
1003 679 1141 760 κριτοῦ·
1177 678 1234 761 γε’-

108 799 258 861 γραπται
279 779 318 844 δὲ
340 776 390 842 ὅτι
409 773 445 842 Ὁ
464 776 588 862 έκχέων
610 768 691 861 αἷμα
712 774 901 863 άνθροόπου
920 775 997 843 άντλ
1014 781 1076 843 τοῦ
1095 779 1235 862 αἳματος

109 876 219 944 αὐτοῦ
247 879 487 964 ἐκχυθήσεται·
514 877 572 944 καὶ
593 877 737 961 Ἐξαρεῖς
758 877 796 944 τδ
818 871 898 963 αἷμα
925 877 964 944 τό
990 878 1145 946 άναίτιον
1166 878 1234 946 άπδ

54 992 97 1052 43
111 983 195 1062 σοῦ,
226 977 263 1044 τό
286 980 432 1064 ἐκχυθὲν
451 979 571 1064 μάτην.
592 980 605 1068 ΙΙ
626 980 777 1064 ποιήσεις
799 970 861 1047 οῦν
884 977 987 1046 αὐτόν
1008 978 1267 1066 άποσυνάγω-ίι

56 1103 90 1154 ιο
107 1105 173 1164 γον
206 1077 253 1157 τός
283 1081 390 1166 φονέα
411 1079 584 1166 ἀδελφοῦ.
629 1083 743 1146 ἔπειτα
769 1081 896 1166 χρόνου
921 1082 1137 1166 διαστάντος,
1172 1082 1234 1150 ἐάν
1337 1105 1340 1118 ·

107 1183 190 1268 λέγῃ
213 1194 409 1266 μετανοεῖν,
433 1181 617 1265 στιβόσατε
637 1179 742 1248 αὐτόν
763 1187 930 1268 νηστείαις
950 1189 1006 1250 καί
1027 1182 1109 1269 μετά
1129 1189 1233 1252 ταῦτα

107 1283 410 1369 χειροθετησαντες
432 1282 536 1350 αὐτὸν
557 1284 805 1368 προσδίξασθε,
830 1282 1099 1370 ἀσφαλισάμενοι
1119 1288 1233 1371 μέντοι

107 1383 217 1451 αὐτόν
235 1385 282 1469 μτΙ
296 1409 373 1451 τινα
391 1385 517 1471 ταράξῃ
535 1386 650 1452 πάλιν.
682 1389 763 1452 εἰδὲ
786 1393 798 1428 1
823 1382 989 1452 εἰσελθών
1011 1383 1132 1472 ὁμοίως
1152 1406 1232 1454 στα-

108 1487 234 1570 σιάζει,
256 1485 298 1552 οὐ
320 1486 510 1571 παυόμενος
529 1491 590 1552 τοῦ
604 1488 786 1573 ταράσσειν
808 1486 864 1554 καί
884 1501 1146 1572 κατακερτομείν
1163 1493 1231 1555 τόν
1252 1501 1283 1552 1ο

108 1587 288 1673 άδελφῦν,
332 1588 369 1654 ἐκ
403 1593 614 1674 φιλονεικίας
642 1590 779 1674 μάμους
813 1589 1038 1675 ἐπιτηδεύων,
1074 1590 1233 1675 ἐκβάλετε

108 1687 217 1756 αὐτόν
245 1687 291 1767 ὥς
314 1689 449 1774 λοιμόν,
485 1693 543 1757 ἴνα
569 1689 613 1776 μή
643 1689 706 1776 τὴν
733 1691 918 1776 ἐκκλησίαν
945 1694 1148 1776 λυμαίνηται
1173 1696 1233 1758 τοῦ

108 1796 267 1876 χριστοῦ·
295 1789 313 1857 δ
333 1796 484 1869 τοιοῦτος
501 1792 566 1878 γάρ
588 1791 734 1878 ταραχάς
752 1797 929 1877 συνίστησι
953 1793 1102 1859 πόλεσιν.
1133 1783 1232 1870 οὗτος

108 1893 174 1976 γάρ
197 1889 266 1958 κάν
287 1897 351 1959 έσω
374 1883 407 1979 ᾗ,
430 1893 474 1980 μή
495 1896 633 1977 πρέπων
653 1899 696 1980 τῇ
717 1893 888 1981 ἐκκλησίᾳ,
912 1893 1070 1979 περισσὸς
1091 1892 1148 1960 καὶ
1166 1894 1232 1978 μα’-

108 2019 202 2071 ταιος
216 1997 386 2078 τυγχάνει,
403 2000 533 2061 σπιλῦν
553 1995 634 2062 όσον
649 1996 706 2062 καί
728 1994 781 2062 ἐπ’
800 1994 891 2083 αὐτῷ
911 1999 980 2062 πᾶν
994 1994 1032 2061 τὸ
1053 2000 1150 2082 σῶμα
1172 1999 1233 2062 τοῦ
1251 2008 1283 2060 15

108 2097 259 2180 χριστοῦ.
305 2098 337 2162 εί
356 2097 421 2181 γάρ
443 2121 532 2174 τινες
551 2101 619 2162 των
639 2097 846 2185 άνθριόπων,
870 2097 1077 2183 γεννώμενοι
1100 2101 1156 2164 καλ
1172 2121 1231 2164 πε-

109 2195 212 2280 ρισσά
225 2201 296 2263 τοῖν
310 2198 475 2281 σωμάτων
487 2200 570 2284 μέλη
585 2201 843 2286 προσηρτημέυα
858 2203 1000 2285 ἔχοντες,
1020 2193 1093 2266 οἱον
1106 2199 1231 2265 δακτύ-

108 2303 192 2376 λους
213 2295 235 2382 ἢ
260 2295 567 2386 ῦπερσαρκιόματα,
600 2301 865 2386 περικόπτουσιν
887 2299 947 2386 ἀφ’
972 2303 1102 2380 Ιἑαυτων
1127 2304 1232 2366 ταῦτα

107 2399 166 2467 διά
185 2398 249 2486 την
266 2398 463 2487 άπρέπειαν,
488 2402 544 2468 καὶ
558 2400 699 2487 οὐδεμία
713 2407 930 2490 προσγίνεται
949 2401 1123 2486 άπρέπεια,
1147 2399 1231 2467 άπο-

108 2502 276 2588 λαβόντος
295 2505 357 2568 τοῦ
378 2500 566 2588 άνθροόττου
588 2502 644 2569 διά
665 2508 727 2570 τοῦ
741 2507 895 2589 τεχνίτου
916 2502 979 2590 την
1001 2498 1152 2589 φυσικὴν
1174 2499 1231 2568 εό-
1248 2517 1282 2568 20

109 2609 272 2688 κοσμίαν,
302 2603 395 2692 πόσφ
415 2608 547 2688 μᾶλλον
568 2602 679 2689 ῦμεῑς,
712 2608 748 2672 ολ
770 2607 941 2691 ποιμένες,
976 2609 1034 2689 τῆς
1053 2605 1233 2689 ἐκκλησίας

109 2703 326 2791 ὑπαρχούσης
351 2705 503 2790 στόματος
523 2705 642 2792 άρτίου
669 2707 725 2774 καί
752 2712 865 2792 μελῶν
891 2705 1052 2792 δγιεινῦν
1079 2709 1147 2772 τῶν
1176 2705 1232 2772 ἐπὶ

108 2805 195 2874 θεόν
212 2808 441 2874 πιστευόντων
463 2810 502 2875 ἐν
517 2809 614 2898 φόβῳ
633 2813 755 2893 κυρίου
775 2809 832 2875 καὶ
854 2807 979 2895 ἀγάπη,
1003 2809 1084 2874 ὅταν
1105 2805 1232 2894 εὑρεθῇ

109 2911 148 2976 ἓν
166 2909 266 2994 μέλος
287 2909 466 2994 περισσόν,
494 2910 626 2998 πονηρά
649 2915 803 2997 φρονοῦν
825 2910 881 2976 καί
903 2914 951 2998 τῷ
973 2914 1079 2976 λοιπιι
1102 2909 1231 2993 σάματι

178 3049 196 3101 3
214 3049 306 3100 Genea
324 3048 353 3112 9,
373 3049 390 3100 6
402 3051 408 3115 Ι
423 3050 439 3100 4
457 3049 533 3100 Dent
552 3049 591 3114 19,
613 3049 644 3100 13

112 3185 123 3234 1
149 3178 181 3236 τό
199 3187 233 3250 -Ι-
251 3201 333 3254 super
351 3200 458 3237 versum
476 3202 507 3250 γ,
533 3177 670 3252 ἐλάλησεν
687 3184 750 3251 -Ι-ι
774 3186 820 3251 qui
843 3187 871 3236 in
889 3185 1014 3248 margine
1033 3174 1065 3235 ἐν
1083 3171 1180 3241 ἄλλοις
1197 3197 1229 3234 το

110 3262 156 3324 ἐπ’
178 3263 271 3336 αάτὸ,
290 3271 359 3322 illud
378 3263 516 3338 ἐλάλησεν
540 3287 557 3322 α
580 3272 689 3322 nemine
714 3271 837 3335 agnitum
856 3271 910 3320 nisi
928 3285 946 3320 ο
963 3269 1100 3320 'furtiano
1118 3267 1229 3320 cotele-

111 3358 169 3408 rins
187 3357 216 3408 in
235 3348 374 3423 ἐλάχησεν
391 3358 491 3408 mutari
509 3355 568 3406 vult
582 3369 586 3418 Ι
603 3356 653 3406 1.2
672 3346 829 3420 ἐφόνευσεν
840 3371 857 3404 x
872 3352 877 3420 Ι
892 3353 908 3406 3
926 3342 970 3405 ὅτι
987 3353 1022 3416 >
1038 3354 1095 3403 ιΥτ
1110 3352 1114 3416 Ι
1129 3354 1147 3403 4
1163 3341 1229 3404 άκε·

111 3457 175 3494 τιον
191 3457 205 3492 τ
221 3442 225 3504 Ι
240 3441 258 3492 6
276 3433 447 3500 διαστάντος
463 3447 537 3506 xm,
556 3432 707 3505 προϊόντος
719 3455 744 3489 w
759 3440 764 3502 Ι
779 3440 794 3489 7
812 3433 887 3505 λέγει
905 3455 944 3489 ιιι
960 3440 964 3504 Ι
980 3439 995 3488 7
1014 3430 1162 3504 στιβόσατε
1179 3453 1203 3488 w
1224 3435 1228 3502 Ι

112 3527 127 3576 7
146 3527 279 3593 νηστείας
295 3543 320 3577 w
335 3525 339 3592 Ι
354 3526 371 3578 8
388 3520 588 3592 προσδέξησθε
605 3524 642 3590 xl
662 3515 932 3591 Βάσφαλησάμενοι
950 3541 974 3576 τι
994 3524 998 3588 Ι
1018 3523 1035 3572 3
1053 3517 1170 3588 ταράξει
1188 3539 1230 3574 wx

111 3617 140 3664 et
157 3627 181 3662 τι
199 3611 309 3678 quidem
327 3617 389 3677 post
405 3603 494 3662 πάλιν
508 3610 512 3672 Ι
527 3610 544 3661 9
561 3603 649 3662 πάλιν
665 3608 700 3675 -Ι-
717 3616 749 3676 γι
762 3611 767 3674 Ι
782 3609 807 3660 9.
820 3607 852 3660 10
869 3603 1016 3675 σιασιάζηι
1034 3623 1058 3658 w
1073 3609 1077 3672 Ι
1094 3607 1127 3659 10
1143 3621 1229 3658 κατα-

111 3690 253 3764 ιιιρτομήν
276 3712 309 3747 xz
336 3695 341 3761 Ι
374 3695 406 3746 10
428 3693 484 3747 τάν
507 3711 597 3760 ιτιγτ,
622 3689 673 3746 τὸν
696 3697 729 3746 Zt
755 3691 760 3762 Ι
788 3695 817 3745 11
837 3683 968 3760 άδελφδν
990 3699 1002 3744 ι
1027 3692 1032 3759 Ι
1063 3694 1094 3744 11
1119 3691 1229 3758 φιλονι-

112 3780 177 3839 κίας
194 3799 218 3844 x,
239 3779 420 3846 φιλοτιιιείας
439 3787 450 3832 t
471 3781 474 3844 Ι
497 3779 525 3830 11
545 3775 656 3847 μόμοας
674 3795 712 3842 w,
735 3795 853 3847 μαμουν
871 3795 901 3842 x,
920 3777 1039 3846 μωμοῦν
1056 3793 1090 3843 γε
1109 3779 1114 3842 Ι
1136 3776 1165 3827 ll
1186 3767 1229 3828 ἐκ-

111 3861 229 3931 βάλεται
247 3883 287 3928 τι,
311 3858 456 3931 ἐπιβαλεῖτε
475 3869 522 3930 γτι
541 3862 546 3928 Ι
567 3863 599 3916 13
617 3862 732 3930 χριστοῦ
750 3881 806 3926 wx,
831 3863 905 3916 θεοῦ
922 3869 970 3930 γτι
989 3864 994 3926 Ι
1020 3863 1050 3914 13
1068 3853 1230 3921 ότιοόιοςτ

110 3952 150 4002 iu
169 3953 345 4002 coniunctum
360 3947 365 4018 Ι
382 3950 413 4002 13
431 3950 596 4016 συνίστησιν
613 3965 630 3999 x
645 3949 649 4012 Ι
666 3949 698 4000 13
716 3942 832 4000 πόλεσιν
843 3957 881 4014 γε,
901 3941 1028 4000 πόλεισιι
1040 3964 1068 4012 π,
1087 3940 1179 4005 πολάς
1196 3961 1228 4008 w,

111 4031 191 4088 πόλει
210 4053 226 4085 x
242 4031 247 4101 Ι
265 4034 351 4086 1314
369 4027 452 4094 οὗτος
471 4027 525 4100 γάρ
543 4034 577 4097 >
594 4051 619 4084 w
634 4031 639 4099 Ι
656 4035 687 4084 14
706 4027 759 4085 ἔσω
771 4038 842 4099 xyzt,
864 4028 950 4085 ἐνδον
968 4050 991 4082 w
1007 4031 1012 4100 Ι
1029 4033 1059 4083 14
1077 4025 1117 4098 μὴ
1184 4022 1229 4082 ἐκ·

111 4119 213 4186 τλησίᾳ
231 4119 267 4182 >
284 4137 309 4170 w
328 4119 332 4180 Ι
355 4120 386 4172 14
404 4113 518 4184 πιρισός
536 4135 558 4168 w
580 4123 585 4176 Ι
606 4118 637 4169 15
655 4117 704 4171 καλ
723 4135 776 4182 wx,
796 4110 827 4168 τὸ
845 4123 893 4182 γει
912 4115 916 4182 Ι
939 4117 970 4168 15
988 4115 1048 4166 πάν
1064 4116 1098 4179 >
1115 4120 1161 4180 γτι
1177 4113 1180 4165 Ι
1198 4113 1230 4164 16

111 4199 285 4270 γευόμενοι
303 4203 337 4265 >
355 4221 390 4266 w,
411 4195 565 4270 γενόμενοι
583 4219 598 4252 τ
618 4203 625 4266 Ι
645 4203 677 4252 111
694 4200 744 4255 ιιαλ
761 4203 795 4268 >
813 4220 836 4252 w
857 4200 861 4267 Ι
882 4203 914 4251 22
931 4194 1109 4265 ὑπάρχοντες
1127 4215 1152 4248 w
1171 4194 1176 4262 Ι
1195 4199 1228 4248 22

109 4281 238 4356 τ’γιιχνιὸν
256 4305 288 4352 x,
307 4278 498 4353 ὑγιαινόντων
516 4305 548 4350 ιν,
568 4277 656 4353 όγιῦν
673 4305 707 4352 γι
728 4291 732 4353 Ι
752 4290 785 4339 22
803 4285 860 4338 τῶν
876 4287 910 4350 >
926 4291 973 4349 yzt
992 4277 997 4351 Ι
1016 4285 1049 4334 24
1065 4275 1099 4334 ἓν
1115 4282 1151 4346 >
1166 4297 1200 4347 γτ
1222 4279 1227 4348 Ι

110 4375 143 4424 24
160 4372 250 4426 λειποῖ
267 4388 285 4436 y
