2994 4972
290 399 351 460 144
1345 404 1359 440 ε
1379 388 1409 438 11

289 557 418 643 φόρους
432 561 578 641 Καίσαρι
598 556 730 622 διδόναι
753 555 885 622 κωλύει.
932 555 987 621 καὶ
1009 558 1163 639 γίνονται
1186 551 1283 620 αύτοί
1306 555 1410 639 κατή-

289 683 384 745 γοροι
407 659 462 726 καὶ
477 659 645 743 μάρτυρες
660 657 716 724 καὶ
739 657 849 744 κριταὶ
874 657 1007 742 καὶτῆς
1028 655 1231 740 ἀποφάσεως
1253 657 1409 735 ἐξουσια-

290 765 376 844 σταί,
400 761 553 844 λέγοντες
569 759 788 845 Σταύρωσον,
810 759 1009 844 σταύρωσον
1024 755 1146 824 αὐτόν·
1171 760 1228 824 ἵνα
1243 762 1413 842 πληρωθῇ

291 862 354 944 ὄ,τι
376 864 558 947 γέγραπται
587 861 663 945 περὶ
690 859 794 926 αὐτοῦ
816 861 855 926 έν
876 874 946 938 τοῖς
967 861 1156 946 προφήταις
1178 859 1411 944 Συνήχθησαν

256 962 347 1030 5έπ’
379 963 435 1048 ἐμὲ
467 963 635 1050 μάρτυρες
663 963 774 1030 άδικοι
802 962 857 1030 καὶ
887 963 1053 1041 ἐψεύσατο
1079 959 1099 1046 ή
1125 961 1241 1028 ἀδικία
1273 959 1410 1046 ἑαυτήν,

291 1065 347 1131 καὶ
371 1066 474 1131 πάλιν
496 1065 784 1151 Περιεκύκλωσάν
799 1089 840 1151 με
863 1066 964 1142 κύνες
985 1068 1123 1147 πολλοί,
1147 1063 1329 1148 συναγωγή
1349 1086 1411 1128 πο-

290 1166 529 1252 νηρευομένων
551 1170 728 1253 περιέσχον
750 1193 805 1252 με,
839 1168 896 1234 καὶ
918 1167 958 1232 έν
980 1167 1104 1251 ἑτέροις
1122 1165 1270 1249 Ἐγένετο
1288 1162 1309 1249 ή
1329 1169 1413 1248 κληη

290 1273 432 1353 ρονομία
451 1293 518 1353 μου
548 1269 622 1354 ἐμοὶ
645 1265 690 1346 άς
712 1271 798 1336 λέων
827 1272 865 1337 έν
887 1272 1016 1356 δρυμῷ,
1038 1271 1165 1336 ἔδωκεν
1188 1265 1240 1333 εἰτ’
1268 1266 1325 1352 ε’μὲ
1349 1265 1413 1350 τήν

290 1369 411 1455 φωνήν
436 1368 548 1455 αύτής.
595 1369 613 1438 ὁ
639 1362 703 1438 ούν
726 1375 875 1449 Πιλᾶτος
897 1370 1064 1457 ἀνανδρίᾳ
1091 1369 1317 1454 καταισχύνας
1349 1367 1413 1453 τήν

242 1488 274 1538 ιο
292 1471 400 1556 ἀρχήν
422 1470 522 1549 αύτδς
542 1471 663 1540 ἑαυτὸν
686 1473 848 1558 ἐξελέγχει
868 1461 1002 1554 κακίας,
1037 1469 1102 1555 πρὸ
1121 1473 1182 1537 τού
1210 1473 1348 1536 δικαίου
1371 1471 1412 1535 τά

290 1575 405 1659 πλήθη
434 1574 664 1658 θεραπεύσας,
690 1575 746 1641 καὶ
773 1579 957 1661 μαρτυρῶν
981 1573 1044 1657 μὲν
1067 1571 1158 1660 αύτῷ
1186 1568 1231 1650 ὡς
1257 1572 1411 1660 ἀναιτίῳ,

289 1672 334 1752 ὥς
366 1683 475 1741 αίτιον
508 1677 546 1742 δὲ
581 1681 702 1743 τοῦτον
724 1677 860 1758 κολάσει
892 1674 1100 1758 παραδιδούς
1120 1676 1272 1763 σταυρῷ,
1300 1679 1412 1740 καίτοι

283 1775 454 1862 Ῥωμαίων
473 1779 599 1861 νόμους
623 1779 811 1863 τιθεμένων
831 1778 960 1863 μηδένα
975 1778 1212 1862 ἀνεξέλεγκτον
1233 1777 1411 1860 θνήσκειν.

290 1879 402 1964 δήμιοι
432 1880 469 1944 δὲ
498 1880 752 1964 παραλαβόντες
778 1880 838 1946 τὸν
865 1883 923 1964 τής
944 1881 1043 1964 δόξης
1064 1878 1184 1963 κύριον
1211 1879 1300 1966 ξύλῳ
1324 1903 1411 1964 προ-

242 1996 273 2047 15
291 1982 466 2065 σήλωσαν,
495 1979 574 2067 ἕκτη
603 1983 666 2064 μὲν
696 1981 766 2070 ὥρᾳ
794 1981 1049 2066 σταυρωσαντες
1085 1978 1206 2064 αὐτόν,
1243 1985 1339 2066 τρίτη
1373 1983 1410 2046 δὲ

289 2081 361 2169 ὥρᾳ
378 2081 440 2166 τήν
460 2079 635 2165 ἀπόφασιν
651 2084 828 2167 δεξάμενοι
851 2081 912 2168 τήν
930 2081 1005 2148 κατ’
1029 2081 1143 2148 αὐτοῦ.
1188 2085 1301 2148 ἔπειτα
1324 2084 1410 2148 ἔδω-

290 2209 355 2249 καν
392 2180 483 2271 αύτῷ
518 2181 591 2264 ὄξος
626 2197 716 2250 πιεῖν
745 2185 827 2270 μετά
857 2191 973 2270 χολῆς,
1009 2182 1079 2251 εἷτα
1100 2184 1140 2250 τά
1166 2185 1279 2269 ἱμάτια
1300 2181 1411 2250 αὐτοῦ

290 2287 403 2374 κλήρῳ
427 2288 676 2374 διεμερίσαντο,
699 2282 768 2352 εἶτα
790 2287 853 2353 δύο
877 2288 1088 2372 κακούργους
1104 2287 1325 2370 ἐσταύρωσαν
1345 2284 1412 2352 σύν

290 2388 382 2476 αὐτῷ
406 2389 439 2468 ἐξ
461 2390 620 2474 ἑκατέρου
640 2391 777 2474 μέρους·
800 2391 858 2455 ’ίνα
878 2393 1044 2474 πληρωθῇ
1060 2387 1098 2454 τὸ
1115 2389 1292 2475 εἰρημένον
1303 2387 1412 2454 Ἔδω-

238 2506 272 2556 κο
290 2515 355 2556 καν
386 2493 432 2566 είς
459 2490 496 2556 τὸ
524 2491 644 2575 βρῶμά
666 2515 733 2573 μου
752 2490 857 2576 χολήν
879 2491 935 2557 καί
959 2494 1005 2568 είς
1025 2489 1087 2576 τήν
1107 2493 1212 2570 δίψαν
1234 2515 1301 2574 μου
1326 2491 1411 2557 ἐπό-

289 2591 387 2658 τισάν
405 2616 446 2676 με
467 2591 556 2674 ὅξος,
583 2592 639 2658 καὶ
665 2593 768 2659 πάλιν
785 2600 1029 2678 Διεμερίσαντο
1048 2592 1089 2659 τά
1112 2593 1224 2676 ἱμάτιά
1241 2617 1310 2677 μου
1329 2593 1411 2658 εἀν-

288 2705 374 2776 τοῑς,
408 2691 463 2758 καὶ
492 2693 548 2758 ἐπί
576 2693 636 2758 τὸν
666 2694 842 2778 ἱματισμόν
869 2718 936 2780 μου
966 2698 1090 2780 ἔβαλον
1118 2699 1261 2780 κλήρου,
1282 2694 1340 2760 καλ
1371 2696 1410 2760 έν

289 2794 403 2872 ἄλλοις
425 2795 491 2862 Καὶ
518 2794 600 2878 μετά
628 2793 765 2880 ἀνόμων
789 2797 982 2882 έλογίσθην.
1027 2800 1140 2863 ἔπειτα
1165 2796 1298 2880 ἐγένετο
1320 2811 1411 2881 τρεῖς

289 2897 378 2982 α’ίρας
410 2898 542 2978 σκότος,
577 2895 644 2962 άπὸ
673 2899 769 2984 ἕκτης
791 2899 852 2977 ἕως
872 2898 1007 2983 ἐνάτης,
1029 2899 1085 2964 καὶ
1107 2901 1211 2965 πάλιν
1233 2899 1305 2982 φώς
1325 2899 1411 2983 πρὸς

237 3016 270 3066 25
289 3002 421 3085 δείλην·
445 2997 560 3076 καθώς
580 3000 764 3085 γέγραπται
785 3008 802 3046 *
826 3000 891 3066 Καὶ
913 2998 973 3084 ούχ
992 2997 1107 3085 ήμίρα
1122 2996 1235 3066 κα1ού
1257 3000 1332 3080 νύξ,
1353 3001 1410 3066 καί

289 3105 371 3187 πρὸς
395 3103 540 3186 ἑσπέραν
569 3105 660 3168 ἔσται
695 3108 775 3188 φῶς.
821 3105 838 3142 *
866 3101 922 3167 καὶ
959 3101 1036 3185 περὶ
1066 3099 1128 3187 τήν
1156 3103 1282 3188 ἐνάτην
1313 3101 1410 3189 ὤραν

355 3279 371 3326 4
389 3277 483 3328 Psalm
502 3277 542 3340 27,
565 3277 595 3326 12
616 3277 620 3340 Ι
640 3276 657 3326 6
675 3277 767 3327 Paalm
785 3277 830 3338 22,
853 3276 883 3326 17
900 3277 934 3339 ΙἹ
954 3277 1067 3327 Ηίετεια
1087 3277 1131 3340 12,
1149 3275 1165 3326 8
1180 3275 1186 3343 Ι
1202 3275 1234 3327 111
1252 3275 1347 3328 Psalm
1365 3275 1408 3333 09.

356 3363 388 3410 22
405 3360 455 3426 Ι21
475 3362 625 3424 Ρεε1ω22,
647 3361 678 3412 19
693 3361 698 3426 Ι
712 3361 746 3413 23
764 3361 819 3426 ΙεεΙ
838 3361 880 3424 53,
902 3362 1000 3424 12125
1019 3361 1093 3413 Zach
1114 3361 1154 3425 14,
1175 3361 1189 3410 7

288 3501 376 3576 λόμι
395 3507 552 3578 γέγραπται
571 3521 637 3578 ναι,
663 3508 694 3566 τὸ
713 3508 910 3580 γεγραμμένον
927 3531 959 3579 γ,
983 3507 1015 3565 τά
1034 3508 1228 3582 γεγραμμένι
1255 3515 1260 3580 Ι
1287 3507 1409 3580 um&-

288 3611 375 3647 σαντα
393 3613 407 3646 τ
423 3603 427 3657 Ι
443 3599 459 3648 5
477 3589 591 3651 άδικίαι
610 3617 633 3648 w
649 3598 652 3661 Ι
668 3601 684 3650 5
703 3590 791 3666 έαυτή
809 3604 820 3649 t
836 3601 839 3663 Ι
858 3599 875 3649 8
892 3615 948 3664 μου
965 3599 1000 3663 >
1016 3616 1050 3664 γι
1070 3597 1075 3666 Ι
1093 3599 1110 3650 9
1128 3589 1201 3666 αὕτη
1219 3617 1235 3649 x
1257 3598 1261 3666 Ι
1281 3599 1298 3650 9
1316 3590 1406 3650 άναν-

289 3681 374 3747 δρεία
391 3699 415 3730 w
430 3681 434 3744 1
452 3682 484 3733 10
501 3682 605 3742 κακίας
621 3683 655 3747 >
675 3687 711 3734 1ἰ
727 3685 731 3746 Ι
753 3687 783 3734 12
802 3676 916 3734 κολάσει
934 3683 1036 3736 τοῦτον
1053 3689 1100 3749 γαί
1119 3682 1124 3750 Ι
1146 3683 1176 3734 13
1195 3678 1329 3750 θεμένων
1346 3701 1381 3748 γι
1402 3685 1406 3750 Ι

292 3767 321 3818 13
339 3757 526 3830 α’νεξίλεκτον
544 3785 582 3818 wz
604 3768 609 3832 Ι
630 3767 661 3818 16
679 3763 745 3820 κατ’
763 3785 819 3833 wx,
843 3766 909 3833 κερλ
926 3777 972 3834 yzt
992 3772 996 3834 Ι
1019 3767 1049 3820 18
1067 3762 1161 3835 κλήρῳ
1177 3769 1212 3832 >
1230 3771 1274 3832 X!
1298 3769 1329 3818 18
1347 3767 1406 3820 διε·

288 3848 449 3918 μερήσαντο
462 3869 485 3900 w
501 3853 506 3916 Ι
523 3852 554 3902 18
569 3847 666 3904 ἔπειτα
678 3861 725 3918 yzt
741 3853 745 3917 Ι
763 3851 794 3902 19
806 3849 1004 3921 γεγραμμένον
1015 3859 1062 3918 γτι
1078 3852 1081 3911 1
1096 3853 1138 3904 20.
1152 3853 1182 3904 21
1199 3844 1344 3918 έπύτησάν
1355 3869 1380 3902 w
1402 3847 1407 3916 Ι

288 3940 330 3988 22.
344 3936 377 3988 23
395 3934 444 3988 καλ
464 3929 495 3988 έν
513 3926 609 3995 ἄλλοις
626 3937 660 4000 >
678 3955 692 3988 ι
708 3936 712 4004 Ι
727 3938 760 3989 23
780 3930 918 4004 ἐλογίσθη
937 3955 995 4003 wyz
1011 3937 1016 4005 Ι
1035 3939 1069 3988 24
1087 3930 1208 4004 έννάτης
1227 3955 1266 3988 wz
1282 3940 1286 4000 Ι
1302 3940 1335 3990 25
1354 3931 1407 4004 θή-

289 4022 341 4088 λην
359 4027 371 4072 t
390 4021 395 4086 Ι
415 4023 448 4071 25
467 4013 499 4072 ἐν
517 4013 613 4087 ἐκείνη
631 4021 666 4088 τη·
684 4017 778 4089 ήμέρα
796 4013 847 4074 ούκ
868 4017 946 4074 ἔσται
965 4021 1040 4088 φάς,
1062 4021 1111 4075 καὶ
1134 4018 1227 4089 ψύχος
1245 4021 1295 4075 καὶ
1314 4019 1409 4088 πάγος

289 4102 366 4158 έσται
385 4105 457 4173 μίαν
474 4097 595 4172 ἡμέραν,
616 4105 664 4159 καλ
683 4099 701 4173 ή
720 4099 813 4174 ήμέρα
833 4101 929 4173 έκείνη
947 4100 1056 4174 γνωστή
1076 4106 1113 4157 τά
1130 4105 1220 4172 κυρίω
1237 4109 1271 4172 -Ι-
1288 4124 1336 4172 γε,
1356 4109 1408 4158 sed

288 4193 397 4242 nonnisi
411 4193 437 4241 in
451 4193 605 4258 marginez.
620 4193 655 4242 ad
668 4185 767 4250 καθάς
776 4194 893 4244 relatum
908 4197 913 4253 Ι
928 4193 962 4242 211
971 4181 1045 4257 άπερ
1057 4182 1173 4242 ἅπαντα
1186 4185 1364 4258 θεασάμενοι
1379 4185 1410 4243 οί

288 4273 538 4340 συσταυρωθέκτες
556 4273 777 4344 [σταυροθέντες
795 4275 818 4342 t]
839 4268 916 4328 αὐτά
933 4275 1103 4343 κακοῦργοι,
1123 4269 1138 4327 ὀ
1156 4270 1210 4342 μὲν
1228 4267 1317 4327 αύτόν
1341 4269 1407 4342 Ιαύ-
1487 4305 1488 4326 ι

287 4359 344 4411 τάν
361 4359 384 4428 t]
405 4353 581 4429 ἐβλασφήμει
600 4353 704 4414 ύσανελ
723 4353 765 4413 δι’
788 4355 948 4412 άσθένειαν
969 4355 1009 4428 μή
1032 4355 1197 4428 δυνάμενον
1220 4352 1311 4412 ἑαυτά
1336 4353 1408 4412 ἐπα-
