<?xml version="1.0" encoding="UTF-8"?>
<!DOCTYPE html PUBLIC "-//W3C//DTD XHTML 1.0 Transitional//EN"
    "http://www.w3.org/TR/xhtml1/DTD/xhtml1-transitional.dtd">
<html xmlns="http://www.w3.org/1999/xhtml" xml:lang="en" lang="en">
 <head>
  <title>
</title>
<meta http-equiv="Content-Type" content="text/html;charset=utf-8" />
  <meta name='ocr-system' content='tesseract 3.04.00' />
  <meta name='ocr-capabilities' content='ocr_page ocr_carea ocr_par ocr_line ocrx_word'/>
</head>
<body>
  <div class='ocr_page' id='page_1' title='image "./decontroversiis00schgoog_0194.png"; bbox 0 0 2994 4972; ppageno 0'>
   <div class='ocr_carea' id='block_1_1' title="bbox 285 393 1412 462">
    <p class='ocr_par' dir='ltr' id='par_1_1' title="bbox 285 393 1412 462">
     <span class='ocr_line' id='line_1_1' title="bbox 285 393 1412 462; baseline 0.002 -19"><span class='ocrx_word' id='word_1_1' title='bbox 285 399 325 462; x_wconf 77' lang='lat'><strong><em>92</em></strong></span> <span class='ocrx_word' id='word_1_2' title='bbox 1266 393 1284 461; x_wconf 79' lang='grc' dir='ltr'><strong>β</strong></span> <span class='ocrx_word' id='word_1_3' title='bbox 1300 394 1412 446; x_wconf 75' lang='grc'>60-61</span> 
     </span>
    </p>
   </div>
   <div class='ocr_carea' id='block_1_2' title="bbox 186 555 1487 3392">
    <p class='ocr_par' dir='ltr' id='par_1_2' title="bbox 186 555 1487 3392">
     <span class='ocr_line' id='line_1_2' title="bbox 286 555 1417 646; baseline -0.001 -19"><span class='ocrx_word' id='word_1_4' title='bbox 286 563 468 646; x_wconf 87' lang='grc' dir='ltr'><strong><em>λογήσεταί</em></strong></span> <span class='ocrx_word' id='word_1_5' title='bbox 492 585 542 638; x_wconf 84' lang='grc' dir='ltr'><strong><em>τις</em></strong></span> <span class='ocrx_word' id='word_1_6' title='bbox 578 559 785 646; x_wconf 77' lang='grc' dir='ltr'><strong><em>ὀλιγωρήσας</em></strong></span> <span class='ocrx_word' id='word_1_7' title='bbox 818 555 841 644; x_wconf 79' lang='grc' dir='ltr'><em>ἢ</em></span> <span class='ocrx_word' id='word_1_8' title='bbox 878 558 997 636; x_wconf 84' lang='grc' dir='ltr'><strong><em>ίιιστάς</em></strong></span> <span class='ocrx_word' id='word_1_9' title='bbox 1032 565 1093 644; x_wconf 85' lang='grc' dir='ltr'><strong><em>τῆς</em></strong></span> <span class='ocrx_word' id='word_1_10' title='bbox 1131 562 1312 646; x_wconf 78' lang='grc' dir='ltr'><strong><em>ἐκκλησίας</em></strong></span> <span class='ocrx_word' id='word_1_11' title='bbox 1350 565 1417 626; x_wconf 81' lang='grc' dir='ltr'><strong><em>τοῦ</em></strong></span> 
     </span>
     <span class='ocr_line' id='line_1_3' title="bbox 284 660 1456 787; baseline 0.002 -56"><span class='ocrx_word' id='word_1_12' title='bbox 284 667 386 740; x_wconf 84' lang='grc' dir='ltr'><strong><em>θεοῦ;</em></strong></span> <span class='ocrx_word' id='word_1_13' title='bbox 413 665 417 750; x_wconf 71' lang='lat' dir='ltr'>J</span> <span class='ocrx_word' id='word_1_14' title='bbox 448 665 479 729; x_wconf 91' lang='grc' dir='ltr'><strong><em>εί</em></strong></span> <span class='ocrx_word' id='word_1_15' title='bbox 497 664 537 730; x_wconf 84' lang='grc' dir='ltr'><strong><em>δέ</em></strong></span> <span class='ocrx_word' id='word_1_16' title='bbox 556 687 606 740; x_wconf 88' lang='grc' dir='ltr'><strong><em>τις</em></strong></span> <span class='ocrx_word' id='word_1_17' title='bbox 632 660 702 747; x_wconf 87' lang='grc' dir='ltr'><strong><em>τήν</em></strong></span> <span class='ocrx_word' id='word_1_18' title='bbox 722 665 784 727; x_wconf 89' lang='grc' dir='ltr'><strong><em>τοῦ</em></strong></span> <span class='ocrx_word' id='word_1_19' title='bbox 805 665 908 747; x_wconf 79' lang='grc' dir='ltr'><strong><em>ἔργον</em></strong></span> <span class='ocrx_word' id='word_1_20' title='bbox 931 666 994 727; x_wconf 88' lang='grc' dir='ltr'><strong><em>τοῦ</em></strong></span> <span class='ocrx_word' id='word_1_21' title='bbox 1019 665 1109 729; x_wconf 89' lang='grc' dir='ltr'><strong><em>ίδίου</em></strong></span> <span class='ocrx_word' id='word_1_22' title='bbox 1132 663 1355 787; x_wconf 76' lang='grc' dir='ltr'><strong><em>πρόιρασιν’</em></strong></span> <span class='ocrx_word' id='word_1_23' title='bbox 1334 685 1415 729; x_wconf 83' lang='grc' dir='ltr'><strong><em>επι-</em></strong></span> <span class='ocrx_word' id='word_1_24' title='bbox 1424 675 1456 733; x_wconf 83' lang='grc'><strong><em>61</em></strong></span> 
     </span>
     <span class='ocr_line' id='line_1_4' title="bbox 285 761 1460 851; baseline -0.002 -19"><span class='ocrx_word' id='word_1_25' title='bbox 285 767 400 851; x_wconf 79' lang='grc' dir='ltr'><strong><em>φέρων</em></strong></span> <span class='ocrx_word' id='word_1_26' title='bbox 429 762 587 851; x_wconf 73' lang='grc' dir='ltr'><strong><em>ὀλιγωρεῖ</em></strong></span> <span class='ocrx_word' id='word_1_27' title='bbox 610 763 898 850; x_wconf 76' lang='grc' dir='ltr'><strong><em>προφασιζόμενος</em></strong></span> <span class='ocrx_word' id='word_1_28' title='bbox 925 763 1113 848; x_wconf 79' lang='grc' dir='ltr'><strong><em>προφάσεις</em></strong></span> <span class='ocrx_word' id='word_1_29' title='bbox 1142 761 1227 830; x_wconf 85' lang='grc' dir='ltr'><strong><em>ἐν</em></strong></span> <span class='ocrx_word' id='word_1_30' title='bbox 1208 768 1414 850; x_wconf 85' lang='grc' dir='ltr'><strong><em>αμαρτίαις,</em></strong></span> <span class='ocrx_word' id='word_1_31' title='bbox 1431 792 1460 844; x_wconf 66' lang='lat'><em>9</em></span> 
     </span>
     <span class='ocr_line' id='line_1_5' title="bbox 285 863 1416 951; baseline -0.002 -18"><span class='ocrx_word' id='word_1_32' title='bbox 285 868 476 951; x_wconf 79' lang='grc' dir='ltr'><strong><em>γινωσκέτω</em></strong></span> <span class='ocrx_word' id='word_1_33' title='bbox 511 863 529 930; x_wconf 89' lang='grc' dir='ltr'>ὁ</span> <span class='ocrx_word' id='word_1_34' title='bbox 564 869 715 942; x_wconf 89' lang='grc' dir='ltr'><strong><em>τοιοῦτος</em></strong></span> <span class='ocrx_word' id='word_1_35' title='bbox 746 863 791 942; x_wconf 74' lang='grc' dir='ltr'><strong><em>τίς</em></strong></span> <span class='ocrx_word' id='word_1_36' title='bbox 821 864 860 930; x_wconf 87' lang='grc' dir='ltr'><strong><em>αί</em></strong></span> <span class='ocrx_word' id='word_1_37' title='bbox 884 865 996 950; x_wconf 82' lang='grc' dir='ltr'><strong><em>τέχναι</em></strong></span> <span class='ocrx_word' id='word_1_38' title='bbox 1017 869 1087 931; x_wconf 76' lang='grc' dir='ltr'><strong><em>τῶν</em></strong></span> <span class='ocrx_word' id='word_1_39' title='bbox 1113 869 1242 932; x_wconf 74' lang='grc' dir='ltr'><strong><em>πιστόν</em></strong></span> <span class='ocrx_word' id='word_1_40' title='bbox 1266 867 1416 950; x_wconf 82' lang='grc' dir='ltr'><strong><em>έπέργιά</em></strong></span> 
     </span>
     <span class='ocr_line' id='line_1_6' title="bbox 251 956 1416 1090; baseline 0 -56"><span class='ocrx_word' id='word_1_41' title='bbox 251 971 388 1051; x_wconf 76' lang='grc' dir='ltr'><strong><em>οείσιν,</em></strong></span> <span class='ocrx_word' id='word_1_42' title='bbox 415 971 517 1053; x_wconf 80' lang='grc' dir='ltr'><strong><em>ἔργον</em></strong></span> <span class='ocrx_word' id='word_1_43' title='bbox 531 963 611 1053; x_wconf 74' lang='grc' dir='ltr'><strong><em>δέή</em></strong></span> <span class='ocrx_word' id='word_1_44' title='bbox 642 969 829 1052; x_wconf 77' lang='grc' dir='ltr'><strong><em>θεοσέβεια.</em></strong></span> <span class='ocrx_word' id='word_1_45' title='bbox 874 965 933 1043; x_wconf 84' lang='grc' dir='ltr'><strong><em>τὰς</em></strong></span> <span class='ocrx_word' id='word_1_46' title='bbox 954 956 1018 1032; x_wconf 84' lang='grc' dir='ltr'><strong><em>οὖν</em></strong></span> <span class='ocrx_word' id='word_1_47' title='bbox 1045 964 1199 1052; x_wconf 71' lang='grc' dir='ltr'><strong><em>τέχνας’</em></strong></span> <span class='ocrx_word' id='word_1_48' title='bbox 1180 969 1277 1090; x_wconf 72' lang='grc' dir='ltr'><strong><em>υμῶν</em></strong></span> <span class='ocrx_word' id='word_1_49' title='bbox 1296 993 1350 1045; x_wconf 83' lang='grc' dir='ltr'><strong><em>ως</em></strong></span> <span class='ocrx_word' id='word_1_50' title='bbox 1375 969 1416 1034; x_wconf 85' lang='grc' dir='ltr'><strong><em>ἐν</em></strong></span> 
     </span>
     <span class='ocr_line' id='line_1_7' title="bbox 285 1064 1416 1156; baseline -0.002 -20"><span class='ocrx_word' id='word_1_51' title='bbox 285 1071 441 1156; x_wconf 77' lang='grc' dir='ltr'><strong><em>παρέργῳ</em></strong></span> <span class='ocrx_word' id='word_1_52' title='bbox 467 1081 591 1136; x_wconf 73' lang='grc' dir='ltr'><strong><em>ποιεῖτε</em></strong></span> <span class='ocrx_word' id='word_1_53' title='bbox 615 1070 662 1146; x_wconf 86' lang='grc' dir='ltr'><strong><em>είς</em></strong></span> <span class='ocrx_word' id='word_1_54' title='bbox 684 1064 917 1154; x_wconf 76' lang='grc' dir='ltr'><strong><em>διατροφήν</em></strong></span> <span class='ocrx_word' id='word_1_55' title='bbox 898 1091 1011 1152; x_wconf 89' lang='grc' dir='ltr'><strong><em>υμων,</em></strong></span> <span class='ocrx_word' id='word_1_56' title='bbox 1032 1071 1119 1156; x_wconf 76' lang='grc' dir='ltr'><strong><em>ἔργῳ</em></strong></span> <span class='ocrx_word' id='word_1_57' title='bbox 1139 1069 1176 1134; x_wconf 80' lang='grc' dir='ltr'><strong><em>δὲ</em></strong></span> <span class='ocrx_word' id='word_1_58' title='bbox 1193 1066 1256 1152; x_wconf 84' lang='grc' dir='ltr'><strong><em>τήν</em></strong></span> <span class='ocrx_word' id='word_1_59' title='bbox 1283 1071 1416 1134; x_wconf 85' lang='grc' dir='ltr'><strong><em>θεοσέ-</em></strong></span> 
     </span>
     <span class='ocr_line' id='line_1_8' title="bbox 284 1165 1415 1257; baseline -0.002 -21"><span class='ocrx_word' id='word_1_60' title='bbox 284 1176 382 1257; x_wconf 77' lang='grc' dir='ltr'><strong><em>βειαν</em></strong></span> <span class='ocrx_word' id='word_1_61' title='bbox 402 1168 550 1238; x_wconf 85' lang='grc' dir='ltr'><strong><em>ἀσκείτε·</em></strong></span> <span class='ocrx_word' id='word_1_62' title='bbox 581 1165 626 1248; x_wconf 74' lang='grc' dir='ltr'><strong><em>ὥς</em></strong></span> <span class='ocrx_word' id='word_1_63' title='bbox 647 1170 703 1236; x_wconf 83' lang='grc' dir='ltr'><strong><em>καί</em></strong></span> <span class='ocrx_word' id='word_1_64' title='bbox 731 1166 750 1236; x_wconf 92' lang='grc' dir='ltr'><strong><em>ό</em></strong></span> <span class='ocrx_word' id='word_1_65' title='bbox 777 1169 894 1255; x_wconf 87' lang='grc' dir='ltr'><strong><em>κύριος</em></strong></span> <span class='ocrx_word' id='word_1_66' title='bbox 917 1172 1032 1254; x_wconf 88' lang='grc' dir='ltr'><strong><em>έλεγεν</em></strong></span> <span class='ocrx_word' id='word_1_67' title='bbox 1051 1167 1246 1256; x_wconf 79' lang='grc' dir='ltr'><strong><em>Ἐργάζεσθε</em></strong></span> <span class='ocrx_word' id='word_1_68' title='bbox 1267 1168 1315 1254; x_wconf 88' lang='grc' dir='ltr'><strong><em>μή</em></strong></span> <span class='ocrx_word' id='word_1_69' title='bbox 1346 1169 1415 1254; x_wconf 80' lang='grc' dir='ltr'><strong><em>τήν</em></strong></span> 
     </span>
     <span class='ocr_line' id='line_1_9' title="bbox 284 1268 1416 1358; baseline -0.001 -21"><span class='ocrx_word' id='word_1_70' title='bbox 284 1275 415 1358; x_wconf 73' lang='grc' dir='ltr'><strong><em>βρῶσιν</em></strong></span> <span class='ocrx_word' id='word_1_71' title='bbox 447 1270 509 1357; x_wconf 85' lang='grc' dir='ltr'><strong><em>τήν</em></strong></span> <span class='ocrx_word' id='word_1_72' title='bbox 540 1271 797 1358; x_wconf 79' lang='grc' dir='ltr'><strong><em>ἀπολλυμένην,</em></strong></span> <span class='ocrx_word' id='word_1_73' title='bbox 836 1268 922 1336; x_wconf 86' lang='grc' dir='ltr'><strong><em>ἀλλά</em></strong></span> <span class='ocrx_word' id='word_1_74' title='bbox 955 1268 1018 1356; x_wconf 85' lang='grc' dir='ltr'><strong><em>τήν</em></strong></span> <span class='ocrx_word' id='word_1_75' title='bbox 1043 1271 1215 1356; x_wconf 85' lang='grc' dir='ltr'><strong><em>μένουσαν</em></strong></span> <span class='ocrx_word' id='word_1_76' title='bbox 1240 1273 1288 1349; x_wconf 89' lang='grc' dir='ltr'><strong><em>είς</em></strong></span> <span class='ocrx_word' id='word_1_77' title='bbox 1316 1270 1416 1356; x_wconf 80' lang='grc' dir='ltr'><strong><em>ζωήν</em></strong></span> 
     </span>
     <span class='ocr_line' id='line_1_10' title="bbox 285 1371 1414 1458; baseline -0.003 -18"><span class='ocrx_word' id='word_1_78' title='bbox 285 1373 442 1440; x_wconf 80' lang='grc' dir='ltr'><strong><em>αίεόνιον·</em></strong></span> <span class='ocrx_word' id='word_1_79' title='bbox 473 1374 529 1440; x_wconf 79' lang='grc' dir='ltr'><strong><em>καί</em></strong></span> <span class='ocrx_word' id='word_1_80' title='bbox 547 1375 650 1441; x_wconf 90' lang='grc' dir='ltr'><strong><em>πάλιν</em></strong></span> <span class='ocrx_word' id='word_1_81' title='bbox 676 1377 783 1440; x_wconf 87' lang='grc' dir='ltr'><strong><em>Τοῦτο</em></strong></span> <span class='ocrx_word' id='word_1_82' title='bbox 804 1372 844 1437; x_wconf 91' lang='grc' dir='ltr'><strong><em>δέ</em></strong></span> <span class='ocrx_word' id='word_1_83' title='bbox 863 1374 934 1439; x_wconf 81' lang='grc' dir='ltr'><strong><em>ἐστι</em></strong></span> <span class='ocrx_word' id='word_1_84' title='bbox 955 1371 993 1439; x_wconf 87' lang='grc' dir='ltr'><strong><em>τὸ</em></strong></span> <span class='ocrx_word' id='word_1_85' title='bbox 1011 1374 1112 1458; x_wconf 80' lang='grc' dir='ltr'><strong><em>ἔργον</em></strong></span> <span class='ocrx_word' id='word_1_86' title='bbox 1133 1377 1196 1438; x_wconf 90' lang='grc' dir='ltr'><strong><em>τοῦ</em></strong></span> <span class='ocrx_word' id='word_1_87' title='bbox 1213 1376 1320 1454; x_wconf 89' lang='grc' dir='ltr'><strong><em>θεοῦ,</em></strong></span> <span class='ocrx_word' id='word_1_88' title='bbox 1351 1375 1414 1439; x_wconf 76' lang='grc' dir='ltr'><strong><em>’ίνα</em></strong></span> 
     </span>
     <span class='ocr_line' id='line_1_11' title="bbox 237 1463 1414 1562; baseline -0.003 -19"><span class='ocrx_word' id='word_1_89' title='bbox 237 1491 268 1543; x_wconf 86' lang='grc' dir='ltr'><strong><em>ιο</em></strong></span> <span class='ocrx_word' id='word_1_90' title='bbox 286 1475 462 1562; x_wconf 75' lang='grc' dir='ltr'><strong><em>πιστεύητε</em></strong></span> <span class='ocrx_word' id='word_1_91' title='bbox 488 1479 536 1554; x_wconf 84' lang='grc' dir='ltr'><strong><em>είς</em></strong></span> <span class='ocrx_word' id='word_1_92' title='bbox 556 1471 598 1542; x_wconf 88' lang='grc' dir='ltr'><strong><em>δν</em></strong></span> <span class='ocrx_word' id='word_1_93' title='bbox 622 1473 818 1540; x_wconf 86' lang='grc' dir='ltr'><strong><em>ἀπέστειλεν</em></strong></span> <span class='ocrx_word' id='word_1_94' title='bbox 840 1476 979 1552; x_wconf 80' lang='grc' dir='ltr'><strong><em>έκείνος.</em></strong></span> <span class='ocrx_word' id='word_1_95' title='bbox 1025 1475 1229 1554; x_wconf 71' lang='grc' dir='ltr'><strong><em>σπουδάζετε</em></strong></span> <span class='ocrx_word' id='word_1_96' title='bbox 1250 1463 1315 1540; x_wconf 84' lang='grc' dir='ltr'><strong><em>οῦν</em></strong></span> <span class='ocrx_word' id='word_1_97' title='bbox 1342 1499 1414 1559; x_wconf 88' lang='grc' dir='ltr'><strong><em>μη-</em></strong></span> 
     </span>
     <span class='ocr_line' id='line_1_12' title="bbox 186 1576 1413 1668; baseline -0.002 -24"><span class='ocrx_word' id='word_1_98' title='bbox 186 1655 192 1668; x_wconf 27' lang='grc'>,</span> <span class='ocrx_word' id='word_1_99' title='bbox 285 1579 403 1644; x_wconf 82' lang='grc' dir='ltr'><strong><em>δέποτε</em></strong></span> <span class='ocrx_word' id='word_1_100' title='bbox 424 1576 487 1664; x_wconf 85' lang='grc' dir='ltr'><strong><em>τήν</em></strong></span> <span class='ocrx_word' id='word_1_101' title='bbox 509 1579 692 1662; x_wconf 79' lang='grc' dir='ltr'><strong><em>ἐκκλησίαν</em></strong></span> <span class='ocrx_word' id='word_1_102' title='bbox 712 1579 775 1640; x_wconf 91' lang='grc' dir='ltr'><strong><em>τοῦ</em></strong></span> <span class='ocrx_word' id='word_1_103' title='bbox 791 1579 879 1642; x_wconf 88' lang='grc' dir='ltr'><strong><em>θεοῦ</em></strong></span> <span class='ocrx_word' id='word_1_104' title='bbox 901 1580 1115 1642; x_wconf 71' lang='grc' dir='ltr'><strong><em>καταλιπεῖν·</em></strong></span> <span class='ocrx_word' id='word_1_105' title='bbox 1140 1579 1170 1642; x_wconf 88' lang='grc' dir='ltr'><strong><em>εί</em></strong></span> <span class='ocrx_word' id='word_1_106' title='bbox 1190 1578 1230 1642; x_wconf 83' lang='grc' dir='ltr'><strong><em>δέ</em></strong></span> <span class='ocrx_word' id='word_1_107' title='bbox 1248 1601 1299 1652; x_wconf 91' lang='grc' dir='ltr'><strong><em>τις</em></strong></span> <span class='ocrx_word' id='word_1_108' title='bbox 1322 1577 1413 1641; x_wconf 85' lang='grc' dir='ltr'><strong><em>ταῦ-</em></strong></span> 
     </span>
     <span class='ocr_line' id='line_1_13' title="bbox 284 1672 1412 1765; baseline -0.002 -21"><span class='ocrx_word' id='word_1_109' title='bbox 284 1703 347 1765; x_wconf 89' lang='grc' dir='ltr'><strong><em>την</em></strong></span> <span class='ocrx_word' id='word_1_110' title='bbox 366 1676 538 1765; x_wconf 74' lang='grc' dir='ltr'><strong><em>ὑπερίδοι,</em></strong></span> <span class='ocrx_word' id='word_1_111' title='bbox 561 1683 608 1756; x_wconf 87' lang='grc' dir='ltr'><strong><em>είς</em></strong></span> <span class='ocrx_word' id='word_1_112' title='bbox 627 1676 751 1763; x_wconf 87' lang='grc' dir='ltr'><strong><em>μιαρόν</em></strong></span> <span class='ocrx_word' id='word_1_113' title='bbox 772 1678 810 1744; x_wconf 78' lang='grc' dir='ltr'><strong><em>δὲ</em></strong></span> <span class='ocrx_word' id='word_1_114' title='bbox 834 1679 950 1744; x_wconf 79' lang='grc' dir='ltr'><strong><em>ἐθνῦν</em></strong></span> <span class='ocrx_word' id='word_1_115' title='bbox 967 1679 1114 1744; x_wconf 79' lang='grc' dir='ltr'><strong><em>εἰσέλθοι</em></strong></span> <span class='ocrx_word' id='word_1_116' title='bbox 1134 1672 1158 1762; x_wconf 84' lang='grc' dir='ltr'><strong><em>ή</em></strong></span> <span class='ocrx_word' id='word_1_117' title='bbox 1178 1681 1225 1754; x_wconf 83' lang='grc' dir='ltr'><strong><em>είς</em></strong></span> <span class='ocrx_word' id='word_1_118' title='bbox 1245 1694 1412 1761; x_wconf 83' lang='grc' dir='ltr'><strong><em>συναγω-</em></strong></span> 
     </span>
     <span class='ocr_line' id='line_1_14' title="bbox 284 1776 1413 1867; baseline -0.004 -19"><span class='ocrx_word' id='word_1_119' title='bbox 284 1780 350 1867; x_wconf 82' lang='grc' dir='ltr'><strong><em>γήν</em></strong></span> <span class='ocrx_word' id='word_1_120' title='bbox 369 1780 540 1849; x_wconf 87' lang='grc' dir='ltr'><strong><em>Ἰουδαίων</em></strong></span> <span class='ocrx_word' id='word_1_121' title='bbox 558 1777 582 1867; x_wconf 86' lang='grc' dir='ltr'><strong><em>ή</em></strong></span> <span class='ocrx_word' id='word_1_122' title='bbox 604 1781 793 1867; x_wconf 81' lang='grc' dir='ltr'><strong><em>αίρετικῦν,</em></strong></span> <span class='ocrx_word' id='word_1_123' title='bbox 818 1776 836 1846; x_wconf 91' lang='grc' dir='ltr'><strong><em>δ</em></strong></span> <span class='ocrx_word' id='word_1_124' title='bbox 857 1783 1009 1856; x_wconf 89' lang='grc' dir='ltr'><strong><em>τοιοῦτος</em></strong></span> <span class='ocrx_word' id='word_1_125' title='bbox 1031 1784 1067 1846; x_wconf 98' lang='grc' dir='ltr'><strong><em>τί</em></strong></span> <span class='ocrx_word' id='word_1_126' title='bbox 1085 1777 1335 1864; x_wconf 74' lang='grc' dir='ltr'><strong><em>ἀπολογήσεται</em></strong></span> <span class='ocrx_word' id='word_1_127' title='bbox 1364 1780 1413 1866; x_wconf 72' lang='grc' dir='ltr'><strong><em>τῷ</em></strong></span> 
     </span>
     <span class='ocr_line' id='line_1_15' title="bbox 285 1879 1412 1970; baseline -0.004 -20"><span class='ocrx_word' id='word_1_128' title='bbox 285 1887 358 1970; x_wconf 76' lang='grc' dir='ltr'><strong><em>θεῷ</em></strong></span> <span class='ocrx_word' id='word_1_129' title='bbox 370 1885 409 1949; x_wconf 83' lang='grc' dir='ltr'><strong><em>έν</em></strong></span> <span class='ocrx_word' id='word_1_130' title='bbox 425 1880 532 1970; x_wconf 79' lang='grc' dir='ltr'><strong><em>ήμέρᾳ</em></strong></span> <span class='ocrx_word' id='word_1_131' title='bbox 547 1887 704 1968; x_wconf 81' lang='grc' dir='ltr'><strong><em>κρίσεως;</em></strong></span> <span class='ocrx_word' id='word_1_132' title='bbox 725 1881 823 1965; x_wconf 88' lang='grc' dir='ltr'><strong><em>λόγια</em></strong></span> <span class='ocrx_word' id='word_1_133' title='bbox 840 1879 927 1946; x_wconf 87' lang='grc' dir='ltr'><strong><em>θεοῦ</em></strong></span> <span class='ocrx_word' id='word_1_134' title='bbox 941 1885 1064 1961; x_wconf 75' lang='grc' dir='ltr'><strong><em>ζῶντος</em></strong></span> <span class='ocrx_word' id='word_1_135' title='bbox 1082 1879 1277 1946; x_wconf 74' lang='grc' dir='ltr'><strong><em>καταλιπων</em></strong></span> <span class='ocrx_word' id='word_1_136' title='bbox 1296 1882 1412 1960; x_wconf 71' lang='grc' dir='ltr'><strong><em>ζῶντα</em></strong></span> 
     </span>
     <span class='ocr_line' id='line_1_16' title="bbox 236 1981 1410 2067; baseline -0.001 -16"><span class='ocrx_word' id='word_1_137' title='bbox 236 1999 268 2051; x_wconf 73' lang='grc'><strong><em>15</em></strong></span> <span class='ocrx_word' id='word_1_138' title='bbox 286 1983 343 2050; x_wconf 80' lang='grc' dir='ltr'><strong><em>καί</em></strong></span> <span class='ocrx_word' id='word_1_139' title='bbox 364 1987 591 2064; x_wconf 76' lang='grc' dir='ltr'><strong><em>ζωοποιοῦντα</em></strong></span> <span class='ocrx_word' id='word_1_140' title='bbox 607 1981 663 2048; x_wconf 78' lang='grc' dir='ltr'><strong><em>καὶ</em></strong></span> <span class='ocrx_word' id='word_1_141' title='bbox 680 1983 855 2067; x_wconf 89' lang='grc' dir='ltr'><strong><em>δυνάμενα</em></strong></span> <span class='ocrx_word' id='word_1_142' title='bbox 867 1981 1037 2066; x_wconf 72' lang='grc' dir='ltr'><strong><em>ῥύσασθαι</em></strong></span> <span class='ocrx_word' id='word_1_143' title='bbox 1060 1983 1230 2061; x_wconf 87' lang='grc' dir='ltr'><strong><em>κολάσεως</em></strong></span> <span class='ocrx_word' id='word_1_144' title='bbox 1248 1986 1410 2063; x_wconf 73' lang='grc' dir='ltr'><strong><em>αἰωνίου,</em></strong></span> 
     </span>
     <span class='ocr_line' id='line_1_17' title="bbox 286 2079 1410 2170; baseline 0.001 -19"><span class='ocrx_word' id='word_1_145' title='bbox 286 2084 344 2151; x_wconf 78' lang='grc' dir='ltr'><strong><em>καὶ</em></strong></span> <span class='ocrx_word' id='word_1_146' title='bbox 363 2084 545 2170; x_wconf 80' lang='grc' dir='ltr'><strong><em>πορευθείς</em></strong></span> <span class='ocrx_word' id='word_1_147' title='bbox 567 2087 614 2161; x_wconf 86' lang='grc' dir='ltr'><strong><em>είς</em></strong></span> <span class='ocrx_word' id='word_1_148' title='bbox 634 2080 730 2149; x_wconf 84' lang='grc' dir='ltr'><strong><em>οίκον</em></strong></span> <span class='ocrx_word' id='word_1_149' title='bbox 754 2079 967 2169; x_wconf 81' lang='grc' dir='ltr'><strong><em>δαιμόνωνή</em></strong></span> <span class='ocrx_word' id='word_1_150' title='bbox 992 2091 1010 2131; x_wconf 85' lang='grc'>*</span> <span class='ocrx_word' id='word_1_151' title='bbox 1036 2083 1239 2170; x_wconf 84' lang='grc' dir='ltr'><strong><em>συναγωγήν</em></strong></span> <span class='ocrx_word' id='word_1_152' title='bbox 1267 2103 1410 2170; x_wconf 79' lang='grc' dir='ltr'><strong><em>χριστο-</em></strong></span> 
     </span>
     <span class='ocr_line' id='line_1_18' title="bbox 285 2181 1409 2271; baseline 0.002 -19"><span class='ocrx_word' id='word_1_153' title='bbox 285 2187 417 2253; x_wconf 87' lang='grc' dir='ltr'><strong><em>κτόνων</em></strong></span> <span class='ocrx_word' id='word_1_154' title='bbox 437 2181 460 2271; x_wconf 86' lang='grc' dir='ltr'><strong><em>ή</em></strong></span> <span class='ocrx_word' id='word_1_155' title='bbox 481 2188 664 2271; x_wconf 73' lang='grc' dir='ltr'><strong><em>ἐκκλησίαν</em></strong></span> <span class='ocrx_word' id='word_1_156' title='bbox 685 2187 985 2271; x_wconf 86' lang='grc' dir='ltr'><strong><em>πονηρευομένων,</em></strong></span> <span class='ocrx_word' id='word_1_157' title='bbox 1020 2184 1082 2252; x_wconf 83' lang='grc' dir='ltr'><strong><em>οὐκ</em></strong></span> <span class='ocrx_word' id='word_1_158' title='bbox 1105 2183 1253 2264; x_wconf 84' lang='grc' dir='ltr'><strong><em>ἀκούσας</em></strong></span> <span class='ocrx_word' id='word_1_159' title='bbox 1274 2191 1338 2252; x_wconf 88' lang='grc' dir='ltr'><strong><em>τοῦ</em></strong></span> <span class='ocrx_word' id='word_1_160' title='bbox 1359 2191 1409 2254; x_wconf 87' lang='grc' dir='ltr'><strong><em>εί-</em></strong></span> 
     </span>
     <span class='ocr_line' id='line_1_19' title="bbox 286 2286 1487 2374; baseline 0.001 -19"><span class='ocrx_word' id='word_1_161' title='bbox 286 2289 410 2366; x_wconf 85' lang='grc' dir='ltr'><strong><em>πόντος</em></strong></span> <span class='ocrx_word' id='word_1_162' title='bbox 426 2286 583 2373; x_wconf 81' lang='grc' dir='ltr'><strong><em>Ἐμίσησα</em></strong></span> <span class='ocrx_word' id='word_1_163' title='bbox 606 2289 788 2373; x_wconf 81' lang='grc' dir='ltr'><strong><em>ἐκκλησίαν</em></strong></span> <span class='ocrx_word' id='word_1_164' title='bbox 803 2289 1096 2373; x_wconf 88' lang='grc' dir='ltr'><strong><em>πονηρευομένων,</em></strong></span> <span class='ocrx_word' id='word_1_165' title='bbox 1119 2289 1176 2354; x_wconf 79' lang='grc' dir='ltr'><strong><em>καὶ</em></strong></span> <span class='ocrx_word' id='word_1_166' title='bbox 1194 2287 1278 2372; x_wconf 87' lang='grc' dir='ltr'><strong><em>μετά</em></strong></span> <span class='ocrx_word' id='word_1_167' title='bbox 1293 2311 1410 2374; x_wconf 81' lang='grc' dir='ltr'><strong><em>παρα·</em></strong></span> <span class='ocrx_word' id='word_1_168' title='bbox 1486 2337 1487 2340; x_wconf 24' lang='lat'>¹</span> 
     </span>
     <span class='ocr_line' id='line_1_20' title="bbox 285 2386 1410 2476; baseline 0.001 -19"><span class='ocrx_word' id='word_1_169' title='bbox 285 2389 483 2476; x_wconf 86' lang='grc' dir='ltr'><strong><em>νομοῦντων</em></strong></span> <span class='ocrx_word' id='word_1_170' title='bbox 509 2389 551 2456; x_wconf 84' lang='grc' dir='ltr'><strong><em>οῦ</em></strong></span> <span class='ocrx_word' id='word_1_171' title='bbox 577 2388 621 2475; x_wconf 88' lang='grc' dir='ltr'><strong><em>μή</em></strong></span> <span class='ocrx_word' id='word_1_172' title='bbox 645 2391 804 2473; x_wconf 78' lang='grc' dir='ltr'><strong><em>εἰσέλθω,</em></strong></span> <span class='ocrx_word' id='word_1_173' title='bbox 827 2386 925 2454; x_wconf 81' lang='grc' dir='ltr'><strong><em>*οὐκ</em></strong></span> <span class='ocrx_word' id='word_1_174' title='bbox 948 2390 1093 2455; x_wconf 82' lang='grc' dir='ltr'><strong><em>ἐκάθισα</em></strong></span> <span class='ocrx_word' id='word_1_175' title='bbox 1114 2388 1196 2475; x_wconf 88' lang='grc' dir='ltr'><strong><em>μετά</em></strong></span> <span class='ocrx_word' id='word_1_176' title='bbox 1219 2393 1410 2474; x_wconf 87' lang='grc' dir='ltr'><strong><em>συνεδρίου</em></strong></span> 
     </span>
     <span class='ocr_line' id='line_1_21' title="bbox 234 2489 1410 2577; baseline 0.003 -21"><span class='ocrx_word' id='word_1_177' title='bbox 234 2505 268 2556; x_wconf 84' lang='grc'><strong><em>20</em></strong></span> <span class='ocrx_word' id='word_1_178' title='bbox 284 2494 517 2577; x_wconf 89' lang='grc' dir='ltr'><strong><em>ματαιότητος,</em></strong></span> <span class='ocrx_word' id='word_1_179' title='bbox 544 2491 599 2558; x_wconf 82' lang='grc' dir='ltr'><strong><em>καὶ</em></strong></span> <span class='ocrx_word' id='word_1_180' title='bbox 621 2489 704 2577; x_wconf 86' lang='grc' dir='ltr'><strong><em>μετά</em></strong></span> <span class='ocrx_word' id='word_1_181' title='bbox 733 2490 867 2575; x_wconf 77' lang='grc' dir='ltr'><strong><em>ἀσεβῦν</em></strong></span> <span class='ocrx_word' id='word_1_182' title='bbox 892 2489 933 2556; x_wconf 88' lang='grc' dir='ltr'><strong><em>οῦ</em></strong></span> <span class='ocrx_word' id='word_1_183' title='bbox 959 2489 1004 2577; x_wconf 86' lang='grc' dir='ltr'><strong><em>μή</em></strong></span> <span class='ocrx_word' id='word_1_184' title='bbox 1028 2496 1176 2558; x_wconf 88' lang='grc' dir='ltr'><strong><em>καθίσω·</em></strong></span> <span class='ocrx_word' id='word_1_185' title='bbox 1220 2492 1278 2558; x_wconf 77' lang='grc' dir='ltr'><strong><em>καί</em></strong></span> <span class='ocrx_word' id='word_1_186' title='bbox 1299 2494 1410 2559; x_wconf 85' lang='grc' dir='ltr'><strong><em>πάλιν</em></strong></span> 
     </span>
     <span class='ocr_line' id='line_1_22' title="bbox 287 2589 1409 2679; baseline -0.001 -19"><span class='ocrx_word' id='word_1_187' title='bbox 287 2595 464 2677; x_wconf 87' lang='grc' dir='ltr'><strong><em>Μακάριος</em></strong></span> <span class='ocrx_word' id='word_1_188' title='bbox 483 2593 587 2678; x_wconf 88' lang='grc' dir='ltr'><strong><em>ἀνήρ,</em></strong></span> <span class='ocrx_word' id='word_1_189' title='bbox 611 2589 648 2670; x_wconf 90' lang='grc' dir='ltr'><strong><em>δς</em></strong></span> <span class='ocrx_word' id='word_1_190' title='bbox 663 2590 727 2660; x_wconf 81' lang='grc' dir='ltr'><strong><em>οὐκ</em></strong></span> <span class='ocrx_word' id='word_1_191' title='bbox 748 2592 919 2678; x_wconf 75' lang='grc' dir='ltr'><strong><em>ἐπορεύθη</em></strong></span> <span class='ocrx_word' id='word_1_192' title='bbox 944 2594 982 2659; x_wconf 82' lang='grc' dir='ltr'><strong><em>ἐν</em></strong></span> <span class='ocrx_word' id='word_1_193' title='bbox 999 2597 1110 2679; x_wconf 78' lang='grc' dir='ltr'><strong><em>βουλή</em></strong></span> <span class='ocrx_word' id='word_1_194' title='bbox 1132 2591 1266 2678; x_wconf 72' lang='grc' dir='ltr'><strong><em>ἀσεβῶν</em></strong></span> <span class='ocrx_word' id='word_1_195' title='bbox 1284 2593 1343 2660; x_wconf 81' lang='grc' dir='ltr'><strong><em>καὶ</em></strong></span> <span class='ocrx_word' id='word_1_196' title='bbox 1368 2595 1409 2660; x_wconf 85' lang='grc' dir='ltr'><strong><em>έν</em></strong></span> 
     </span>
     <span class='ocr_line' id='line_1_23' title="bbox 286 2691 1409 2782; baseline 0.002 -22"><span class='ocrx_word' id='word_1_197' title='bbox 286 2691 354 2782; x_wconf 75' lang='grc' dir='ltr'><strong><em>ὁδῷ</em></strong></span> <span class='ocrx_word' id='word_1_198' title='bbox 378 2694 586 2780; x_wconf 71' lang='grc' dir='ltr'><strong><em>ἁμαρτωλῶν</em></strong></span> <span class='ocrx_word' id='word_1_199' title='bbox 613 2692 677 2760; x_wconf 81' lang='grc' dir='ltr'><strong><em>οὐκ</em></strong></span> <span class='ocrx_word' id='word_1_200' title='bbox 706 2697 783 2779; x_wconf 80' lang='grc' dir='ltr'><strong><em>ἔστη</em></strong></span> <span class='ocrx_word' id='word_1_201' title='bbox 814 2694 871 2760; x_wconf 79' lang='grc' dir='ltr'><strong><em>καὶ</em></strong></span> <span class='ocrx_word' id='word_1_202' title='bbox 904 2693 960 2762; x_wconf 81' lang='grc' dir='ltr'><strong><em>ἐπὶ</em></strong></span> <span class='ocrx_word' id='word_1_203' title='bbox 986 2695 1160 2780; x_wconf 82' lang='grc' dir='ltr'><strong><em>καθέδραν</em></strong></span> <span class='ocrx_word' id='word_1_204' title='bbox 1189 2699 1317 2780; x_wconf 78' lang='grc' dir='ltr'><strong><em>λοιμοῖν</em></strong></span> <span class='ocrx_word' id='word_1_205' title='bbox 1340 2693 1409 2762; x_wconf 85' lang='grc' dir='ltr'><strong><em>οῦκ</em></strong></span> 
     </span>
     <span class='ocr_line' id='line_1_24' title="bbox 287 2791 1408 2885; baseline 0.001 -22"><span class='ocrx_word' id='word_1_206' title='bbox 287 2796 449 2863; x_wconf 82' lang='grc' dir='ltr'><strong><em>ἐκάθισεν</em></strong></span> <span class='ocrx_word' id='word_1_207' title='bbox 456 2845 465 2879; x_wconf 94' lang='grc'><strong><em>,</em></strong></span> <span class='ocrx_word' id='word_1_208' title='bbox 485 2793 561 2860; x_wconf 88' lang='grc' dir='ltr'><strong><em>ἀλλ’</em></strong></span> <span class='ocrx_word' id='word_1_209' title='bbox 581 2791 605 2881; x_wconf 88' lang='grc' dir='ltr'><strong><em>ή</em></strong></span> <span class='ocrx_word' id='word_1_210' title='bbox 625 2799 664 2862; x_wconf 81' lang='grc' dir='ltr'><strong><em>έν</em></strong></span> <span class='ocrx_word' id='word_1_211' title='bbox 682 2795 728 2883; x_wconf 75' lang='grc' dir='ltr'><strong><em>τῷ</em></strong></span> <span class='ocrx_word' id='word_1_212' title='bbox 747 2796 840 2885; x_wconf 76' lang='grc' dir='ltr'><strong><em>νόμςο</em></strong></span> <span class='ocrx_word' id='word_1_213' title='bbox 861 2801 983 2880; x_wconf 87' lang='grc' dir='ltr'><strong><em>κυρίου</em></strong></span> <span class='ocrx_word' id='word_1_214' title='bbox 1006 2795 1043 2862; x_wconf 86' lang='grc' dir='ltr'><strong><em>τὸ</em></strong></span> <span class='ocrx_word' id='word_1_215' title='bbox 1067 2799 1199 2884; x_wconf 88' lang='grc' dir='ltr'><strong><em>θέλημα</em></strong></span> <span class='ocrx_word' id='word_1_216' title='bbox 1220 2796 1326 2864; x_wconf 84' lang='grc' dir='ltr'><strong><em>αὐτοῦ</em></strong></span> <span class='ocrx_word' id='word_1_217' title='bbox 1347 2799 1408 2865; x_wconf 78' lang='grc' dir='ltr'><strong><em>καί</em></strong></span> 
     </span>
     <span class='ocr_line' id='line_1_25' title="bbox 287 2895 1406 2985; baseline 0.003 -21"><span class='ocrx_word' id='word_1_218' title='bbox 287 2899 325 2964; x_wconf 91' lang='grc' dir='ltr'><strong><em>έν</em></strong></span> <span class='ocrx_word' id='word_1_219' title='bbox 350 2901 397 2985; x_wconf 77' lang='grc' dir='ltr'><strong><em>τῷ</em></strong></span> <span class='ocrx_word' id='word_1_220' title='bbox 419 2897 512 2984; x_wconf 77' lang='grc' dir='ltr'><strong><em>νόμω</em></strong></span> <span class='ocrx_word' id='word_1_221' title='bbox 544 2895 651 2964; x_wconf 79' lang='grc' dir='ltr'><strong><em>αὐτοῦ</em></strong></span> <span class='ocrx_word' id='word_1_222' title='bbox 671 2897 845 2983; x_wconf 80' lang='grc' dir='ltr'><strong><em>μελετήσει</em></strong></span> <span class='ocrx_word' id='word_1_223' title='bbox 871 2896 995 2983; x_wconf 85' lang='grc' dir='ltr'><strong><em>ἡμέρας</em></strong></span> <span class='ocrx_word' id='word_1_224' title='bbox 1023 2899 1080 2966; x_wconf 79' lang='grc' dir='ltr'><strong><em>καί</em></strong></span> <span class='ocrx_word' id='word_1_225' title='bbox 1108 2899 1239 2976; x_wconf 87' lang='grc' dir='ltr'><strong><em>νυκτός.</em></strong></span> <span class='ocrx_word' id='word_1_226' title='bbox 1283 2897 1327 2965; x_wconf 88' lang='grc' dir='ltr'><strong><em>σῦ</em></strong></span> <span class='ocrx_word' id='word_1_227' title='bbox 1353 2903 1406 2984; x_wconf 87' lang='grc' dir='ltr'><strong><em>δέ,</em></strong></span> 
     </span>
     <span class='ocr_line' id='line_1_26' title="bbox 234 2997 1406 3086; baseline -0.002 -16"><span class='ocrx_word' id='word_1_228' title='bbox 234 3017 268 3070; x_wconf 76' lang='grc' dir='ltr'><strong><em>2ο</em></strong></span> <span class='ocrx_word' id='word_1_229' title='bbox 286 2997 480 3067; x_wconf 76' lang='grc' dir='ltr'><strong><em>καταλιπόν</em></strong></span> <span class='ocrx_word' id='word_1_230' title='bbox 505 3004 574 3066; x_wconf 68' lang='grc' dir='ltr'><strong><em>τοῖν</em></strong></span> <span class='ocrx_word' id='word_1_231' title='bbox 596 3002 724 3066; x_wconf 83' lang='grc' dir='ltr'><strong><em>πιστιόν</em></strong></span> <span class='ocrx_word' id='word_1_232' title='bbox 745 2999 783 3064; x_wconf 88' lang='grc' dir='ltr'><strong><em>τὸ</em></strong></span> <span class='ocrx_word' id='word_1_233' title='bbox 804 3001 1058 3085; x_wconf 88' lang='grc' dir='ltr'><strong><em>συνάθροισμα,</em></strong></span> <span class='ocrx_word' id='word_1_234' title='bbox 1082 3004 1144 3066; x_wconf 89' lang='grc' dir='ltr'><strong><em>τοῦ</em></strong></span> <span class='ocrx_word' id='word_1_235' title='bbox 1160 3005 1247 3068; x_wconf 89' lang='grc' dir='ltr'><strong><em>θεοῦ</em></strong></span> <span class='ocrx_word' id='word_1_236' title='bbox 1261 2999 1324 3086; x_wconf 88' lang='grc' dir='ltr'><strong><em>τήν</em></strong></span> <span class='ocrx_word' id='word_1_237' title='bbox 1342 3004 1406 3068; x_wconf 80' lang='grc' dir='ltr'><strong><em>ἐκ·</em></strong></span> 
     </span>
     <span class='ocr_line' id='line_1_27' title="bbox 284 3101 1404 3190; baseline 0.001 -21"><span class='ocrx_word' id='word_1_238' title='bbox 284 3106 445 3188; x_wconf 85' lang='grc' dir='ltr'><strong><em>κλησίαν,</em></strong></span> <span class='ocrx_word' id='word_1_239' title='bbox 481 3101 560 3180; x_wconf 84' lang='grc' dir='ltr'><strong><em>τοῦς</em></strong></span> <span class='ocrx_word' id='word_1_240' title='bbox 595 3103 728 3168; x_wconf 78' lang='grc' dir='ltr'><strong><em>ἐκείνου</em></strong></span> <span class='ocrx_word' id='word_1_241' title='bbox 763 3101 906 3185; x_wconf 88' lang='grc' dir='ltr'><strong><em>νόμους,</em></strong></span> <span class='ocrx_word' id='word_1_242' title='bbox 942 3101 1131 3187; x_wconf 77' lang='grc' dir='ltr'><strong><em>ίπιβλέπεις</em></strong></span> <span class='ocrx_word' id='word_1_243' title='bbox 1158 3103 1212 3169; x_wconf 81' lang='grc' dir='ltr'><strong><em>έπί</em></strong></span> <span class='ocrx_word' id='word_1_244' title='bbox 1240 3102 1281 3168; x_wconf 90' lang='grc' dir='ltr'><strong><em>τά</em></strong></span> <span class='ocrx_word' id='word_1_245' title='bbox 1311 3105 1404 3190; x_wconf 85' lang='grc' dir='ltr'><strong><em>σπή-</em></strong></span> 
     </span>
     <span class='ocr_line' id='line_1_28' title="bbox 286 3200 1405 3292; baseline 0.003 -24"><span class='ocrx_word' id='word_1_246' title='bbox 286 3208 363 3270; x_wconf 87' lang='grc' dir='ltr'><strong><em>λαια</em></strong></span> <span class='ocrx_word' id='word_1_247' title='bbox 384 3204 453 3270; x_wconf 76' lang='grc' dir='ltr'><strong><em>τῶν</em></strong></span> <span class='ocrx_word' id='word_1_248' title='bbox 474 3209 618 3292; x_wconf 80' lang='grc' dir='ltr'><strong><em>ληστῦν,</em></strong></span> <span class='ocrx_word' id='word_1_249' title='bbox 642 3203 721 3288; x_wconf 81' lang='grc' dir='ltr'><strong><em>ἅγια</em></strong></span> <span class='ocrx_word' id='word_1_250' title='bbox 737 3200 956 3289; x_wconf 82' lang='grc' dir='ltr'><strong><em>ἡγούμενος*</em></strong></span> <span class='ocrx_word' id='word_1_251' title='bbox 978 3200 1001 3268; x_wconf 83' lang='grc' dir='ltr'><strong><em>ἀ</em></strong></span> <span class='ocrx_word' id='word_1_252' title='bbox 1025 3205 1153 3282; x_wconf 73' lang='grc' dir='ltr'><strong><em>ἐκεῖνος</em></strong></span> <span class='ocrx_word' id='word_1_253' title='bbox 1172 3205 1299 3291; x_wconf 76' lang='grc' dir='ltr'><strong><em>βίβηλα</em></strong></span> <span class='ocrx_word' id='word_1_254' title='bbox 1322 3205 1405 3271; x_wconf 84' lang='grc' dir='ltr'><strong><em>έπε-</em></strong></span> 
     </span>
     <span class='ocr_line' id='line_1_29' title="bbox 285 3301 1406 3392; baseline 0.003 -21"><span class='ocrx_word' id='word_1_255' title='bbox 285 3306 423 3389; x_wconf 86' lang='grc' dir='ltr'><strong><em>κάλεσε,</em></strong></span> <span class='ocrx_word' id='word_1_256' title='bbox 443 3306 500 3373; x_wconf 77' lang='grc' dir='ltr'><strong><em>καί</em></strong></span> <span class='ocrx_word' id='word_1_257' title='bbox 523 3301 771 3374; x_wconf 81' lang='grc' dir='ltr'><strong><em>κοινοποιῦνά</em></strong></span> <span class='ocrx_word' id='word_1_258' title='bbox 801 3307 930 3382; x_wconf 74' lang='grc' dir='ltr'><strong><em>ἐκεῖνος</em></strong></span> <span class='ocrx_word' id='word_1_259' title='bbox 952 3305 1129 3392; x_wconf 78' lang='grc' dir='ltr'><strong><em>έγοίρισεν·</em></strong></span> <span class='ocrx_word' id='word_1_260' title='bbox 1162 3305 1218 3372; x_wconf 79' lang='grc' dir='ltr'><strong><em>καὶ</em></strong></span> <span class='ocrx_word' id='word_1_261' title='bbox 1241 3305 1283 3374; x_wconf 82' lang='grc' dir='ltr'><strong><em>οὐ</em></strong></span> <span class='ocrx_word' id='word_1_262' title='bbox 1303 3313 1406 3374; x_wconf 86' lang='grc' dir='ltr'><strong><em>τοῦτο</em></strong></span> 
     </span>
    </p>
   </div>
   <div class='ocr_carea' id='block_1_3' title="bbox 353 3465 1390 3566">
    <p class='ocr_par' dir='ltr' id='par_1_3' title="bbox 353 3465 1390 3566">
     <span class='ocr_line' id='line_1_30' title="bbox 353 3465 1390 3566; baseline 0.004 -20"><span class='ocrx_word' id='word_1_263' title='bbox 353 3495 438 3547; x_wconf 78' lang='grc' dir='ltr'><strong><em>τιοι</em></strong></span> <span class='ocrx_word' id='word_1_264' title='bbox 455 3495 484 3560; x_wconf 86' lang='grc' dir='ltr'><strong><em>ο,</em></strong></span> <span class='ocrx_word' id='word_1_265' title='bbox 504 3465 999 3562; x_wconf 60' lang='grc' dir='ltr'><strong><em>271910116,29118ῐέιιῑν26ι</em></strong></span> <span class='ocrx_word' id='word_1_266' title='bbox 1019 3498 1044 3548; x_wconf 83' lang='grc' dir='ltr'><strong><em>ι.</em></strong></span> <span class='ocrx_word' id='word_1_267' title='bbox 1063 3493 1146 3566; x_wconf 80' lang='grc' dir='ltr'><strong><em>ιιιι</em></strong></span> <span class='ocrx_word' id='word_1_268' title='bbox 1165 3497 1259 3550; x_wconf 74' lang='lat' dir='ltr'><strong>psalm</strong></span> <span class='ocrx_word' id='word_1_269' title='bbox 1280 3497 1307 3562; x_wconf 85' lang='lat'><strong><em>1,</em></strong></span> <span class='ocrx_word' id='word_1_270' title='bbox 1328 3499 1350 3548; x_wconf 87' lang='lat'><strong><em>1.</em></strong></span> <span class='ocrx_word' id='word_1_271' title='bbox 1372 3503 1390 3550; x_wconf 78' lang='grc' dir='ltr'><strong><em>ε</em></strong></span> 
     </span>
    </p>
   </div>
   <div class='ocr_carea' id='block_1_4' title="bbox 284 3671 1407 4426">
    <p class='ocr_par' dir='ltr' id='par_1_4' title="bbox 284 3671 1407 4426">
     <span class='ocr_line' id='line_1_31' title="bbox 286 3671 1405 3750; baseline 0.004 -18"><span class='ocrx_word' id='word_1_272' title='bbox 286 3681 299 3732; x_wconf 88' lang='lat'>1</span> <span class='ocrx_word' id='word_1_273' title='bbox 319 3671 485 3746; x_wconf 85' lang='grc' dir='ltr'><strong><em>όλιγωρίσας</em></strong></span> <span class='ocrx_word' id='word_1_274' title='bbox 503 3697 528 3740; x_wconf 86' lang='lat' dir='ltr'><strong><em>x,</em></strong></span> <span class='ocrx_word' id='word_1_275' title='bbox 548 3675 715 3750; x_wconf 84' lang='grc' dir='ltr'><strong><em>όλιγορήσας</em></strong></span> <span class='ocrx_word' id='word_1_276' title='bbox 732 3699 750 3748; x_wconf 85' lang='lat' dir='ltr'>y</span> <span class='ocrx_word' id='word_1_277' title='bbox 770 3680 775 3748; x_wconf 90' lang='grc' dir='ltr'>Ι</span> <span class='ocrx_word' id='word_1_278' title='bbox 794 3682 810 3734; x_wconf 87' lang='grc'><strong>3</strong></span> <span class='ocrx_word' id='word_1_279' title='bbox 827 3671 954 3747; x_wconf 83' lang='grc' dir='ltr'><strong><em>όλιγορεί</em></strong></span> <span class='ocrx_word' id='word_1_280' title='bbox 968 3699 1002 3734; x_wconf 75' lang='grc' dir='ltr'><strong><em>ιτ</em></strong></span> <span class='ocrx_word' id='word_1_281' title='bbox 1023 3682 1027 3746; x_wconf 86' lang='grc' dir='ltr'>Ι</span> <span class='ocrx_word' id='word_1_282' title='bbox 1047 3685 1062 3733; x_wconf 81' lang='grc' dir='ltr'><strong><em>λ</em></strong></span> <span class='ocrx_word' id='word_1_283' title='bbox 1082 3675 1212 3748; x_wconf 84' lang='grc' dir='ltr'><strong><em>έκέργιαι</em></strong></span> <span class='ocrx_word' id='word_1_284' title='bbox 1229 3699 1254 3732; x_wconf 78' lang='grc' dir='ltr'><strong><em>ιτ</em></strong></span> <span class='ocrx_word' id='word_1_285' title='bbox 1275 3685 1279 3744; x_wconf 95' lang='grc' dir='ltr'>Ι</span> <span class='ocrx_word' id='word_1_286' title='bbox 1299 3685 1317 3734; x_wconf 81' lang='grc'>5</span> <span class='ocrx_word' id='word_1_287' title='bbox 1334 3684 1405 3736; x_wconf 85' lang='grc' dir='ltr'><strong><em>θεο-</em></strong></span> 
     </span>
     <span class='ocr_line' id='line_1_32' title="bbox 285 3759 1407 3834; baseline 0.001 -17"><span class='ocrx_word' id='word_1_288' title='bbox 285 3759 381 3831; x_wconf 79' lang='grc' dir='ltr'><strong><em>σέβεια</em></strong></span> <span class='ocrx_word' id='word_1_289' title='bbox 447 3765 464 3815; x_wconf 84' lang='grc' dir='ltr'><strong><em>ό</em></strong></span> <span class='ocrx_word' id='word_1_290' title='bbox 481 3759 534 3832; x_wconf 78' lang='grc' dir='ltr'><strong><em>τὴν</em></strong></span> <span class='ocrx_word' id='word_1_291' title='bbox 550 3767 584 3829; x_wconf 97' lang='grc'>&gt;</span> <span class='ocrx_word' id='word_1_292' title='bbox 602 3783 616 3817; x_wconf 88' lang='grc' dir='ltr'><strong><em>τ</em></strong></span> <span class='ocrx_word' id='word_1_293' title='bbox 636 3771 641 3826; x_wconf 88' lang='grc' dir='ltr'>Ι</span> <span class='ocrx_word' id='word_1_294' title='bbox 661 3765 678 3817; x_wconf 87' lang='grc' dir='ltr'><strong><em>ό</em></strong></span> <span class='ocrx_word' id='word_1_295' title='bbox 699 3769 825 3819; x_wconf 80' lang='grc' dir='ltr'><strong><em>ποιεῖται</em></strong></span> <span class='ocrx_word' id='word_1_296' title='bbox 843 3783 868 3816; x_wconf 85' lang='lat' dir='ltr'>w</span> <span class='ocrx_word' id='word_1_297' title='bbox 887 3769 892 3831; x_wconf 84' lang='grc' dir='ltr'>Ι</span> <span class='ocrx_word' id='word_1_298' title='bbox 912 3767 927 3817; x_wconf 88' lang='grc'><strong>7</strong></span> <span class='ocrx_word' id='word_1_299' title='bbox 951 3759 1094 3833; x_wconf 84' lang='grc' dir='ltr'><strong><em>άσιιητέως</em></strong></span> <span class='ocrx_word' id='word_1_300' title='bbox 1118 3769 1159 3820; x_wconf 74' lang='lat' dir='ltr'><strong><em>ita</em></strong></span> <span class='ocrx_word' id='word_1_301' title='bbox 1177 3769 1300 3820; x_wconf 74' lang='lat' dir='ltr'><strong>iunctum</strong></span> <span class='ocrx_word' id='word_1_302' title='bbox 1319 3783 1342 3816; x_wconf 85' lang='lat' dir='ltr'>w</span> <span class='ocrx_word' id='word_1_303' title='bbox 1363 3767 1370 3834; x_wconf 80' lang='grc' dir='ltr'>Ι</span> <span class='ocrx_word' id='word_1_304' title='bbox 1391 3769 1407 3818; x_wconf 87' lang='grc'><strong>7</strong></span> 
     </span>
     <span class='ocr_line' id='line_1_33' title="bbox 284 3841 1405 3918; baseline -0.001 -15"><span class='ocrx_word' id='word_1_305' title='bbox 284 3841 457 3918; x_wconf 70' lang='grc' dir='ltr'><strong><em>ἐργάζεσθαι</em></strong></span> <span class='ocrx_word' id='word_1_306' title='bbox 475 3867 499 3900; x_wconf 88' lang='lat' dir='ltr'>w</span> <span class='ocrx_word' id='word_1_307' title='bbox 519 3852 523 3915; x_wconf 86' lang='grc'>1</span> <span class='ocrx_word' id='word_1_308' title='bbox 543 3851 560 3900; x_wconf 80' lang='grc' dir='ltr'><strong><em>θ</em></strong></span> <span class='ocrx_word' id='word_1_309' title='bbox 578 3845 654 3902; x_wconf 75' lang='grc' dir='ltr'><strong><em>ἐστιν</em></strong></span> <span class='ocrx_word' id='word_1_310' title='bbox 671 3867 687 3900; x_wconf 84' lang='lat' dir='ltr'>x</span> <span class='ocrx_word' id='word_1_311' title='bbox 707 3847 711 3916; x_wconf 86' lang='grc' dir='ltr'>Ι</span> <span class='ocrx_word' id='word_1_312' title='bbox 736 3851 766 3900; x_wconf 81' lang='lat'><strong><em>10</em></strong></span> <span class='ocrx_word' id='word_1_313' title='bbox 788 3843 954 3917; x_wconf 78' lang='grc' dir='ltr'><strong><em>πιστεύσητε</em></strong></span> <span class='ocrx_word' id='word_1_314' title='bbox 971 3849 1043 3917; x_wconf 74' lang='grc' dir='ltr'><strong><em>γτιΙ</em></strong></span> <span class='ocrx_word' id='word_1_315' title='bbox 1069 3851 1098 3903; x_wconf 89' lang='lat' dir='ltr'><strong><em>ll</em></strong></span> <span class='ocrx_word' id='word_1_316' title='bbox 1119 3843 1264 3904; x_wconf 76' lang='grc' dir='ltr'><strong><em>ἔκκλιοίακ</em></strong></span> <span class='ocrx_word' id='word_1_317' title='bbox 1282 3855 1324 3902; x_wconf 83' lang='lat' dir='ltr'><strong><em>w?</em></strong></span> <span class='ocrx_word' id='word_1_318' title='bbox 1345 3853 1351 3914; x_wconf 88' lang='grc' dir='ltr'>Ι</span> <span class='ocrx_word' id='word_1_319' title='bbox 1375 3853 1405 3902; x_wconf 90' lang='lat' dir='ltr'><strong><em>ll</em></strong></span> 
     </span>
     <span class='ocr_line' id='line_1_34' title="bbox 285 3928 1405 4001; baseline 0.001 -15"><span class='ocrx_word' id='word_1_320' title='bbox 285 3928 520 4001; x_wconf 85' lang='grc' dir='ltr'><strong><em>καταλειμπάνην</em></strong></span> <span class='ocrx_word' id='word_1_321' title='bbox 544 3953 581 3998; x_wconf 90' lang='lat' dir='ltr'><strong><em>w,</em></strong></span> <span class='ocrx_word' id='word_1_322' title='bbox 605 3936 790 3986; x_wconf 85' lang='grc' dir='ltr'><strong><em>καταλειπεῖν</em></strong></span> <span class='ocrx_word' id='word_1_323' title='bbox 812 3953 843 3999; x_wconf 82' lang='lat' dir='ltr'><strong><em>x,</em></strong></span> <span class='ocrx_word' id='word_1_324' title='bbox 866 3936 1051 3990; x_wconf 86' lang='grc' dir='ltr'><strong><em>καταλείπειν</em></strong></span> <span class='ocrx_word' id='word_1_325' title='bbox 1073 3953 1107 4001; x_wconf 83' lang='lat' dir='ltr'><strong><em>yz</em></strong></span> <span class='ocrx_word' id='word_1_326' title='bbox 1134 3941 1139 3995; x_wconf 93' lang='grc' dir='ltr'>Ι</span> <span class='ocrx_word' id='word_1_327' title='bbox 1166 3937 1198 3989; x_wconf 93' lang='grc'><strong><em>12</em></strong></span> <span class='ocrx_word' id='word_1_328' title='bbox 1215 3928 1349 4001; x_wconf 81' lang='grc' dir='ltr'><strong><em>ῦπερίδει</em></strong></span> <span class='ocrx_word' id='word_1_329' title='bbox 1369 3954 1405 4001; x_wconf 82' lang='lat' dir='ltr'><strong><em>w,</em></strong></span> 
     </span>
     <span class='ocr_line' id='line_1_35' title="bbox 285 4010 1404 4088; baseline 0 -16"><span class='ocrx_word' id='word_1_330' title='bbox 285 4012 410 4087; x_wconf 82' lang='grc' dir='ltr'><strong><em>ἀπερίδη</em></strong></span> <span class='ocrx_word' id='word_1_331' title='bbox 423 4037 447 4082; x_wconf 80' lang='lat' dir='ltr'><strong><em>x,</em></strong></span> <span class='ocrx_word' id='word_1_332' title='bbox 468 4012 635 4083; x_wconf 80' lang='grc' dir='ltr'><strong><em>ῦκερίδοκτ</em></strong></span> <span class='ocrx_word' id='word_1_333' title='bbox 652 4018 655 4082; x_wconf 67' lang='grc' dir='ltr'><strong><em>λ</em></strong></span> <span class='ocrx_word' id='word_1_334' title='bbox 672 4021 703 4070; x_wconf 91' lang='grc'><strong><em>12</em></strong></span> <span class='ocrx_word' id='word_1_335' title='bbox 721 4019 834 4086; x_wconf 79' lang='grc' dir='ltr'><strong><em>μιαρῶν</em></strong></span> <span class='ocrx_word' id='word_1_336' title='bbox 845 4038 878 4084; x_wconf 85' lang='lat' dir='ltr'><strong><em>w,</em></strong></span> <span class='ocrx_word' id='word_1_337' title='bbox 897 4015 1049 4088; x_wconf 83' lang='grc' dir='ltr'><strong><em>μιαιρόνΧ</em></strong></span> <span class='ocrx_word' id='word_1_338' title='bbox 1065 4019 1070 4086; x_wconf 88' lang='grc' dir='ltr'>Ι</span> <span class='ocrx_word' id='word_1_339' title='bbox 1086 4021 1119 4072; x_wconf 92' lang='grc'><strong><em>12</em></strong></span> <span class='ocrx_word' id='word_1_340' title='bbox 1136 4010 1156 4088; x_wconf 79' lang='grc' dir='ltr'><em>ἢ</em></span> <span class='ocrx_word' id='word_1_341' title='bbox 1174 4016 1216 4080; x_wconf 81' lang='grc' dir='ltr'><strong><em>είς</em></strong></span> <span class='ocrx_word' id='word_1_342' title='bbox 1233 4028 1297 4087; x_wconf 72' lang='lat' dir='ltr'><strong>post</strong></span> <span class='ocrx_word' id='word_1_343' title='bbox 1313 4036 1404 4073; x_wconf 81' lang='grc' dir='ltr'><strong><em>συνα-</em></strong></span> 
     </span>
     <span class='ocr_line' id='line_1_36' title="bbox 285 4098 1406 4174; baseline 0.001 -17"><span class='ocrx_word' id='word_1_344' title='bbox 285 4098 380 4172; x_wconf 81' lang='grc' dir='ltr'><strong><em>γωγήν</em></strong></span> <span class='ocrx_word' id='word_1_345' title='bbox 397 4121 420 4153; x_wconf 91' lang='lat' dir='ltr'>w</span> <span class='ocrx_word' id='word_1_346' title='bbox 436 4101 442 4171; x_wconf 90' lang='grc' dir='ltr'>Ι</span> <span class='ocrx_word' id='word_1_347' title='bbox 459 4105 490 4156; x_wconf 89' lang='grc'><strong><em>12</em></strong></span> <span class='ocrx_word' id='word_1_348' title='bbox 508 4099 550 4164; x_wconf 87' lang='grc' dir='ltr'><strong><em>είς</em></strong></span> <span class='ocrx_word' id='word_1_349' title='bbox 568 4104 685 4156; x_wconf 80' lang='lat' dir='ltr'><strong>alterum</strong></span> <span class='ocrx_word' id='word_1_350' title='bbox 703 4111 785 4170; x_wconf 77' lang='lat' dir='ltr'>wxyt,</span> <span class='ocrx_word' id='word_1_351' title='bbox 805 4100 833 4158; x_wconf 87' lang='grc' dir='ltr'><strong><em>εί</em></strong></span> <span class='ocrx_word' id='word_1_352' title='bbox 850 4123 864 4157; x_wconf 82' lang='grc' dir='ltr'><strong><em>τ</em></strong></span> <span class='ocrx_word' id='word_1_353' title='bbox 880 4103 884 4172; x_wconf 93' lang='grc' dir='ltr'>Ι</span> <span class='ocrx_word' id='word_1_354' title='bbox 901 4106 933 4157; x_wconf 78' lang='grc'><strong><em>14</em></strong></span> <span class='ocrx_word' id='word_1_355' title='bbox 950 4099 1129 4157; x_wconf 78' lang='grc' dir='ltr'><strong><em>καταλειπάν</em></strong></span> <span class='ocrx_word' id='word_1_356' title='bbox 1147 4107 1185 4170; x_wconf 73' lang='lat' dir='ltr'><strong><em>x!</em></strong></span> <span class='ocrx_word' id='word_1_357' title='bbox 1206 4104 1238 4156; x_wconf 76' lang='lat'><strong><em>16</em></strong></span> <span class='ocrx_word' id='word_1_358' title='bbox 1255 4100 1299 4164; x_wconf 83' lang='grc' dir='ltr'><strong><em>τίς</em></strong></span> <span class='ocrx_word' id='word_1_359' title='bbox 1315 4105 1350 4171; x_wconf 87' lang='grc' dir='ltr'><strong><em>-Ι-</em></strong></span> <span class='ocrx_word' id='word_1_360' title='bbox 1367 4113 1380 4158; x_wconf 76' lang='grc' dir='ltr'><strong><em>ε</em></strong></span> <span class='ocrx_word' id='word_1_361' title='bbox 1400 4105 1406 4174; x_wconf 84' lang='grc' dir='ltr'>Ι</span> 
     </span>
     <span class='ocr_line' id='line_1_37' title="bbox 289 4181 1407 4256; baseline 0.001 -15"><span class='ocrx_word' id='word_1_362' title='bbox 289 4190 317 4241; x_wconf 84' lang='grc' dir='ltr'><strong>Π</strong></span> <span class='ocrx_word' id='word_1_363' title='bbox 336 4184 569 4256; x_wconf 80' lang='grc' dir='ltr'><strong><em>ποκηρευομένον</em></strong></span> <span class='ocrx_word' id='word_1_364' title='bbox 587 4186 627 4255; x_wconf 85' lang='grc' dir='ltr'><strong><em>ΖΙ</em></strong></span> <span class='ocrx_word' id='word_1_365' title='bbox 644 4188 676 4240; x_wconf 81' lang='grc'><strong><em>19</em></strong></span> <span class='ocrx_word' id='word_1_366' title='bbox 693 4185 742 4240; x_wconf 77' lang='grc' dir='ltr'><strong><em>καί</em></strong></span> <span class='ocrx_word' id='word_1_367' title='bbox 760 4181 849 4242; x_wconf 86' lang='grc' dir='ltr'><strong><em>πάλιν</em></strong></span> <span class='ocrx_word' id='word_1_368' title='bbox 861 4191 896 4255; x_wconf 71' lang='grc'><strong><em>-1-</em></strong></span> <span class='ocrx_word' id='word_1_369' title='bbox 912 4207 946 4256; x_wconf 76' lang='grc' dir='ltr'><strong><em>γτ</em></strong></span> <span class='ocrx_word' id='word_1_370' title='bbox 960 4195 966 4250; x_wconf 80' lang='grc' dir='ltr'>Ι</span> <span class='ocrx_word' id='word_1_371' title='bbox 980 4191 1014 4240; x_wconf 85' lang='grc'><strong><em>22</em></strong></span> <span class='ocrx_word' id='word_1_372' title='bbox 1031 4183 1168 4254; x_wconf 78' lang='grc' dir='ltr'><strong><em>καθέδρα</em></strong></span> <span class='ocrx_word' id='word_1_373' title='bbox 1179 4191 1231 4240; x_wconf 78' lang='lat' dir='ltr'><strong><em>Wz</em></strong></span> <span class='ocrx_word' id='word_1_374' title='bbox 1246 4190 1251 4250; x_wconf 84' lang='grc' dir='ltr'>Ι</span> <span class='ocrx_word' id='word_1_375' title='bbox 1266 4191 1301 4241; x_wconf 85' lang='grc'><strong><em>25</em></strong></span> <span class='ocrx_word' id='word_1_376' title='bbox 1318 4207 1407 4242; x_wconf 81' lang='grc' dir='ltr'><strong><em>κατα-</em></strong></span> 
     </span>
     <span class='ocr_line' id='line_1_38' title="bbox 286 4267 1406 4342; baseline -0.003 -19"><span class='ocrx_word' id='word_1_377' title='bbox 286 4269 453 4340; x_wconf 74' lang='grc' dir='ltr'><strong><em>λειπάνιιγτ</em></strong></span> <span class='ocrx_word' id='word_1_378' title='bbox 473 4273 544 4342; x_wconf 74' lang='lat' dir='ltr'><strong>[nine</strong></span> <span class='ocrx_word' id='word_1_379' title='bbox 559 4278 678 4326; x_wconf 76' lang='grc' dir='ltr'><strong><em>αοοεολιι</em></strong></span> <span class='ocrx_word' id='word_1_380' title='bbox 695 4270 721 4340; x_wconf 82' lang='grc' dir='ltr'><strong><em>εἸ</em></strong></span> <span class='ocrx_word' id='word_1_381' title='bbox 750 4272 756 4342; x_wconf 89' lang='grc' dir='ltr'>Ι</span> <span class='ocrx_word' id='word_1_382' title='bbox 782 4275 816 4326; x_wconf 84' lang='grc'><strong><em>26</em></strong></span> <span class='ocrx_word' id='word_1_383' title='bbox 833 4267 1008 4340; x_wconf 74' lang='grc' dir='ltr'><strong><em>έκιβόπειςγ</em></strong></span> <span class='ocrx_word' id='word_1_384' title='bbox 1035 4275 1039 4338; x_wconf 91' lang='grc' dir='ltr'>Ι</span> <span class='ocrx_word' id='word_1_385' title='bbox 1065 4275 1099 4328; x_wconf 86' lang='grc'><strong><em>27</em></strong></span> <span class='ocrx_word' id='word_1_386' title='bbox 1122 4269 1212 4326; x_wconf 86' lang='grc' dir='ltr'><strong><em>ταῦτα</em></strong></span> <span class='ocrx_word' id='word_1_387' title='bbox 1229 4275 1263 4339; x_wconf 72' lang='grc' dir='ltr'><strong><em>ιλ-</em></strong></span> <span class='ocrx_word' id='word_1_388' title='bbox 1280 4291 1304 4324; x_wconf 79' lang='lat' dir='ltr'>w</span> <span class='ocrx_word' id='word_1_389' title='bbox 1329 4273 1335 4341; x_wconf 87' lang='grc' dir='ltr'>Ι</span> <span class='ocrx_word' id='word_1_390' title='bbox 1360 4277 1406 4326; x_wconf 81' lang='grc'><strong><em>27.</em></strong></span> 
     </span>
     <span class='ocr_line' id='line_1_39' title="bbox 285 4349 1303 4426; baseline 0 -18"><span class='ocrx_word' id='word_1_391' title='bbox 285 4357 319 4408; x_wconf 84' lang='grc'><strong><em>28</em></strong></span> <span class='ocrx_word' id='word_1_392' title='bbox 337 4350 507 4412; x_wconf 81' lang='grc' dir='ltr'><strong><em>ἐπεκάλεσεν</em></strong></span> <span class='ocrx_word' id='word_1_393' title='bbox 524 4378 551 4426; x_wconf 86' lang='lat' dir='ltr'><strong><em>x,</em></strong></span> <span class='ocrx_word' id='word_1_394' title='bbox 569 4349 728 4411; x_wconf 84' lang='grc' dir='ltr'><strong><em>άπειιάλεσε</em></strong></span> <span class='ocrx_word' id='word_1_395' title='bbox 746 4365 786 4425; x_wconf 77' lang='grc' dir='ltr'><strong><em>γι,</em></strong></span> <span class='ocrx_word' id='word_1_396' title='bbox 805 4351 961 4426; x_wconf 82' lang='grc' dir='ltr'><strong><em>ἀπεβάλετε</em></strong></span> <span class='ocrx_word' id='word_1_397' title='bbox 980 4377 994 4410; x_wconf 89' lang='grc' dir='ltr'><strong><em>τ</em></strong></span> <span class='ocrx_word' id='word_1_398' title='bbox 1010 4361 1063 4420; x_wconf 75' lang='grc'><strong><em>124</em></strong></span> <span class='ocrx_word' id='word_1_399' title='bbox 1080 4349 1238 4424; x_wconf 67' lang='grc' dir='ltr'><strong><em>ἀπεκόμισε</em></strong></span> <span class='ocrx_word' id='word_1_400' title='bbox 1255 4364 1303 4422; x_wconf 79' lang='lat' dir='ltr'><strong><em>yzt</em></strong></span> 
     </span>
    </p>
   </div>
   <div class='ocr_carea' id='block_1_5' title="bbox 0 0 1502 4972">
    <p class='ocr_par' dir='ltr' id='par_1_5' title="bbox 0 0 1502 4972">
     <span class='ocr_line' id='line_1_40' title="bbox 0 0 1502 4972; baseline 0 2"><span class='ocrx_word' id='word_1_401' title='bbox 0 0 1502 4972; x_wconf 95' lang='lat' dir='ltr'><strong><em> </em></strong></span> 
     </span>
    </p>
   </div>
  </div>
 </body>
</html>
