2998 4972
87 566 207 654 ήμῶν,
228 565 310 653 μεθ’
332 557 375 636 οῦ
389 566 448 635 καί
469 565 515 634 δι’
538 559 581 636 οῦ
595 585 649 636 σοι
663 569 762 660 Ϊδόξα,
782 568 859 656 τιμή
880 568 938 652 καλ
952 572 1051 657 σέβας
1070 571 1109 638 ἐν
1129 569 1212 660 άγίφ

89 669 258 756 πνεύματι
273 673 339 736 νῦν
353 669 412 738 καί
425 667 478 737 άεὶ
493 670 549 738 καὶ
565 673 613 750 είς
626 668 705 748 τοῦς
719 675 843 751 αίῶνας
855 676 924 738 τῶν
936 672 1086 756 αίολνων·
1109 671 1210 760 άμήν.

88 771 265 839 καὶταῦτα
276 771 518 856 ἐκενξαμένοο,
532 774 568 839 οί
575 772 687 839 λοιποὶ
702 773 800 860 ίερείς
812 773 1055 859 εἰιιλεγέτωσαν
1066 777 1084 816 *
1097 774 1210 861 Ἀμήν,

88 875 149 942 καλ
171 871 238 940 σῦν
259 872 374 952 αὐτοῖς
399 872 486 952 άπας
507 871 525 941 6
546 875 634 951 λαός.
666 873 738 940 καί
764 874 847 961 μετά
865 875 927 962 τήν
953 876 1143 962 προσευχήν
1165 871 1212 956 είς

88 981 161 1043 τῶν
183 975 379 1043 ἐπισκόπων
400 973 596 1061 άναφερίτω
614 973 678 1061 τήν
693 981 822 1046 θυσίαν
844 977 900 1044 ἐπὶ
921 983 990 1046 τῶν
1008 984 1130 1067 χειρῶν
1150 992 1245 1052 τοῦδ

88 1081 398 1164 χειροτονηδίπος.
444 1078 562 1164 καλιῇ
583 1078 693 1146 ἕωθεν
714 1077 962 1164 ἐνθρονιζίσδιι
983 1083 1030 1159 είς
1045 1080 1105 1148 τὸν
1120 1080 1212 1172 αῦτρδ

89 1181 300 1266 διαφέροντα
327 1179 432 1246 τόπον
460 1178 552 1264 παρὰ
578 1182 648 1246 τῶν
675 1184 803 1247 λοιπῶν
830 1181 1042 1267 ἐπισκόπων,
1074 1184 1212 1252 πάντων

89 1280 198 1348 αὐτὸν
218 1281 436 1366 φιλησάντων
459 1279 498 1346 τὸ
520 1281 559 1348 ἐν
577 1286 684 1370 κυρίῳ
699 1286 838 1368 φίλημα.
876 1283 933 1350 καί
946 1289 1028 1370 μετά
1043 1284 1105 1371 τήν
1126 1286 1212 1356 άνά-

89 1401 223 1469 γνωσιν
249 1387 311 1449 τοῦ
338 1383 446 1468 νόμου
468 1382 525 1450 καὶ
552 1386 621 1450 τῶν
647 1389 832 1471 προφητῶν
862 1389 932 1452 τῶν
959 1409 995 1454 τε
1023 1387 1212 1460 ἐπιστολῶν

87 1483 189 1572 ήμῶν
208 1485 265 1552 καὶ
289 1488 359 1551 τῶν
380 1486 536 1570 πράξεων
563 1483 710 1552 καὶτῶν
733 1485 939 1571 εὐαγγελίων
958 1485 1170 1558 άσπασάσδω
1193 1490 1262 1560 610

89 1585 343 1674 χειροτονηθείς
365 1585 428 1671 τήν
451 1585 652 1671 ἐκκλησίαν,
673 1588 788 1673 ιλε’γων
813 1586 853 1656 ‘H
879 1587 975 1676 χάρις
1003 1594 1064 1658 τοῦ
1088 1597 1212 1677 κυρίου

88 1689 188 1775 ήμῶν
221 1688 331 1775 Ἰησοῦ
364 1691 502 1774 χριστοῦ
537 1686 594 1756 καί
628 1685 650 1776 ή
681 1688 794 1776 άγάττη
829 1695 891 1759 τοῦ
923 1697 1010 1760 θεοῦ
1041 1694 1059 1733 *
1097 1692 1210 1780 καλή

91 1795 257 1860 κοινωνία
285 1794 346 1856 τοῦ
372 1789 472 1874 άγίοο
504 1789 694 1876 πνεύματος
722 1791 805 1876 μετά
835 1793 973 1861 πάντων
1004 1791 1117 1879 ὑμῶν·
1154 1795 1211 1862 καί

91 1896 218 1972 πάντες
252 1891 558 1976 άποκρινίσδωσαν
591 1895 660 1961 Καὶ
697 1893 781 1978 μετά
811 1898 873 1962 τοῦ
906 1896 1096 1981 πνεύματός
1129 1915 1210 1965 σου·

91 1997 150 2064 καὶ
170 1995 254 2081 μετά
274 1994 336 2080 τήν
357 1994 546 2079 πρόσρησιν
562 1996 827 2082 προσλαλησάτω
847 2001 894 2086 τῷ
912 2001 983 2088 λαῷ
1004 1997 1126 2083 λόγους
1146 2021 1212 2066 ποι-
1230 2013 1262 2066 15

92 2097 299 2182 ραιιλήσεως.
343 2095 400 2164 καὶ
422 2095 664 2182 κληρώσαντος
691 2095 797 2166 αὐτοῦ
823 2096 884 2166 τδν
912 2104 972 2184 τής
993 2101 1212 2178 διδασκαλίας

91 2200 206 2284 λόγον,
230 2201 248 2238 *
268 2197 354 2284 φημὶ
369 2195 435 2282 ἐγῶ
455 2195 613 2285 Ἀνδρέας
627 2196 645 2268 ὁ
660 2198 808 2286 άδελφδς
824 2203 970 2286 Πέτρον,
992 2200 1211 2270 ἀναστάντων

90 2299 266 2384 ἁπάντων,
288 2296 308 2366 ὁ
326 2299 485 2376 διάκονος
504 2297 560 2385 ἐφ’
578 2295 711 2386 ὑηοηλοῦ
732 2325 823 2378 τινος
842 2300 1001 2370 άνελδῶν
1022 2305 1210 2391 κηρνττίτω

92 2403 301 2489 Μήτιςτῶν
328 2399 574 2485 ἀκροωμένων,
610 2401 706 2488 μήτις
736 2407 805 2469 τῶν
831 2402 1000 2470 ἀπίστων·
1035 2405 1092 2472 καλ
1119 2402 1211 2491 ,ήσυ-

56 2509 165 2590 θηλάς
178 2503 372 2590 γενομένης,
388 2504 509 2588 λεγέτω
525 2506 529 2591 Ι
550 2500 714 2588 Ελῦξασδε,
729 2505 766 2571 ολ
776 2505 1035 2590 κατηχοῦμενοι·
1054 2506 1111 2573 καλ
1123 2507 1211 2573 πάν·
1227 2523 1262 2579 20

91 2633 146 2686 τες
178 2609 215 2674 οί
239 2605 350 2672 πιστοί
377 2605 462 2672 κατά
487 2606 644 2674 διάνοιαν
666 2603 753 2691 ὑπὲρ
774 2605 887 2676 αῦτιιν
906 2611 1212 2694 κροσεοηέσδωσαν

91 2711 248 2795 λέγοντες
266 2707 372 2794 Κύριε
395 2707 544 2792 ἐλέησον.
590 2709 787 2775 διακονείτω
809 2711 847 2778 δὲ
868 2707 955 2798 ὑπὲρ
975 2708 1088 2777 αὐτῶν
1104 2711 1212 2795 λέγειν

85 2809 188 2896 ’Υπὲρ
209 2813 279 2876 τῶν
296 2809 556 2894 κατηγεομένων
571 2809 695 2886 πάντες
709 2809 852 2890 ἐκτενῶς
871 2811 931 2880 τδν
949 2812 1034 2880 θεὸν
1057 2834 1211 2897 παρακα-

91 2915 261 2998 λέσωμεν,
295 2913 353 2978 ἵνα
384 2907 402 2976 6
429 2907 558 2995 άγαδὸς
586 2910 644 2979 καί
671 2913 916 2999 φιλάνθρωπος
943 2912 1091 2999 εῦμενῶς
1118 2915 1210 2980 είσα-

91 3013 203 3100 κοῦση
221 3015 291 3078 τῶν
311 3012 461 3097 δεήσεων
483 3008 596 3080 αὐτῶν
618 3014 674 3082 καὶ
688 3018 756 3082 τῶν
771 3016 1033 3101 παρακλήσεων,
1054 3013 1111 3080 καλ
1126 3037 1210 3098 τιρο-
1227 3029 1261 3085 25

91 3115 297 3200 σδεξάμενος
320 3111 433 3182 αὐτῶν
454 3111 516 3198 τήν
545 3115 675 3182 ἱκεσίαν
696 3114 914 3202 ἀντιλάβηται
941 3114 1053 3182 αὐτῶν
1080 3115 1137 3182 καὶ
1161 3117 1211 3203 δῶ

92 3216 210 3294 αὐτοῖς
238 3215 278 3282 τά
307 3215 470 3300 αίτήματα
496 3239 565 3282 τον
589 3219 740 3302 καρδιῶν
765 3214 878 3284 αὐτῶν
906 3215 989 3302 πρὸς
1014 3215 1053 3286 τῦ
1080 3223 1210 3304 συμφέ-

92 3344 173 3405 ρον,
204 3317 407 3404 ἀποκαλύψῃ
437 3315 551 3396 αῦτοίς
576 3318 615 3385 τδ
636 3315 831 3404 εὐαγγέλιον
849 3323 909 3385 τοῦ
935 3323 1073 3405 χριστοῦ
1093 3317 1209 3403 αὐτοῦ,

92 3424 226 3506 φωτίση
249 3416 372 3498 αὐτοῦς
386 3417 443 3485 καί
464 3425 636 3506 σονετίση,
654 3419 820 3507 παιδεύσῃ
835 3417 959 3498 αὐτοῦς
975 3419 1037 3507 τήν
1057 3429 1211 3506 δεαγνω-

92 3528 185 3607 σίων,
207 3521 327 3608 διδάξῃ
348 3517 472 3598 αὐτοῦς
492 3519 532 3588 τά
554 3521 794 3608 προστάγματα
817 3521 922 3590 αὐτοῦ
944 3524 1000 3590 καλ
1014 3523 1055 3590 τά
1072 3523 1211 3591 δικαιῶ·
1227 3539 1261 3594 εδ

162 3745 194 3797 11
214 3747 268 3798 Cor
285 3744 302 3815 β
321 3745 361 3810 13,
383 3746 413 3798 λδ

94 3937 1209 4031 ῙμεδόῦκαλέγίιῖάμήὴγλΙ3τόψγΙ4ελς>ιΙλτδ
1273 3934 1353 3996 6(an

93 4034 161 4104 κον]
181 4031 320 4087 τόκτονι
346 4035 351 4099 Ι
369 4021 393 4086 ’Β
411 4034 449 4086 τῶ
467 4027 500 4086 ἐκ
516 4028 549 4088 κί’
568 4031 708 4102 φιλήματι
727 4041 738 4086 t
763 4033 768 4103 Ι
798 4038 827 4088 12
845 4035 895 4090 καλ
912 4040 987 4104 prius
1004 4039 1038 4103 >
1056 4039 1090 4104 tl
1115 4038 1144 4087 12
1161 4036 1211 4088 καλ

93 4113 203 4185 πατρὸς
220 4119 254 4184 -Ι-
273 4117 351 4181 2127
369 4109 542 4172 α’κολοέοδο
560 4119 611 4188 τῆς
629 4112 772 4184 σοαάξεως
790 4116 806 4174 6
824 4116 906 4182 λαδςι
925 4116 996 4190 μετά
1014 4121 1099 4173 τοῦτο
1117 4115 1224 4174 δεῦτε-“

94 4221 144 4270 ρος
161 4204 231 4271 †y
257 4205 262 4269 Ι
292 4204 321 4256 Π
340 4195 394 4270 ίγῶ
413 4219 486 4274 φημι
504 4222 523 4270 y
542 4204 548 4266 Ι
566 4207 600 4256 22
617 4195 690 4271 ῦπδρ
707 4197 802 4260 αῦτῶν
820 4202 910 4275 λέγων
926 4208 960 4272 >
977 4209 1022 4270 X}
1041 4206 1074 4257 23
1093 4197 1212 4265 ἐκτενῶς

92 4290 157 4354 >t
180 4291 185 4356 Ι
209 4292 242 4340 24
260 4287 311 4342 καί
327 4291 392 4355 >t
414 4290 420 4355 Ι
444 4289 478 4341 28
494 4283 680 4356 άιιοκαλῦψει
698 4309 714 4342 x
734 4293 739 4358 Ι
759 4291 792 4342 20
810 4292 928 4359 φωτίσει
946 4283 981 4342 οι”
999 4287 1049 4342 καὶ
1066 4288 1207 4343 τοκετίσει

94 4366 245 4428 παιδεῦοει
263 4391 280 4424 x
295 4373 300 4441 Ι
315 4375 349 4426 30
367 4368 479 4440 διδάξει
496 4392 514 4426 x
