3128 4972
687 433 902 496 „72-

192 611 324 669 servata
350 610 423 668 tum
450 603 583 688 quidem
612 602 771 668 ecclesiae
800 625 880 688 pace
908 605 993 670 alter
1025 603 1067 668 ab
1095 605 1201 669 altero
1231 604 1397 672 discessit.

192 729 241 788 At
263 725 363 810 paulo
385 731 475 809 post,
500 745 586 804 cum,
610 731 649 788 ut
671 723 814 804 videtur,
838 724 1044 790 consuetudo
1068 725 1217 790 Romana
1239 725 1340 790 etiam
1364 726 1398 792 in

191 843 361 909 nonnullis
377 842 478 909 Asiae
500 844 649 910 ecclesiis
670 851 805 928 recepta
820 852 920 924 esset,
943 867 1028 910 anno
1046 845 1113 910 fere
1134 868 1166 930 p.
1186 845 1266 911 Chr.
1283 869 1316 910 n.
1336 849 1398 912 170

189 963 418 1032 Laodiceae
447 964 534 1029 inter
562 963 733 1048 utriusque
761 964 862 1029 moris
891 963 1081 1030 defensores
1111 965 1251 1031 certatio
1281 975 1398 1033 exorta

186 1092 252 1162 est,
278 1107 343 1169 qua
358 1093 544 1148 commotus
560 1091 613 1148 est
628 1085 760 1149 Mauro
778 1085 961 1166 Sardensis,
986 1093 1024 1150 ut
1038 1085 1159 1151 librum
1178 1086 1218 1150 de
1234 1089 1395 1172 paschate

190 1203 415 1269 conscriberet
425 1205 448 1284 ¹,
486 1203 685 1269 Asianorum
718 1204 992 1270 consuetudinem
1024 1212 1114 1270 certe
1147 1207 1396 1272 commendans.

190 1324 315 1388 Contra
338 1345 436 1409 quem
460 1330 702 1405 Aconrasarus,
729 1325 903 1410 episcopus
927 1325 1208 1410 Hierapolitanos,
1233 1350 1328 1391 suum
1352 1328 1395 1393 de

187 1446 347 1529 paschate
384 1443 506 1509 librum
543 1444 714 1529 scripsisse
750 1444 898 1525 videtur,
937 1467 1001 1530 quo
1039 1444 1234 1512 defenderet
1270 1469 1396 1512 morem

189 1565 429 1642 Romanorum
447 1564 534 1630 sicut
550 1564 651 1630 etiam
667 1564 822 1630 chanana
839 1568 1103 1631 Anuxnnonrnus
1120 1566 1293 1632 Melitonis
1309 1567 1396 1633 libro

188 1683 376 1750 excitatus*
400 1685 442 1750 ad
457 1684 619 1750 tuendum
642 1684 898 1751 occidentalium
921 1685 1022 1751 ritum
1038 1686 1079 1751 de
1095 1687 1255 1770 paschate
1273 1685 1396 1752 librum

188 1804 385 1888 composuit.
427 1805 562 1870 Interea
581 1813 693 1870 autem
718 1806 923 1870 consuetudo
952 1805 1075 1871 Asiana
1098 1807 1239 1871 Romam
1263 1805 1396 1872 videtur

186 1922 368 2007 irrepsisse.
401 1924 489 1988 Nam
506 1927 652 1989 Balarus
668 1924 737 2004 ille,
762 1926 818 2008 qui
841 1926 928 1990 inter
950 1949 981 1991 a.
999 1929 1060 1991 180
1077 1933 1112 1992 ct
1128 1930 1189 1992 190
1211 1949 1244 2011 p.
1263 1926 1341 1992 Chr.
1360 1951 1394 1992 n.

187 2044 310 2107 Romae
326 2044 550 2123 versabatur⁸,
568 2045 692 2128 absque
703 2045 804 2109 dubio
815 2046 975 2111 Asianum
991 2045 1264 2111 consuetudinem
1281 2047 1394 2112 deien-

186 2161 266 2227 dit‘.
302 2166 414 2247 Atque
431 2164 512 2228 haec
529 2164 673 2228 Asianae
691 2166 939 2230 consuetudinis
962 2165 996 2230 in
1018 2166 1124 2252 ipsam
1140 2168 1264 2232 Romae
1288 2168 1396 2233 eccls-

187 2282 270 2346 siam
285 2283 460 2348 translatio
477 2284 608 2349 videtur
631 2307 730 2350 causa
753 2285 854 2351 luisse
877 2307 1017 2370 magnae
1040 2286 1130 2351 illius
1153 2287 1240 2352 inter
1255 2289 1394 2354 Romam

187 2411 287 2487 atque
304 2403 418 2466 Asiam
435 2404 659 2469 contentionis
670 2406 693 2470 ⁵.
727 2406 800 2470 Jam
825 2405 911 2470 enim
928 2406 1059 2471 V1croa
1081 2406 1255 2492 episcopus
1271 2409 1393 2474 Roma-

188 2545 249 2586 nus
265 2523 306 2588 ab
317 2523 462 2603 Asianis,
480 2523 599 2607 quibus
612 2526 824 2590 Ponrcaarns
841 2525 1014 2612 episcopus
1025 2527 1213 2611 Ephesinus
1230 2537 1391 2614 praeerat,

273 2781 282 2814 ¹
307 2787 419 2846 Euseb.
436 2789 477 2847 H.
493 2789 530 2847 Ε.
547 2789 601 2862 IV,
619 2791 669 2860 26,
686 2791 714 2848 3.

273 2865 419 2933 ²Enseb.
435 2874 478 2933 H.
495 2875 531 2932 Ε.
548 2875 601 2946 IV,
618 2877 669 2948 26,
686 2879 714 2934 4.

272 2952 283 2987 ⁸
308 2960 376 3018 Vid.
394 2961 557 3033 Warnann,
574 2954 702 3041 Passus.
719 2981 748 3038 p.
767 2962 817 3019 86.

271 3039 283 3072 ⁴
307 3046 715 3106 Paeone-Taannnnmnns
738 3047 811 3104 haec
831 3045 954 3123 quidem
974 3045 1012 3106 de
1033 3067 1068 3106 so
1090 3049 1198 3122 refert,
1218 3050 1285 3109 adv.
1309 3051 1390 3112 haer.

185 3149 211 3188 c.
226 3131 267 3189 22
283 3131 444 3206 (Osanna,
461 3133 577 3210 Corpus
592 3132 795 3210 haereseolog.
812 3132 838 3203 Ι,
854 3131 947 3208 278)ι
971 3135 1049 3205 „Est
1064 3142 1219 3212 praeterea
1233 3137 1280 3195 his
1296 3139 1394 3197 omni·

185 3215 241 3274 bus
257 3217 349 3276 etiam
364 3217 488 3276 Blastus
503 3218 665 3293 accedens,
685 3219 737 3297 qni
753 3219 885 3278 latenter
899 3218 1092 3278 Judaismum
1106 3220 1175 3278 vult
1190 3223 1393 3284 introducere.

186 3302 301 3360 Pascha
316 3303 397 3362 enim
411 3303 487 3362 dicit
503 3325 564 3363 non
580 3305 670 3363 aliter
685 3304 918 3363 custodiendum
933 3323 1012 3378 esse,
1034 3305 1092 3364 nisi
1110 3307 1275 3366 secundum
1291 3309 1392 3386 legem

184 3387 286 3465 Moysi
305 3388 389 3446 XIV.
411 3389 530 3448 mensis.
576 3391 649 3463 Quis
673 3397 776 3450 autem
795 3391 910 3450 nesciat
930 3391 1073 3468 quoniam
1097 3394 1273 3470 evangelica
1292 3397 1394 3473 gratia

185 3478 362 3547 evacuatur,
383 3474 408 3532 si
423 3474 462 3533 ad
477 3475 576 3553 legem
593 3475 749 3535 Christum
763 3475 917 3552 redigiti“
963 3477 1022 3536 Sed
1037 3478 1111 3536 haec
1127 3478 1393 3540 Pseudo-Tertul-

185 3559 258 3618 liani
279 3560 371 3618 verba
391 3560 515 3619 minime
531 3561 677 3639 probant,
699 3562 839 3620 Blastum
860 3561 1040 3620 obstrictum
1057 3563 1148 3622 fuisse
1170 3566 1319 3626 erroribus
1334 3569 1392 3627 Ju-

184 3643 287 3704 daicis.
332 3646 398 3704 Imo
428 3645 481 3704 ubi
510 3647 749 3720 recordabimur,
782 3649 936 3707 Romanae
966 3648 1194 3709 consuetudinis
1218 3651 1391 3712 defensores

184 3731 308 3789 omnino
324 3731 443 3790 Asianis
458 3732 586 3791 Judaica
603 3733 705 3794 studia
719 3733 838 3794 crimini
853 3734 972 3793 dedisse
986 3767 1018 3776 -
1032 3735 1112 3794 siout
1121 3736 1271 3796 Eusebius
1285 3744 1392 3818 aperte

184 3816 261 3876 dicit
276 3817 352 3892 (Vit.
370 3817 474 3877 Const.
491 3819 550 3892 111,
567 3822 596 3892 5,
614 3818 658 3893 l),
676 3819 804 3878 Asianos
820 3820 1020 3894 contendisse,
1036 3817 1178 3892 „intendas
1192 3825 1246 3886 δεῖν
1262 3828 1298 3902 τῇ
1312 3821 1391 3886 Ἰου-

183 3900 290 3964 δαίων
305 3900 501 3983 συνηθείᾳ“
511 3935 563 3977 -,
580 3904 628 3964 vix
640 3904 722 3963 aliud
732 3910 911 3979 statuemus,
927 3906 985 3964 nisi
995 3907 1391 3970 BlastiilliusJudaismum

183 4008 245 4048 non
255 3989 507 4049 diveranmfuisse
523 3990 708 4050 aJudaismo
724 3992 879 4051 universae
896 3992 1038 4052 ecclesias
1048 3995 1193 4066 Asianae;
1210 3997 1291 4074 quod
1306 3997 1390 4057 idem

179 4074 395 4153 judicaverunt
418 4075 580 4135 Laconas
605 4076 657 4152 (de
682 4096 755 4136 sacr.
781 4079 882 4156 pasch.
914 4099 943 4156 p.
969 4078 1138 4154 69-81),
1170 4081 1390 4142 Hrnosnrann

184 4154 377 4234 (Panchaeis.
395 4181 424 4239 p.
442 4163 636 4238 283-285),
652 4165 801 4224 Wannon
816 4159 961 4239 (Godyel.
980 4158 1071 4245 bijdr.
1090 4168 1184 4239 1861,
1200 4187 1230 4246 p.
1248 4167 1313 4244 73).
1342 4169 1390 4229 Gi.

184 4246 276 4304 etiam
291 4246 435 4320 annm,
453 4241 516 4304 Zur
535 4241 762 4322 Quelleakritik
778 4245 808 4307 d.
827 4243 1027 4325 spontaniae,
1045 4270 1074 4329 p.
1093 4253 1133 4310 12
1149 4273 1193 4330 sq.

269 4326 280 4358 ⁸
303 4331 351 4390 De
367 4351 428 4410 qua
442 4332 503 4391 vid.
519 4334 631 4394 Euscb.
648 4336 689 4394 H.
706 4336 743 4394 Ε.
760 4336 797 4408 V,
814 4337 950 4395 23-25.
