2998 4972
101 425 202 489 10-12

100 596 203 672 αίτιον,
216 585 290 654 ἀλλ’
306 585 351 665 ιδς
362 590 423 654 τοῦ
431 575 470 653 εὖ
484 581 574 653 εἷναί
583 603 636 652 σοι
648 586 814 670 πρόξενον
825 584 1021 670 γινόμενον·
1034 583 1119 650 ὅπου
1130 583 1196 671 γάρ

98 687 200 776 ήπερ1
217 693 301 756 θεοῦ
322 690 537 768 διδασκαλία,
565 687 639 754 ἐκεί
658 684 677 752 6
696 685 777 764 θεὸς
797 687 970 772 πάρεστιν.
1009 685 1196 772 ἐκζητήσεις

99 790 167 858 καθ’
178 788 302 878 ἡμέραν
314 789 354 857 τδ
366 789 549 876 πρόσωπον
562 793 631 855 τοῖν
648 785 764 874 ἁγίων,
782 785 828 856 ἵν’
845 786 1046 874 ἐπαναπαύῃ
1057 800 1125 864 τοϊς
1138 789 1196 854 λό-

60 911 159 978 Ιομοις
178 891 295 960 αῦτῦν.
315 902 321 973 Ι
340 889 383 959 οῦ
404 891 554 978 ποιήσεις
575 894 738 976 σχίσματα
760 888 843 976 πρὸς
863 887 942 966 τούς
961 887 1088 974 άχίους,
1110 913 1196 975 μνη-

98 995 179 1072 σθελς
199 998 265 1060 τῶν
286 997 467 1078 Κορειτῦυ.
520 992 725 1080 είρήνεῦσεις
752 992 961 1077 μαχομένους
987 988 1031 1069 ῦς
1056 995 1229 1076 Μωσῆς,σ

98 1096 322 1162 καταλλάσσων
351 1097 397 1172 είς
424 1098 553 1180 φιλίαν.
604 1105 731 1178 ιιρινείς
757 1095 909 1170 δικαίως·
943 1097 1006 1158 τοῦ
1037 1092 1102 1179 γάρ
1133 1117 1196 1160 τιυ-

98 1200 163 1279 ρίου
182 1194 202 1282 ή
224 1202 341 1282 κρίσις.
386 1193 427 1262 οὐ
449 1196 539 1282 λήψη
562 1196 746 1282 πρόσωπον
773 1194 901 1280 ἐλέγξαι
930 1194 985 1261 ἐπὶ
1012 1195 1196 1282 παραπτώ-

97 1321 178 1381 ματι,
200 1294 244 1375 ιδς
258 1295 373 1377 Ἠλίας
393 1298 450 1364 καλ
472 1303 620 1383 Μιχαίας
640 1295 701 1364 τὸν
718 1293 857 1382 Ἀχαάβ,
885 1297 942 1362 καὶ
959 1295 1156 1382 Ἀβδεμελὲιι
1179 1292 1197 1363 6

97 1402 210 1480 Αἰθίοψ
229 1400 288 1466 τὸν
310 1401 488 1483 Σεδεκίαν,
509 1399 566 1466 καλ
586 1398 712 1466 Νάθαν
734 1397 794 1464 τὸν
815 1399 944 1482 Δαβίδ,
967 1396 1024 1464 καὶ
1041 1395 1197 1484 Ἰωάννης

60 1500 146 1579 ΙΙτδν
174 1502 335 1589 Ἡροίδην.
361 1513 366 1583 Ι
389 1501 433 1588 μή
467 1505 566 1586 γίνου
596 1503 738 1585 δίψυχος
773 1498 812 1566 ἐν
849 1503 1021 1585 προσευχῇ
1051 1517 1130 1583 σου,
1167 1503 1198 1568 εί
1214 1515 1247 1568 10

97 1601 211 1688 ἔσταιή
232 1602 287 1670 οῦ·
309 1605 398 1688 λέγει
415 1602 481 1688 γάρ
497 1600 515 1669 6
536 1601 654 1687 ιιῦριος
669 1600 743 1686 ἐμοί
757 1603 775 1642 *
790 1604 910 1689 Πέτρῳ
923 1600 979 1668 ἐπί
994 1605 1052 1686 τῆς
1063 1602 1196 1669 θαλάσ-

96 1705 394 1791 σης*’ολιχόυυχε,
419 1707 466 1782 είς
486 1709 522 1772 τί
545 1704 740 1784 ἐδίστασαςς·
766 1702 810 1788 μή
831 1707 931 1786 γίνου
958 1703 1042 1789 πρὸς
1068 1693 1197 1788 μλντὸ

96 1811 198 1892 λαβεῖν
219 1809 379 1876 ἐντείνων
400 1806 463 1893 τήν
484 1807 596 1893 χεῖρα,
621 1803 705 1893 πρὸς
725 1807 764 1872 δὲ
781 1802 819 1872 τδ
843 1805 964 1871 δοῦναι
986 1807 1194 1872 συστέλλων·

57 1897 100 1994 ἷῖΙ
127 1908 181 1975 ἐάν
202 1913 293 1996 ἐχης,
325 1908 381 1976 διά
407 1914 476 1976 τοῖν
504 1911 627 1993 χειροῖν
649 1924 713 1973 σου
735 1907 808 1988 δός,
837 1907 894 1972 ἵνα
916 1906 1043 1993 ἐρχάση
1067 1909 1114 1984 είς
1134 1908 1195 1974 λύ-

95 2029 204 2094 τρωσιν
218 2010 390 2097 άμαρτιῦν
412 2028 491 2077 σου·
514 2008 755 2096 ἐλεημοσύναις
775 2006 841 2095 γάρ
857 2006 914 2074 καὶ
932 2013 1085 2076 πίστεσιν
1108 2007 1195 2078 άπο-
1215 2023 1246 2076 15

94 2118 301 2200 καθαίρονται
326 2111 494 2199 ἁμαρτίαι.
540 2109 581 2179 οὐ
607 2113 776 2189 διστάσεις
802 2111 923 2176 δοῦναι
952 2111 1086 2200 πτωχῷ,
1115 2109 1195 2178 οὐδὲ

94 2215 194 2292 διδοῦς
209 2214 403 2301 γοχχῦσεις·
425 2215 540 2301 γνάση
558 2213 623 2298 γάρ
644 2218 695 2290 τίς
716 2212 808 2280 ἐστιν
827 2209 845 2278 6
863 2217 924 2278 τοῦ
944 2217 1072 2297 μισθοῦ
1092 2213 1196 2280 άντα-

93 2316 234 2402 τοδότης·
255 2314 307 2384 *ὁ
324 2307 429 2384 ἐλεοῦν
448 2317 525 2402 γάρ,
549 2319 643 2402 φησί,
666 2312 799 2399 πτωχὸν
815 2319 922 2403 κυρίην
936 2316 1088 2398 δανείζει,
1111 2314 1196 2382 κατά

93 2417 124 2482 δὲ
150 2417 184 2484 τὸ
218 2419 305 2505 δόμα
339 2414 446 2484 αὐτοῦ
452 2467 463 2503 ,
496 2418 602 2496 οῦτως
635 2414 948 2502 ἀνταποδοθήσεται
979 2412 1080 2502 αὐτῷ.
1132 2413 1195 2484 οῦκ

93 2517 325 2608 άποστραφήση
348 2520 587 2605 ἐνδεοῦμενον·
614 2517 650 2598 ὃς
671 2518 816 2605 φράσσει
837 2517 920 2603 γάρ,
940 2520 1040 2603 φησί,
1063 2518 1103 2586 τά
1126 2509 1195 2587 ὦτα
1212 2531 1246 2584 νο

93 2619 186 2688 αὐτοῦ
209 2622 252 2709 μή
280 2620 425 2690 οἰκοῦσαι
449 2630 467 2669 *
492 2622 736 2706 ἐυδεουμένου,
758 2620 815 2686 καλ
838 2617 938 2697 αὐτὸς
965 2619 1196 2688 ἐπιτιαλέσεται

92 2721 140 2790 καὶ
157 2723 217 2791 οῦκ
240 2729 333 2792 ἐσται
358 2722 377 2791 6
399 2724 587 2792 εἰσακούειν
614 2720 729 2790 αὐτοῦ.
774 2722 993 2808 κοινωνήσεις
1015 2725 1061 2801 είς
1086 2722 1196 2792 πάντα

93 2828 132 2910 τῷ
149 2824 285 2916 ἀδελφῷ
307 2844 369 2893 σου
392 2825 448 2894 καλ
467 2824 529 2894 οὐκ
558 2825 645 2912 ἐρεῖς
668 2826 738 2892 ίδια
757 2820 861 2908 εἶναι,
890 2826 987 2910 κοινή
1009 2824 1074 2911 γάρ
1094 2823 1117 2911 ή
1135 2849 1196 2910 με·

91 2927 219 3012 τάληψις
241 2927 334 3020 παρά
361 2933 448 2996 θεοῦ
467 2933 571 2995 πᾶσιν
595 2927 790 3014 ἀνθρώποις
817 2927 1088 3012 παρεσκευάσθη.
1132 2924 1195 2992 οῦκ

91 3024 173 3112 άρεῑς
189 3029 251 3116 τήν
270 3031 366 3118 χεῖρά
387 3047 451 3098 σου
472 3029 540 3098 άπὸ
561 3034 622 3096 τοῦ
644 3032 722 3098 υίοῦ
745 3047 809 3096 σου
827 3025 850 3114 ή
868 3025 935 3096 άπό
948 3031 1007 3112 τής
1024 3027 1196 3112 θυγατρός
1212 3039 1246 3092 25

91 3146 161 3216 σου,
183 3131 252 3199 ἀλλ’
278 3131 345 3200 άπὸ
372 3133 527 3218 νεότητος
549 3131 662 3200 αὐτῶν
689 3134 835 3212 διδάξεις
858 3129 981 3207 αὐτοῦς
1001 3128 1060 3196 τὸν
1084 3129 1195 3215 φόβον

148 3348 254 3402 011οιι1
274 3350 298 3414 l,
318 3350 349 3400 17
369 3347 376 3418 Ι
396 3349 429 3402 10
445 3350 529 3401 Iacob
549 3349 572 3410 1,
591 3348 650 3401 (1.7
671 3352 675 3408 Ι
697 3349 728 3400 12
746 3348 836 3399 1111111
856 3348 901 3411 11,
920 3347 951 3399 31
973 3346 977 3416 Ι
1002 3348 1151 3400 12811111]
1168 3348 1193 3412 ⁴,

149 3433 177 3486 31
199 3436 204 3501 Ι
220 3435 252 3486 15
269 3438 343 3489 Prov
362 3433 402 3500 10,
421 3434 438 3486 8
458 3438 463 3496 Ι
483 3433 515 3486 18
533 3436 604 3487 Prov
623 3433 663 3498 19,
683 3433 715 3484 17
735 3434 739 3498 Ι
758 3433 792 3484 20
809 3434 880 3485 Prov
897 3433 940 3498 21,
961 3431 992 3484 18

91 3619 177 3679 1ά1λ’
194 3622 233 3690 άς
249 3636 329 3697 xyst,
347 3621 420 3682 άλλοὶ
438 3647 462 3680 τι
483 3630 488 3693 Ι
510 3631 522 3682 l
541 3620 697 3696 γενόμενον
715 3647 739 3679 w
759 3629 763 3692 Ι
785 3632 801 3681 2
819 3621 837 3697 ή
857 3627 923 3694 περλ
940 3629 976 3692 >
992 3630 1031 3679 Υτ
1046 3627 1082 3694 13
1101 3627 1149 3680 ίνο
1171 3646 1194 3680 w

89 3713 93 3775 Ι
110 3713 125 3763 5
140 3715 259 3779 ιιοριτῦν
276 3731 328 3780 xyz
344 3715 380 3779 Ιθ
397 3713 510 3783 μυυσής
527 3731 552 3764 w
566 3715 571 3780 Ι
586 3713 603 3766 0
620 3707 771 3767 παλάσσετο
780 3717 823 3776 W,
842 3707 1028 3766 καταλάσσαν
1039 3731 1071 3776 w,
1092 3715 1194 3766 συναλ-

89 3789 190 3850 λάεσσιν
206 3805 254 3866 yn
281 3801 285 3864 Ι
311 3795 507 3867 monning
525 3805 544 3860 1,
564 3790 700 3867 άβιμέλεχ
715 3816 742 3864 y,
762 3791 914 3867 άβιμέλχτ
942 3799 946 3861 Ι
974 3798 1004 3850 10
1022 3794 1049 3850 εί
1066 3805 1111 3862 ιιι,
1131 3788 1193 3867 ἢκ,

87 3881 162 3948 >yn
181 3886 186 3948 Ι
206 3885 236 3936 11
256 3881 332 3950 uqa
350 3890 418 3946 τιτι,
437 3877 521 3937 εἶπεν
536 3899 570 3950 γε
591 3884 595 3948 Ι
618 3884 647 3936 ll
667 3882 705 3949 τῷ
721 3884 756 3948 -Ι-
772 3901 805 3950 με
826 3886 831 3948 Ι
852 3884 883 3934 12
901 3876 1068 3936 διστάοαντι
1085 3881 1119 3949 -Ι-
1136 3899 1169 3949 χιι
1190 3885 1194 3948 Ι

89 3963 116 4016 12
132 3957 290 4034 α’λιχόττιττε
307 3969 374 4035 yn!
391 3969 423 4020 14
442 3963 517 4036 ἔχεις
533 3971 565 4035 1Ι
582 3967 614 4020 14
632 3963 674 4028 είς
689 3969 724 4033 >
740 3985 774 4034 με
790 3969 794 4032 Ι
813 3969 842 4019 17
860 3967 912 4020 τοῦ
928 3968 963 4032 >
979 3970 1001 4018 Y
1016 3969 1021 4032 Ι
1039 3969 1078 4018 17.
1093 3967 1125 4018 18
1142 3958 1192 4017 άν-

88 4048 243 4119 τσποδόσης
260 4069 275 4104 ε
295 4055 299 4117 Ι
321 4053 354 4104 18
371 4049 421 4105 καὶ
438 4053 473 4120 «Ι-
489 4069 523 4120 yz
544 4054 548 4118 Ι
569 4053 602 4104 18
618 4047 673 4120 γάρ
691 4055 726 4119 >
742 4069 775 4118 yz
797 4052 801 4119 Ι
826 4051 858 4105 18
877 4067 966 4120 φησιν
983 4069 1014 4116 ι,
1033 4052 1067 4114 >
1083 4067 1116 4115 γε
1137 4051 1142 4114 Ι
1165 4051 1196 4102 18

87 4135 179 4203 κυρίῳ]
197 4137 260 4204 θεῷ
277 4155 310 4202 yz
332 4138 335 4201 Ι
362 4138 394 4188 10
412 4136 495 4204 δῦμα
513 4155 537 4188 w
557 4136 561 4205 Ι
588 4138 620 4190 19
637 4126 725 4197 οὕτως
742 4138 777 4201 >
793 4155 826 4204 χι
849 4139 854 4202 Ι
877 4137 913 4189 20
930 4129 1101 4203 ἐνδεόμενον
1117 4140 1165 4200 yzt
1189 4133 1193 4200 Ι

87 4216 117 4267 20
133 4236 219 4286 φησιν
237 4239 254 4273 x
273 4222 279 4289 Ι
298 4222 330 4273 21
350 4217 517 4274 εἰσακοῦσαι
535 4229 583 4288 yzt
602 4221 607 4276 Ι
622 4224 653 4273 21
672 4222 724 4274 τοῦ
740 4221 774 4289 -Ι-
791 4229 839 4287 yzt
853 4222 858 4289 Ι
872 4222 904 4272 21
924 4215 1064 4286 δεομένου
1080 4218 1194 4284 111122

88 4295 174 4354 ἐττει
195 4304 199 4373 Ι
218 4309 253 4358 22
271 4299 286 4358 6
304 4306 339 4372 >
355 4313 368 4358 1
387 4309 392 4373 Ι
411 4308 445 4359 25
462 4297 562 4371 α’ριιείς
579 4309 633 4369 11,
652 4297 757 4373 άρήςτ
782 4311 787 4366 Ι
809 4308 843 4358 25
865 4299 919 4370 σήν
936 4305 1019 4370 χεῖρα
1036 4319 1088 4358 σου
1106 4309 1118 4355 1
1137 4304 1142 4367 Ι
1161 4303 1195 4354 211

87 4376 152 4438 άλλά
170 4395 216 4455 yzt
230 4390 235 4456 Ι
250 4389 283 4443 20
300 4382 395 4444 αῦτῦν
411 4383 737 4458 >1Ι2οοιῦτοῦςχεη
757 4382 830 4445 αῦτά
849 4407 881 4456 w,
902 4379 1000 4449 αῦτσῖς
1017 4406 1034 4440 x
