3052 4974
271 401 312 463 24
1257 404 1275 471 ρ
1295 405 1399 458 ιιι-ιι

272 576 462 674 dmum,
494 563 584 641 ὅπως
605 561 649 648 μή
672 563 814 630 δέωνται
836 563 977 650 δδύνής,
1007 565 1171 654 λύπης,*
1193 575 1398 657 κλαυθμῶν,

272 677 432 764 ἀφέσεως.
478 679 513 741 τί
528 670 607 755 γὰρ
616 662 728 748 οἶδας,
754 665 916 752 ἄνθρωπε
936 665 1178 755 ἁμαρτήσας,ε
1162 669 1335 759 είήμέρας
1356 677 1399 741 έν

271 781 357 868 πωὸε
378 803 424 868 τω
445 779 542 866 βιῳζ
526 767 682 859 ζήσεις,·’”
667 791 724 834 ινα
746 767 807 834 καλ
821 769 1044 856 μετανοήσῃς,
1069 769 1119 837 ὄτι
1140 772 1301 859 ἄδήλος’
1283 801 1302 861 ή
1321 778 1398 855 ἕξιν

271 883 329 959 δός
347 899 410 948 σου
434 884 472 948 ἐκ
493 880 554 944 τοῦ
576 877 655 959 βίον
677 867 831 955 ὑπάρχει,
855 869 911 936 καὶ
932 870 970 937 ἐν
991 869 1136 961 ἁμαρτίᾳ
1156 877 1398 962 τελευτήσαντι

237 982 430 1068 ομετοίνοια
451 979 513 1046 οὐκ
534 981 642 1044 ἔστιν·
666 995 711 1049 ως
725 973 830 1055 λέγει.
841 971 898 1038 διὰ
920 995 981 1038 που
967 975 1109 1060 Δαβὶδ
1128 974 1182 1042 Ἐν
1203 977 1240 1044 δέ
1257 982 1305 1066 τῷ
1327 976 1398 1068 ᾅδῃ

271 1088 320 1162 τίς
342 1085 359 1150 ἐ
360 1081 623 1169 ξίομολογήσετα
641 1091 712 1152 σοις
740 1076 795 1140 δεῖ
814 1065 877 1140 οὖν
899 1076 1033 1159 ἕτοιμον
1058 1073 1145 1144 εἶναι
1174 1077 1213 1144 ἐν
1238 1077 1398 1165 ἀγαθοῖς,

271 1188 329 1253 ἵνα
356 1185 439 1252 ἄνευ
468 1183 576 1266 λύπης
597 1177 660 1263 τήν
682 1177 801 1256 ἔξοδον
825 1175 961 1261 ἐκείνην
986 1178 1205 1264 στειλώμεθα.
1256 1181 1308 1248 διδ
1336 1184 1399 1250 καλ

272 1298 433 1374 παραινεῖ
456 1283 589 1359 ὁθείος
616 1279 714 1363 λόγος
741 1276 798 1343 διὰ
821 1281 1042 1362 Σολομῶντος
1067 1284 1129 1346 τοῦ
1155 1287 1267 1367 σοφοῦ
1287 1288 1399 1370 λέγων

272 1391 290 1429 *
311 1405 366 1454 σοι
383 1385 548 1471 Ἑτοίμαζε
571 1384 617 1460 είς
638 1379 701 1463 τήν
723 1381 840 1458 ἔξοδον
861 1379 902 1444 τὰ
924 1382 1005 1464 ἔργα
1027 1399 1106 1466 σου,
1133 1385 1151 1424 *
1173 1385 1231 1450 λνα
1250 1385 1294 1471 μή
1318 1389 1398 1454 ἐπι-

224 1509 254 1562 10
272 1495 371 1577 λείνῃ
396 1487 478 1575 ἡμῖν
506 1511 537 1553 τι
564 1489 633 1551 τοῖν
660 1485 794 1564 καλῶν,
831 1479 944 1565 ὥσπερ
972 1483 1027 1548 καλ
1052 1497 1124 1562 ταῖς
1152 1487 1250 1553 πέντε
1280 1489 1318 1555 ἐν
1345 1492 1399 1578 τῷ

272 1591 455 1679 εὐαγγελίῳ
483 1587 667 1676 παρθένοις
695 1581 752 1648 διδ
779 1587 911 1668 μωρίαν
943 1584 1117 1652 ἐπέλειπον
1144 1586 1183 1653 τὸ
1210 1593 1269 1673 τής
1297 1589 1396 1658 εὐσε-

271 1699 365 1780 βείας
379 1698 504 1776 ἔλαιον,
528 1690 584 1756 καλ
607 1695 623 1728 *
642 1684 886 1771 ἀπεβλήθήσαν
904 1691 966 1752 τοῦ
987 1693 1180 1772 νυμφῶνος.
1214 1692 1272 1756 διὰ
1292 1698 1395 1760 τοῦτο

271 1795 455 1871 ἀκίνδυνος
485 1794 577 1877 μένει
612 1793 676 1866 πᾶς
704 1783 723 1853 ὁ
750 1787 951 1872 φειδόμενος
978 1791 1037 1873 τής
1070 1790 1193 1857 εαντοῦ
1220 1797 1304 1878 ζωῆς
1335 1797 1397 1862 καλ

270 1894 423 1982 μένων’
404 1895 651 1979 αναμάρτήτος,
675 1889 764 1966 ὅπως
784 1888 841 1953 καὶ
863 1887 921 1967 τὰς
942 1891 1223 1974 προγεγονυίας*
1203 1893 1263 1960 υττ’
1287 1894 1396 1962 ατποῦ

225 2017 254 2070 15
271 1996 489 2072 δικαιοσύνας
511 1992 601 2080 αὐτῷ
622 1991 826 2077 σνντήρήση.
861 1989 904 2057 σύ
925 1981 989 2058 οὖν
1011 1992 1117 2072 οὕτως
1138 2007 1233 2083 κρῖνε
1255 2022 1300 2075 ως
1319 2004 1396 2086 θεῷ

272 2099 427 2224 δικάζων.
466 2101 527 2162 τοῦ
554 2093 619 2180 γολρ
642 2097 780 2178 κυρίου,
810 2095 930 2179 φησίν,
957 2093 978 2179 ή
1007 2099 1126 2178 κρίσις.
1172 2119 1307 2182 πρωτον
1327 2091 1396 2166 οὖν

272 2199 319 2266 δτι
321 2198 503 2279 ’ἐξουσίας
522 2196 581 2265 τὸν
603 2200 722 2280 ἔνοχον
737 2198 948 2277 καταδίκαζε·
972 2200 1085 2264 ἔπειτα
1105 2199 1188 2282 μετὰ
1204 2199 1317 2278 ἐλέους
1335 2203 1396 2268 καὶ

272 2301 446 2387 οίκτιρμοῦ
465 2300 522 2367 καὶ
537 2296 756 2388 προσλήψεως
771 2300 915 2381 οίκειοῦ,
936 2295 1203 2384 ὑπισχνούμενος
1216 2299 1308 2390 αὐτῷ
1324 2320 1395 2369 σω-

272 2408 406 2490 τηρίαν,
438 2405 469 2470 εί
487 2402 667 2487 μετάθοιτο
690 2403 752 2464 τοῦ
778 2398 905 2486 τρόπον
927 2398 984 2466 καλ
1012 2400 1095 2487 πρὸς
1119 2403 1300 2487 μετάνοιαν
1325 2429 1395 2490 χω-

220 2527 255 2578 20
272 2506 386 2593 ρήσοι·
422 2503 692 2590 μεταμελόμενον
716 2502 755 2568 δὲ
783 2501 924 2587 στύφων
950 2504 1139 2589 προσδέχου
1159 2511 1193 2588 *,
1222 2509 1394 2592 μεμνημέ-

271 2629 330 2684 νος
349 2609 410 2671 τοῦ
433 2611 555 2689 κυρίου
578 2604 728 2680 εἰπόντος
751 2602 801 2669 ὅτι
823 2603 919 2690 Χοιρὰ
938 2610 1067 2689 γίνεται
1090 2604 1129 2671 ἐν
1143 2609 1161 2647 '¹
1176 2605 1312 2696 οὐρανῷ
1336 2609 1395 2678 ἐπὶ

270 2708 322 2774 ε’νί
350 2705 536 2794 ἁμαρτωλῷ
561 2709 789 2791 μετανοοῦντι.
818 2708 822 2792 Ι
849 2704 910 2771 ἐολν
938 2707 976 2772 δὲ
1004 2705 1064 2773 τὸν
1089 2714 1318 2792 μετανοοῦντα
1344 2713 1391 2798 μή
1407 2720 1448 2781 11

271 2810 454 2895 προσδέξή,
491 2807 683 2893 ἐπιβούλοις
718 2803 821 2872 αὐτὸν
852 2809 993 2873 ἔκδοτον
1023 2811 1193 2896 παρέχεις,
1228 2811 1395 2880 ἐπιλαθό-

269 2935 370 2997 μενος
390 2914 450 2976 τοῦ
470 2911 584 2996 Δνβὶδ
606 2911 762 2993 λέγοντος
783 2907 841 2992 Μή
864 2911 1023 2997 παραδῷς
1043 2921 1112 2989 τοῖς
1127 2917 1262 2997 θηρίοις
1280 2915 1396 3002 ψυχήν

336 3135 464 3189 δΡεοΙω
482 3135 507 3202 6,
525 3135 542 3188 6
560 3133 566 3204 Ι
584 3133 601 3188 9
619 3135 692 3186 Prov
709 3135 751 3198 24,
770 3133 803 3184 27
822 3131 828 3201 Ι
850 3131 880 3184 16
897 3135 972 3186 Deut
985 3137 1008 3200 1,
1030 3135 1061 3187 17
1080 3133 1086 3203 Ι
1108 3136 1140 3188 21
1159 3138 1218 3190 Luc
1239 3139 1278 3204 15,
1298 3141 1314 3190 7
1333 3138 1338 3208 Ι
1358 3143 1393 3194 24

337 3221 432 3274 Psalm
449 3223 491 3286 74,
514 3221 544 3272 19

204 3479 205 3482 Ι
272 3422 284 3473 l
305 3417 421 3474 δέονται
438 3439 481 3474 wx
506 3422 510 3491 Ι
532 3423 544 3474 l
565 3422 614 3476 καί
631 3424 665 3492 -Ι-
681 3428 713 3490 yt
732 3425 736 3489 Ι
760 3424 772 3475 l
791 3418 946 3492 κλαυθμὸν
962 3442 981 3491 y
999 3425 1093 3478 deleta
1112 3427 1221 3495 virguls
1238 3433 1365 3496 sequenti
1384 3430 1391 3500 Ι

269 3506 376 3572 θτρλδε
393 3509 427 3572 >
445 3525 468 3559 w
494 3505 499 3573 Ι
522 3501 643 3575 δζήσής
660 3523 691 3574 y:
715 3502 809 3576 ζήσεις
827 3516 892 3562 ante
914 3502 946 3562 έν
963 3513 1008 3560 21
1031 3511 1036 3574 Ι
1059 3511 1076 3562 3
1098 3506 1282 3580 μετανοήσεις
1304 3519 1390 3582 ππγΙ

268 3585 413 3642 blant
436 3593 440 3655 Ι
466 3583 570 3643 7ὁδόν
586 3599 618 3658 yt
642 3595 646 3656 Ι
674 3593 849 3659 Βπαραινεῖ
862 3595 955 3660 >γΙ
981 3595 997 3644 8
1020 3591 1070 3647 διὰ
1146 3593 1235 3664 λέγων
1255 3598 1290 3663 >
1311 3618 1330 3666 y
1350 3600 1393 3665 Ι8

269 3670 353 3740 λέγον
371 3694 388 3727 x
408 3677 413 3740 Ι
432 3677 449 3727 9
467 3679 607 3742 παραινεῖ
626 3676 660 3744 -Ι-
678 3696 695 3744 y
721 3677 724 3746 Ι
750 3679 767 3730 9
784 3677 834 3731 καλ
852 3674 1071 3745 παρασκευάζου
1093 3677 1135 3740 είς
1153 3677 1203 3732 τὸν
1220 3673 1312 3749 α’γρὸν
1328 3685 1362 3750 -Ι-
1380 3691 1392 3736 t

271 3759 356 3828 Ι9ίλθ
308 3753 565 3826 Ήέπιλείψειγ
586 3755 713 3830 ίπιλήψή
731 3770 742 3814 t
763 3765 767 3828 Ι
791 3764 820 3814 19
838 3756 908 3830 ὑμῖν
927 3783 949 3816 w
970 3767 974 3829 Ι
997 3765 1029 3817 10
1046 3761 1130 3819 πέντε
1147 3768 1182 3832 >
1200 3785 1223 3817 w
1247 3769 1252 3832 Ι
1278 3767 1307 3818 11
1327 3761 1391 3822 έπέ-

269 3845 353 3896 λιπεν
369 3862 406 3908 w,
432 3838 561 3900 ἐπέλειπε
585 3853 596 3898 t
622 3849 626 3912 Ι
654 3849 683 3899 11
709 3849 745 3900 οδ
768 3842 915 3915 ενοεβείας
938 3857 949 3901 t
972 3852 1000 3902 in
1024 3854 1164 3918 margine:
1193 3844 1225 3903 έν
1246 3843 1323 3905 azzo
1346 3845 1391 3906 εὖ·

268 3927 386 3992 ποιίαςΙ
409 3929 439 3981 12
458 3922 655 3998 οἷποσβέσαοαι
673 3927 724 3993 τὰς
742 3929 897 4001 λαμπάδας
914 3930 965 4003 τής
983 3937 1161 4002 θεογνωσίας
1178 3935 1212 4004 -Ι-
1230 3939 1260 4003 1Ι
1277 3938 1310 3989 14
1321 3955 1390 4006 κρο-

268 4029 408 4080 γεγοννας
426 4017 474 4078 w!
498 4016 528 4068 19
541 4031 710 4084 συντηρήσει
728 4037 751 4070 w
780 4021 785 4083 Ι
814 4021 844 4071 15
862 4009 964 4072 οντωι
991 4021 994 4084 Ι
1021 4022 1053 4072 15
1074 4024 1173 4087 κρῖναι
1190 4039 1228 4081 ιν,
1252 4022 1349 4087 κρίναι
1374 4041 1391 4076 x

269 4097 272 4166 Ι
296 4099 326 4150 15
349 4101 385 4151 εδ
408 4100 469 4152 θεον
492 4103 533 4154 λ
525 4119 554 4152 1n
578 4105 702 4170 margine
730 4095 763 4156 έν
784 4095 859 4156 αλλω
888 4099 959 4166 θεὸς
983 4105 987 4172 Ι
1019 4107 1051 4158 19
1073 4107 1175 4173 κυρίου
1197 4101 1252 4174 γὰρ
1275 4125 1298 4158 w
1325 4111 1330 4172 Ι
1358 4110 1390 4160 17

269 4181 351 4238 ἔποπα
370 4202 393 4236 τι
409 4187 413 4251 Ι
431 4187 460 4238 17
482 4177 562 4238 ἐλέου
579 4189 628 4254 ytl
647 4189 678 4239 18
694 4185 859 4256 οίιιτειρμου
877 4207 919 4255 wy
940 4193 942 4255 Ι
967 4191 997 4242 18
1015 4185 1184 4260 προλήψεως
1201 4209 1226 4252 x,
1246 4185 1389 4259 προσλήμ-

268 4276 344 4332 ήεως
361 4288 379 4335 y
394 4273 398 4336 Ι
416 4272 456 4322 19.
468 4272 502 4323 20
520 4268 642 4339 χωρήσοι
662 4275 698 4336 L,
718 4271 837 4342 χωρήσει
856 4285 924 4338 παι,
945 4273 1057 4344 χωρήση
1075 4295 1094 4342 y
1109 4279 1113 4341 Ι
1128 4278 1162 4328 20
1180 4274 1297 4344 στήφων
1313 4279 1347 4341 >
1365 4295 1389 4329 w

269 4347 272 4416 Ι
292 4352 327 4404 20
344 4344 433 4406 αὐτὸν
450 4354 484 4423 -Ι-
501 4373 525 4406 w
540 4357 545 4420 Ι
561 4357 590 4406 ’λΙ
611 4357 650 4408 wi
666 4357 700 4426 -Ι-
717 4377 735 4424 y
751 4360 755 4422 Ι
770 4359 803 4410 ’23
822 4354 928 4412 σαντδν
945 4379 963 4426 y
978 4363 983 4424 Ι
998 4359 1031 4413 ‘23
1051 4356 1152 4429 ἔνοχον
1171 4381 1194 4412 w
