3052 4974
282 397 322 458 44
1332 381 1349 450 1
1370 385 1412 436 ’ῖὶ

280 555 318 624 τό
338 554 489 642 γλυπτόν
515 559 577 621 τοῦ
597 553 739 636 άλσους,
767 550 829 637 τήν
855 551 969 618 εἰκόνα
990 546 1035 634 ῆν
1058 552 1232 636 ἐποίησεν,
1262 548 1301 615 ἐν
1320 555 1413 638 οἰιιφ

281 662 413 743 κυρίου,
438 657 476 724 ἐν
498 647 525 746 ᾦ
546 657 714 735 ἐξελέξατο
735 654 852 739 κύριος
871 653 997 719 θέσθαι
1018 651 1057 718 τὸ
1078 651 1184 737 ὄνομα
1206 649 1314 718 αὐτοῦ
1332 651 1414 718 ἐκεῖ

282 762 321 827 ἐν
344 757 560 846 Ἰερουσαλῆμ
587 761 628 844 τῇ
657 759 674 796 *
704 757 800 823 πόλει
828 757 875 832 εἰς
898 753 958 820 τὸν
981 756 1106 838 αἰῶνα,
1140 751 1196 820 καί
1224 749 1321 820 εἶπεν
1351 751 1412 820 Ού

280 863 465 949 προσθήσω
485 858 546 926 τὸν
567 858 655 924 πόδα
669 881 735 942 μου
756 859 918 923 σαλεῦσαι
939 852 1006 921 άπὸ
1025 859 1084 940 τῆς
1102 859 1164 940 γῆς
1183 859 1245 921 τοῦ
1257 853 1409 942 Ἰσραήλ,

246 975 263 1025 υ
279 959 325 1048 ῆν
339 963 471 1029 δέδωκα
487 973 556 1038 τοῖς
573 961 741 1045 πατράσιν
755 955 879 1040 αὐτόν,
896 953 985 1041 πλήν
1005 954 1066 1022 ἐάν
1082 957 1302 1041 φυλάξωνται
1316 955 1409 1024 κατά

281 1065 391 1131 πάντα
406 1062 468 1129 ὅσα
483 1062 700 1147 ἐνετειλάμην
720 1059 844 1142 αὐτοῖς,
866 1057 951 1126 κατά
968 1061 1082 1124 πᾶσαν
1101 1055 1243 1142 ἐντολῆν
1259 1055 1306 1142 ῆν
1328 1061 1411 1125 ἐνε-

280 1170 410 1232 τείλατο
431 1162 449 1231 ὁ
467 1163 588 1241 δοῦλός
601 1186 667 1247 μου
679 1165 840 1246 Μωϋσῆς.
874 1158 931 1226 καί
948 1158 1011 1226 οόκ
1031 1159 1195 1246 ἤκουσαν,
1218 1159 1277 1226 καί
1295 1159 1410 1228 ἐκλά-

280 1285 385 1353 νησεν
406 1264 528 1342 αὐτούς
549 1269 737 1350 Μανασσῆς
758 1266 820 1330 τοῦ
842 1265 979 1346 ποιῆσαι
1006 1259 1044 1329 τό
1071 1259 1223 1348 πονηρὸν
1251 1262 1410 1330 ἐνοίκιον

280 1373 403 1456 κυρίου
424 1365 511 1452 ὑπὲρ
532 1365 572 1432 τά
593 1370 694 1451 ἔθνη,
725 1361 748 1430 ά
775 1364 870 1450 ἐξῆρε
893 1363 1010 1448 κύριος
1036 1362 1103 1431 ἀπὸ
1123 1362 1310 1449 προσοίκων
1332 1370 1409 1432 τοῖν

231 1484 262 1536 10
280 1473 366 1537 υἰιδν
383 1469 531 1555 Ἰσραήλ·
562 1467 619 1534 καί
647 1467 789 1552 ἐλάλησε
816 1467 934 1550 κύριος
963 1465 1018 1532 ἐπί
1042 1469 1236 1550 Μανασσῆν
1261 1466 1320 1533 καί
1347 1467 1408 1534 ἐπὶ

279 1571 339 1640 τὸν
361 1569 444 1638 λαόν
466 1569 571 1637 αὐτοῦ
593 1569 632 1636 ἐν
652 1567 739 1655 χειρὶ
760 1568 894 1635 δούλων
922 1564 1027 1634 αὐτοῦ
1048 1570 1117 1633 τῶν
1139 1573 1325 1654 προφητῶν
1347 1569 1406 1636 λε’-

278 1699 350 1760 γων
365 1673 461 1740 Ἀνθ’
486 1663 536 1739 ὦν
559 1671 620 1738 ὅσα
644 1673 779 1757 ἐποίησε
801 1672 989 1753 Μανασσῆς
1013 1675 1028 1710 *
1052 1667 1211 1754 βασιλεὺς
1227 1668 1339 1736 Ἰούδα
1362 1670 1408 1736 τά

278 1775 492 1862 βδελύγματα
518 1772 560 1839 τά
584 1771 715 1859 πονηρά
737 1775 842 1839 ταῦτα
869 1769 936 1837 άπὸ
964 1771 1102 1837 πάντων
1123 1761 1173 1836 όν
1202 1771 1363 1855 ἐποίησεν
1386 1769 1408 1838 ὁ

275 1877 472 1962 Ἀμορραῖος
494 1879 688 1961 ἔμπροσθεν
710 1873 826 1958 αὐτοῦ,
850 1871 906 1938 καὶ
927 1872 1111 1958 ἐξήμαρτεν
1131 1870 1191 1938 τὸν
1209 1870 1341 1940 Ἰούδαν
1364 1874 1408 1941 ἐν

230 1993 262 2044 15
279 1989 350 2054 τοίς
370 1975 521 2052 εἰδιόλοις
540 1973 656 2060 αὐτοῦ,
679 1977 791 2042 *τάδε
807 1977 896 2062 λέγει
912 1975 1029 2058 κύριος
1045 1971 1156 2052 δθεός
1171 1974 1304 2061 Ἰσραὴλ
1316 1973 1407 2042 Ἰδού

281 2075 346 2163 ἐγά
368 2077 461 2164 φέρω
487 2076 574 2143 κακά
603 2076 659 2144 ἐττί
673 2075 892 2164 Ἰερουσαλήμ
917 2077 973 2142 κα1
990 2074 1137 2156 Ἰούδαν,
1165 2072 1251 2143 ὥστε
1276 2077 1408 2155 παντὸς

279 2177 464 2256 ἀκούοντος
490 2176 576 2244 αὐτά
600 2177 717 2266 ήχήσει
745 2177 919 2266 ἀμφότερα
946 2177 987 2244 τά
1015 2167 1085 2244 ὦτα
1109 2175 1233 2261 αὐτοῦ,
1263 2179 1321 2246 καί
1344 2179 1404 2245 ἐκ-

279 2285 366 2348 τενω
386 2279 442 2348 ἐπὶ
460 2277 676 2368 Ἰερουσαλήμ
692 2279 730 2348 τὰ
746 2283 869 2367 μέτρον
884 2284 1077 2366 Σαμαρείας
1098 2279 1155 2346 καί
1172 2277 1233 2346 τὸν
1248 2281 1407 2365 σταθμὸν

280 2391 377 2450 οἰκου
396 2382 535 2468 Ἀχαάβ,
565 2381 621 2448 καλ
644 2381 819 2462 όταλείυω
840 2379 903 2468 τῆν
919 2378 1151 2468 Ἰερουσαλήμ,
1178 2379 1293 2459 καθύς
1312 2381 1404 2450 άπα-

229 2503 263 2552 ²0
280 2490 430 2571 λείφεται
444 2483 482 2551 τὸ
500 2487 621 2564 πυξίον
635 2484 918 2570 άπαλειφόμευον,
932 2482 989 2550 καὶ
1007 2486 1223 2571 καταστρέφω
1239 2483 1296 2550 ἐπὶ
1315 2507 1404 2571 προ-

280 2585 398 2654 σύπου
421 2583 604 2652 αὐτοῦκαὶ
628 2584 847 2671 ἀποδύσομαι
871 2584 910 2652 τδ
932 2583 1121 2671 ὑπόλειμμα
1147 2590 1205 2670 τῆς
1232 2588 1404 2672 κληρονο-

278 2691 356 2771 μίας
374 2711 458 2772 μου,
481 2685 538 2753 καί
560 2687 753 2772 παραδείσω
772 2685 895 2766 αύτούς
916 2690 964 2767 εἰς
984 2698 1096 2773 χεῖρας
1116 2686 1251 2774 ἐχθρῶν
1274 2686 1403 2773 αὐτοῖν,

280 2788 337 2856 καί
358 2791 491 2856 ἔσονται
514 2789 561 2865 εἰς
582 2787 774 2875 διαρπαγήν
795 2787 852 2856 καὶ
874 2789 1050 2876 προνομήν
1072 2793 1154 2855 πᾶσι
1174 2799 1243 2866 τοῖς
1265 2788 1406 2877 ἐχθροῖς

280 2889 408 2958 αὐτόν·
438 2887 519 2956 ἀνθ’
541 2880 592 2956 σίν
620 2888 681 2955 δσα
705 2890 868 2978 ἐποίησαν
889 2891 1021 2979 πονηρά
1050 2893 1089 2958 ἐν
1110 2889 1299 2976 ὀφθαλμοῖς
1320 2917 1403 2977 μου,

228 3011 262 3064 ευ
280 2992 337 3060 καί
358 2983 448 3080 ἦσαν
474 2993 729 3079 παροργίζοντές
754 3018 795 3078 με
819 2990 881 3078 ἀφ’
912 2984 953 3080 ἧς
976 2991 1101 3079 ῆμέρας
1128 2993 1292 3079 ἐξήγαγον
1321 2993 1405 3074 τούς

280 3096 423 3183 πατέρας
444 3092 557 3162 αύτων
580 3093 618 3163 ἐκ
632 3097 646 3186 11
660 3098 722 3182 γῆς
740 3096 916 3181 Αἰγύπτου
936 3095 993 3163 καί
1010 3095 1073 3174 ἕως
1094 3099 1153 3182 τῆς
1171 3095 1296 3182 ἡμέρας
1317 3099 1453 3187 ταύ-,μ

283 3337 294 3387 Ι
315 3332 431 3406 ἐποίησε
452 3341 484 3390 W
501 3339 536 3402 13
553 3331 624 3407 άγία
641 3339 675 3407 -Ι-
692 3339 790 3407 γτ113
807 3334 894 3406 πόληι
912 3357 936 3390 τι
952 3341 987 3400 13
1005 3337 1055 3392 καλ
1131 3340 1146 3388 7
1166 3331 1295 3406 ἥκουσαν
1311 3339 1346 3403 >
1365 3358 1404 3407 w,

281 3423 345 3474 vide
364 3424 399 3475 αδ
417 3439 434 3489 p
451 3423 494 3485 43,
512 3423 580 3488 413
599 3418 681 3477 εἶπεν
697 3425 732 3490 >
748 3443 766 3477 x
787 3426 791 3491 1
812 3427 829 3476 4
846 3425 982 3478 σαλεῦσαι
1000 3427 1048 3492 (w)
1066 3431 1125 3490 yut,
1150 3423 1331 3492 σαλευθῆναι
1349 3428 1405 3479 sed

280 3506 310 3557 in
328 3508 452 3574 margine
471 3513 578 3558 tantum
595 3526 613 3558 x
626 3509 663 3572 15
682 3503 776 3562 ἔδωκα
793 3517 840 3575 yzt
854 3509 859 3576 Ι
875 3512 890 3562 5
909 3504 1087 3576 φυλάξονται
1105 3512 1144 3562 xZ
1160 3519 1164 3570 Ι
1180 3511 1195 3559 7
1213 3509 1308 3577 μωσῆς
1325 3521 1376 3576 yzt
1397 3511 1402 3578 1

279 3590 297 3641 9
315 3582 416 3657 ἐξῆρεν
433 3607 460 3656 ι,
479 3581 631 3658 η’φάνησεν
649 3609 673 3643 w
688 3598 693 3654 1
711 3595 742 3647 10
754 3587 889 3662 ἐλάλησεν
901 3613 919 3646 x
933 3597 938 3660 1
955 3596 986 3646 10
1003 3594 1137 3663 μανασσῆ
1153 3601 1200 3659 yut
1215 3594 1220 3658 Ι
1237 3595 1266 3646 11
1281 3589 1313 3648 ἐν
1326 3595 1403 3663 χειρὶ

279 3693 304 3726 w
322 3691 340 3726 a
358 3679 530 3728 correctore?
553 3678 580 3728 in
599 3693 697 3730 rasura
716 3678 720 3745 Ι
743 3680 773 3730 12
792 3672 926 3748 ἐποίησεν
943 3697 960 3731 x
980 3680 985 3746 1
1009 3682 1038 3732 12
1057 3672 1072 3732 ὁ
1089 3678 1123 3746 -1-
1140 3685 1187 3746 yzt
1207 3678 1212 3746 Ι
1233 3680 1264 3734 13
1282 3674 1403 3748 βδελλύ-

280 3777 374 3826 γματα
392 3763 438 3812 wz
457 3761 463 3826 Ι
485 3760 516 3814 13
534 3761 625 3814 ταῦτα
642 3756 678 3815 τά
695 3758 810 3832 πονηρά
827 3782 851 3816 w
871 3765 876 3827 Ι
898 3765 929 3818 13
951 3753 993 3817 dv
1073 3766 1105 3816 14
1123 3759 1289 3831 ἔμπροσθεν
1305 3766 1340 3828 >
1358 3783 1373 3816 τ
1396 3769 1400 3827 1

280 3845 313 3898 13
331 3838 447 3910 ἐποίησε
465 3846 499 3897 W
523 3842 528 3912 Ι
552 3848 585 3897 14
602 3840 763 3915 άμμοραῖος
781 3867 798 3914 γ
823 3848 827 3915 Ι
854 3851 885 3900 14
909 3843 1049 3918 ἐξήμαρτε
1070 3855 1118 3916 yzt
1139 3849 1144 3913 1
1169 3849 1201 3900 14
1219 3843 1269 3901 τὸν
1285 3839 1405 3903 Ἰούδαν

279 3936 357 3996 xm,
375 3928 459 3997 καίγε
479 3925 582 3991 ἰούδας
599 3931 644 4000 w!
660 3935 691 3984 15
715 3924 768 4000 οόγ
785 3923 874 3996 οὕτως
897 3934 931 4002 -1-
948 3953 972 3986 w
994 3933 998 4001 1
1019 3937 1050 3986 17
1068 3926 1175 4003 ῆγῆσαι
1193 3939 1234 3994 τί,
1257 3924 1355 4000 ήγῆοιι
1370 3953 1403 4000 y,

279 4003 300 4084 ῆ
315 4007 416 4084 ήγήσει
434 4017 463 4066 in
476 4017 600 4082 margine
613 4035 632 4084 y
647 4019 651 4082 1
668 4018 707 4069 17.
724 4018 754 4069 18
767 4012 881 4072 ἐντενεῖν
895 4039 919 4072 w
934 4020 939 4086 Ι
956 4021 987 4072 19
1004 4012 1151 4086 άιιαλήψω
1162 4036 1186 4069 w
1201 4018 1206 4084 Ι
1227 4019 1268 4071 19.
1281 4019 1315 4070 20
1326 4009 1404 4071 άπα-

280 4097 402 4170 1ήφεται
421 4116 445 4150 w
465 4100 469 4163 1
489 4099 524 4150 20
540 4091 767 4168 άπαλυφόμενον
784 4119 798 4154 τ
818 4106 823 4168 1
844 4104 878 4156 20
895 4097 943 4158 ἐντί
960 4111 1043 4170 wat,
1067 4094 1126 4156 άπὸ
1139 4103 1176 4168 xl
1196 4101 1272 4161 20l²1
1292 4098 1403 4167 προαύ-

279 4201 336 4240 που
354 4203 403 4249 wx,
422 4178 576 4252 πρόσωπον
592 4186 705 4251 γτ1121
725 4180 878 4254 άντάοομαι
895 4205 930 4256 τι,
947 4181 1093 4256 άτόσομαι
1111 4187 1233 4252 341123
1250 4182 1405 4256 προνομήν

280 4268 330 4323 καί
349 4264 513 4338 διαρπαγήν
529 4275 577 4336 yut
597 4260 652 4336 [δι’
670 4261 807 4339 α’ρτιαγῆν
824 4271 851 4340 t]
873 4275 878 4340 1
898 4275 931 4327 23
953 4273 1043 4326 πόσιν
1060 4291 1078 4326 1
1097 4274 1102 4337 1
1122 4276 1156 4326 24
1174 4265 1227 4326 ὅσα
1245 4273 1280 4337 >
1296 4289 1321 4324 w
1340 4272 1345 4339 1
1366 4275 1402 4326 24

280 4345 401 4408 ἐκοίσαν
419 4359 453 4408 W
473 4355 478 4421 1
497 4356 531 4406 25
548 4371 601 4422 μαι
618 4353 710 4424 νι12δ
728 4348 851 4424 ἐγύτιτου
869 4375 883 4410 τ
