2998 4972
300 409 362 473 196
1349 399 1408 458 ςδῡ

299 593 358 647 τας
387 567 633 653 παρατηρήσεις
656 567 771 652 μωράς
794 564 911 643 οὔσας·
945 564 1002 632 καὶ
1031 573 1184 650 κοσμεῖτε
1211 563 1351 643 ἑαυτούς
1376 567 1408 632 έν

300 671 451 758 ἁγιασμῷ
472 668 528 734 καὶ
549 668 772 754 σωφροσύνῃ,
800 667 889 744 ὅπως
909 669 1040 752 μέτοχοι
1062 667 1122 752 τῆς
1150 665 1341 744 ἀθανασίας
1361 668 1409 733 καλ

301 769 460 839 κοινωνοὶ
481 771 539 854 τῆς
559 773 732 854 βασιλείας
752 773 813 835 τοῦ
833 773 919 834 θεοῦ
938 770 1084 854 γένησθε
1109 767 1165 833 καὶ
1185 766 1249 852 τήν
1274 769 1409 853 ἐπαγγε-

300 878 378 940 λίαν
405 869 510 938 αῦτοῦ
536 872 675 956 λάβητε,
710 868 963 955 ἀναπαυόμενοι
984 869 1041 936 διά
1064 867 1172 954 Ἰησοῦ
1200 873 1339 956 χριστοῦ
1358 871 1410 935 τοῦ

265 979 449 1060 σσωτήρος
476 975 628 1050 αίωνίως.
673 972 720 1058 τῷ
748 962 811 1038 οῦν
838 972 1016 1060 δυναμένῳ
1042 969 1174 1050 ἀνοῖξαι
1199 968 1240 1036 τά
1262 960 1332 1036 ύτα
1350 971 1410 1036 τάν

298 1078 449 1161 καρδιῶν
476 1072 572 1159 ύμοῖν
595 1081 613 1122 *
638 1077 685 1152 είς
719 1072 758 1140 τδ
790 1073 998 1158 εἰσδέχεσθαι
1026 1072 1066 1139 τά
1101 1073 1329 1158 διηκονημένα
1357 1073 1411 1138 τοῦ

298 1181 384 1243 θεοῦ
404 1175 501 1261 λόγια
520 1177 577 1242 διά
594 1199 629 1242 τε
651 1180 712 1241 τοῦ
734 1172 932 1260 εὐαγγελίου
961 1175 1018 1241 καί
1038 1172 1095 1240 διά
1116 1177 1177 1258 τῆς
1197 1175 1409 1250 διδασκαλίας

236 1337 243 1350 ,
294 1277 403 1363 Ἰησοῦ
420 1281 559 1362 χριστοῦ
579 1282 642 1343 τοῦ
660 1281 877 1360 Ναζωραίου,
900 1280 960 1341 τοῦ
981 1277 1235 1361 σταυρωθέντος
1250 1275 1308 1342 ἐπὶ
1325 1282 1411 1343 Ηον

297 1385 373 1446 τίου
400 1380 553 1446 Πιλάτου
580 1377 637 1445 καί
653 1375 806 1462 Ἡράδου
836 1377 893 1444 καλ
918 1378 1139 1463 κοιμηθέντος
1165 1377 1222 1443 καλ
1247 1375 1411 1444 ἀναστάν-

251 1501 281 1551 10
298 1505 354 1559 τος
386 1481 425 1548 ἐκ
455 1485 587 1566 νεκριῦν
618 1481 674 1545 καλ
703 1480 806 1546 πάλιν
840 1480 1024 1563 ἐρχομένου
1060 1479 1115 1546 έπὶ
1145 1483 1324 1566 συντελείᾳ
1356 1483 1411 1546 τοῦ

299 1583 421 1660 αίῶνος
442 1583 525 1668 μετά
551 1581 649 1666 δόξης
673 1581 730 1646 καὶ
752 1582 928 1666 δυνάμεως
946 1585 1072 1666 πολλῆς
1098 1578 1154 1646 καὶ
1176 1578 1255 1658 τοῦς
1280 1582 1345 1665 μὲν
1361 1605 1413 1646 νε-

298 1683 401 1770 κρούς
422 1683 667 1770 ἀνεγείροντος,
688 1688 744 1770 τῳ·
764 1683 877 1770 κόσμῳ
899 1683 936 1749 δὲ
958 1685 1052 1760 τέλος
1073 1683 1267 1766 ἐπάγοντος,
1290 1683 1413 1768 ἑκάστῳ
1485 1765 1486 1776 Ι

298 1787 335 1852 δὲ
362 1785 404 1852 τά
430 1785 514 1870 πρός
540 1784 638 1864 ἀξίαν
663 1782 907 1869 ἀπονέμοντος,
932 1787 979 1871 τῷ
1006 1784 1099 1850 δόντι
1123 1780 1205 1868 ἡμῖν
1233 1783 1413 1870 ἀρραβῶνα

298 1892 356 1972 τῆς
375 1886 589 1964 ἀναστάσεως
614 1885 735 1952 ἑαυτὸν
759 1883 816 1953 καὶ
837 1889 884 1963 είς
911 1883 1078 1971 οὐρανούς
1105 1883 1340 1971 ἀναληφθέντι
1362 1884 1413 1950 διά

248 2007 281 2059 15
298 1993 357 2073 τῆς
379 1987 555 2070 δυνάμεως
576 1989 638 2052 τοῦ
657 1991 744 2054 θεοῦ
764 1989 822 2055 καί
841 1985 966 2073 πατρός
990 1984 1096 2054 αύτοῦ
1117 1985 1171 2052 ἐπ’
1195 1984 1315 2066 ὄψεσιν
1335 1985 1413 2073 ἤμε-

133 2081 137 2089 ’
299 2090 409 2175 τέραις
430 2101 500 2166 τοϊς
521 2093 759 2173 συμφαγσῦσιν
782 2087 874 2176 αύτῷ
901 2087 957 2154 καὶ
981 2093 1187 2174 συμπιοῦσιν
1213 2088 1268 2156 ἐπὶ
1293 2085 1414 2174 ἡμέρας

298 2191 549 2277 τεσσαράκοντα
580 2189 661 2274 μετά
692 2189 730 2256 τό
755 2191 942 2276 ἀναστῆναι
974 2189 1079 2257 αὐτόν
1110 2190 1148 2257 ἐκ
1179 2195 1331 2273 νεκράν,
1360 2191 1414 2256 καλ

299 2294 502 2360 καθεσθέντι
530 2291 569 2357 έκ
597 2293 717 2372 δεξιῦν
753 2297 814 2360 τοῦ
839 2293 972 2377 θρόνου
1006 2295 1065 2376 τῆς
1090 2290 1332 2376 μεγαλωσύνης
1358 2295 1415 2356 τοῦ

299 2394 570 2480 παντοκράτορος
588 2397 676 2460 θεοῦ
697 2392 753 2460 ἐπὶ
774 2399 843 2460 τῶν
858 2397 1042 2479 Χερουβίμ,
1069 2398 1116 2481 τῷ
1136 2391 1322 2460 ἀκούσαντι
1344 2394 1414 2460 Ιίά-

246 2515 282 2568 αθ
297 2503 366 2562 θου
389 2496 427 2562 έκ
450 2496 569 2574 δεξιάν
589 2518 675 2579 μου,
704 2495 766 2573 ἕως
791 2491 835 2562 ἀν
855 2499 910 2561 θοῖ
929 2493 1008 2573 τούς
1035 2494 1179 2582 ἐχθρούς
1199 2513 1263 2561 σου
1285 2492 1415 2561 ὑποπό-

298 2598 375 2662 διον
401 2601 469 2662 τοῖν
497 2597 612 2662 ποδῦν
640 2613 719 2680 σου,
750 2593 791 2663 δν
813 2596 978 2663 ἐθεάσατο
1003 2597 1178 2682 Στέφανος
1199 2595 1218 2663 ό
1240 2596 1414 2681 μακαριό-

297 2720 395 2776 τατος
411 2695 536 2763 ἑστῶτα
555 2697 593 2764 ἐκ
612 2700 732 2777 δεξιάν
746 2703 804 2784 τῆς
824 2699 1010 2784 δυνάμεως,
1033 2698 1089 2765 καλ
1107 2697 1300 2784 ἀναβοήσας
1322 2693 1415 2764 εἶπεν

294 2795 381 2864 Ἰδοῦ
400 2802 523 2883 θεωρεῖ
545 2797 623 2876 τούς
646 2798 813 2885 οὐρανούς
837 2798 1070 2888 ἀνεῳγμένους
1097 2798 1234 2866 καὶτὸν
1255 2799 1334 2866 υίόν
1356 2803 1416 2865 τοῦ

297 2905 383 2967 θεοῦ
408 2899 446 2966 ἐκ
469 2901 589 2979 δεξιάν
613 2901 738 2967 ἑστῦτα
765 2906 826 2967 τοῦ
845 2901 931 2968 θεοῦ
951 2899 996 2979 ὦς
1011 2900 1165 2988 ἀρχιερέα
1190 2901 1329 2968 πάντων
1348 2905 1415 2966 τῶν

246 3023 280 3075 25
298 3005 444 3087 λογικῦν
461 3007 478 3044 *
498 3003 692 3087 ταγμάτων·
717 3001 809 3091 αύτῷ
830 3002 868 3070 τό
888 3005 988 3090 σέβας
1001 3002 1058 3070 καὶ
1075 3001 1096 3090 ή
1116 3001 1340 3088 μεγαλωσύνη
1359 2999 1416 3067 καὶ

365 3227 489 3278 4Matth
510 3226 554 3291 11,
573 3225 626 3280 29?
644 3223 649 3293 Ι
669 3229 686 3279 ό
704 3229 817 3280 Μοσσολ)
835 3227 854 3296 β
873 3227 902 3290 l,
921 3229 969 3278 411
988 3228 993 3294 Ι
1013 3229 1043 3280 11
1061 3229 1153 3280 Μιλθ]
1171 3229 1217 3292 24,
1237 3223 1290 3294 3οΙ
1311 3227 1346 3278 15
1363 3227 1417 3277 Act

367 3309 630 3375 1,9118Ησ1ιτ8,
651 3312 733 3376 1119
755 3313 849 3366 Palm
873 3312 934 3379 110,
961 3313 973 3364 l
1000 3311 1006 3380 Ι
1032 3314 1065 3364 22
1088 3313 1141 3364 Act
1162 3313 1194 3378 7,
1216 3313 1258 3364 55.
1278 3310 1311 3363 56

298 3513 309 3562 1
330 3510 380 3564 καὶ
398 3515 528 3579 κοσμεῖτε
546 3519 623 3579 ιγτλ,
650 3517 780 3583 κοσμεῖτε
799 3509 831 3568 δὲ
850 3516 899 3582 αΙ
929 3506 1094 3574 λαύτοῦςλ
1116 3515 1120 3580 Ι
1140 3516 1156 3565 4
1175 3503 1266 3566 αύτοῦ
1282 3531 1339 3576 wx,
1366 3510 1417 3564 τοῦ

297 3595 371 3648 θεοῦ
388 3603 435 3661 γει
458 3599 463 3659 Ι
483 3599 499 3648 4
517 3587 733 3668 ἀνακαβόμενοι
750 3617 769 3666 γ
789 3602 829 3662 15
848 3587 901 3652 σύν
917 3600 952 3664 >
968 3615 992 3650 w
1013 3606 1018 3664 Ι
1041 3600 1057 3652 6
1076 3595 1224 3662 παράθετε
1243 3591 1367 3658 εἀντοῦς
1387 3589 1416 3658 lt

296 3670 363 3748 ὅλης
386 3680 436 3747 τῆς
460 3680 594 3742 διανοίας
611 3699 641 3736 τε
659 3681 708 3736 καλ
728 3685 822 3753 ψυχῆς
839 3684 873 3751 Ι-
890 3701 923 3750 yn
947 3683 951 3750 Ι
977 3683 994 3734 δ
1017 3677 1184 3750 εἰσδέχεσθε
1202 3701 1233 3744 x.
1256 3677 1415 3748 καταδέχε-

296 3764 368 3816 σθαι
386 3771 432 3831 yzt
447 3765 483 3831 Ιθ
502 3763 691 3834 διητσνιμένα
707 3787 741 3834 γτ
762 3771 767 3834 Ι
788 3771 819 3820 12
836 3759 1043 3836 ἀναγείροντος
1060 3783 1075 3818 τ
1095 3765 1100 3836 Ι
1124 3769 1154 3822 13
1172 3763 1228 3838 πρό
1246 3785 1261 3820 τ
1276 3771 1281 3836 Ι
1297 3769 1331 3819 14
1350 3757 1416 3818 ἱατ-

295 3849 352 3900 τῦν
368 3867 395 3916 y,
414 3841 504 3904 αύτοῦ
521 3850 622 3919 τιΙῙὸ.
638 3852 668 3904 16
685 3846 767 3920 ἡμῶν
783 3871 817 3920 γι
837 3855 842 3919 Ι
864 3853 896 3905 16
912 3853 970 3905 τάκ
987 3849 1196 3919 συμφυγόντων
1213 3871 1247 3919 γτ
1267 3853 1272 3920 Ι
1292 3853 1327 3904 16
1344 3866 1413 3916 συμ-

296 3933 393 3986 πιοῦσι
411 3935 461 3999 W,
480 3932 661 3999 σομπιόντων
677 3955 710 4004 yz
736 3939 741 4002 Ι
765 3939 797 3989 17
815 3937 864 3992 καὶ
882 3945 951 4004 th,
974 3937 1013 4005 τῷ
1029 3955 1062 4004 γε
1094 3939 1097 4004 Ι
1122 3939 1155 3990 18
1172 3931 1351 3990 ταθεσθέντι
1370 3951 1389 3998 y
1410 3969 1413 3987 1

300 4021 329 4070 18
347 4014 543 4089 μεγαλοσύνης
561 4039 578 4073 x
597 4021 602 4085 Ι
625 4021 656 4073 19
673 4015 724 4074 τὸν
743 4020 804 4090 [τοῦ
823 4020 895 4091 corr]
916 4021 1068 4091 χεροοβελμ
1087 4039 1101 4074 τ
1127 4022 1132 4088 Ι
1161 4023 1192 4074 19
1209 4020 1259 4088 τῷ]
1277 4018 1326 4072 κοιλ
1345 4034 1382 4082 yx

295 4106 328 4154 ‘22
345 4098 512 4172 ἀναβοήσας
530 4113 596 4168 th,
626 4102 809 4174 θεασάμενος
830 4101 970 4174 ἀνεβόησε
992 4105 1041 4160 καλ
1058 4123 1092 4170 γε
1117 4107 1122 4170 Ι
1148 4107 1182 4157 22
1205 4099 1268 4159 εἴτε
1286 4106 1321 4154 W
1350 4105 1355 4164 Ι
1382 4100 1417 4150 24

297 4187 372 4239 θεοῦ
388 4191 465 4255 prins
483 4207 539 4253 wx,
558 4180 718 4255 ἀνθρώπου
729 4199 777 4257 γτ1
797 4191 801 4260 Ι
820 4193 854 4244 24
872 4186 977 4246 έστῦτα
991 4183 1019 4259 [ἕ
1030 4192 1055 4258 τΙ
1070 4185 1101 4244 ἐκ
1114 4189 1217 4255 δεξιάν
1228 4207 1261 4255 γι
1276 4188 1281 4254 Ι
1301 4189 1336 4238 24
1358 4184 1417 4234 τοῖν

115 4277 188 4341 ''0'‘
294 4271 329 4333 >
346 4289 370 4320 w
395 4271 399 4338 Ι
423 4275 456 4323 25
474 4269 624 4341 προβάτων
647 4272 697 4327 καλ
713 4275 748 4342 «Ι-
764 4294 788 4327 ιτ
812 4275 818 4344 Ι
844 4277 877 4328 25
895 4267 983 4328 αῦτοίι
1001 4293 1039 4342 w,
1063 4266 1140 4329 αύτά
1156 4293 1187 4338 ιι,
1211 4261 1316 4352 Q
1332 4277 1387 4336 με
1411 4267 1417 4332 Ι

295 4355 329 4403 25
346 4352 525 4422 μεγαλοσύνη
544 4375 560 4407 x
