2994 4972
287 387 345 450 122
1267 382 1286 436 ε
1306 383 1405 436 ιι-ιι

284 565 403 625 σαντες
423 544 643 633 ὑπάρξουσιν.
680 551 712 613 εί
729 547 795 633 γάρ
816 554 858 634 τῇ
879 553 948 615 των
968 551 1100 634 γονέων
1118 550 1270 638 ῥᾳθυμίᾳ
1290 549 1407 616 σῦνει-

284 667 340 716 σιν
369 648 583 733 ἀκολάστοις,
617 651 654 715 oc
675 652 792 727 παίδες
817 648 1067 736 άμαρτήσαντες
1095 649 1157 718 οῦκ
1183 649 1279 718 αῦτολ
1306 653 1408 737 μόνοι

284 751 568 836 κολασθήσονται,
587 749 674 818 άλλά
696 754 752 818 καὶ
774 749 859 837 ὑπὲρ
881 750 995 819 αὑτιῦν
1011 754 1047 818 οί
1064 766 1178 837 γονεῖς
1199 753 1313 820 αὐτῶν
1329 779 1408 838 κρι-

283 853 459 938 θήσονται.
497 852 553 919 διά
574 858 674 920 τοῦτο
695 854 899 933 σπουδάζετε
920 853 992 942 ὥρᾳ
1012 855 1123 939 γάμον
1146 857 1326 940 ζευγνύναι
1349 855 1409 920 καὶ

250 955 535 1022 θσυναλλάσσειν
562 953 664 1038 αὑτά,
694 958 751 1022 ἵνα
779 955 824 1040 μή
847 960 905 1040 τῆς
928 952 1058 1040 ἡλικίας
1084 956 1123 1022 έν
1147 961 1190 1042 τῇ
1211 955 1302 1042 άκμῇ
1325 981 1409 1022 νεα-

284 1057 403 1142 ζοῦσης
433 1061 495 1141 ἔθη
525 1057 722 1143 πορνοκόπα
750 1057 880 1142 άποβῇ,
913 1058 970 1123 καὶ
1002 1055 1096 1140 ὑμεῖς
1127 1056 1409 1142 άπαιτηθήσεσθε

284 1157 344 1224 τόν
383 1157 485 1242 λόγον
518 1159 557 1224 έν
592 1163 633 1244 τῇ
667 1156 773 1246 ἡμέρᾳ
810 1163 868 1244 τῆς
906 1163 1046 1244 κρίσεως
1083 1156 1150 1224 ὑπό
1184 1165 1307 1244 κυρίου
1344 1165 1411 1226 τοῦ

283 1264 380 1326 θεοῦ.
424 1260 501 1344 περὶ
516 1262 554 1326 δέ
570 1263 711 1326 οίκετῦν
733 1265 769 1326 τί
785 1257 829 1326 άν
848 1267 1002 1344 είποιμεν
1022 1265 1157 1342 πλεῖον,
1178 1257 1266 1346 ἤδει
1287 1264 1345 1327 καὶ
1366 1259 1387 1328 6
1405 1268 1458 1348 [12

284 1363 407 1438 δοῦλος
441 1356 578 1428 εὔνοιαν
614 1363 794 1448 είσφερέτω
824 1367 870 1440 είς
900 1363 960 1430 τόν
988 1361 1156 1448 δεσπότην
1182 1361 1265 1446 μετά
1293 1363 1411 1450 φόβον

237 1481 268 1532 Ιθ
283 1468 387 1546 θεοῦ,
411 1459 478 1530 κάν
499 1461 622 1549 άσεβῆς
650 1460 715 1530 κάν
736 1464 883 1550 πονηρός
905 1462 1055 1549 ὑπάρχῃ,
1078 1461 1189 1530 οὑτιέτι
1212 1465 1327 1547 μέντοι
1351 1465 1412 1530 καὶ

285 1563 446 1649 ὁμόνοιαν
476 1565 559 1630 κατά
587 1563 650 1650 τήν
676 1570 875 1650 θρησκείαν.
922 1567 979 1633 καὶ
1008 1563 1026 1631 6
1054 1565 1218 1651 δεσπότης
1244 1564 1411 1649 άγαπάτω

284 1667 344 1732 τόν
369 1667 520 1750 οἰκέτην,
550 1663 616 1733 κάν
643 1668 807 1753 διάφορος
835 1658 874 1754 ᾖ,
908 1665 946 1734 τό
974 1673 1049 1733 λσον
1076 1668 1217 1752 κρινέττι
1248 1669 1320 1733 εί*
1345 1666 1411 1732 ἄν-

283 1777 423 1854 θρωπος
450 1765 603 1853 ὑπάρχει.
649 1767 667 1836 6
694 1770 731 1835 δὲ
754 1767 874 1836 πιστόν
897 1773 983 1854 έχων
1004 1769 1190 1854 δεσπότην,
1220 1769 1412 1853 σωζομένης

285 1867 376 1956 αὐτῷ
397 1873 455 1954 τῆς
478 1879 614 1954 κυρίας,
646 1869 805 1954 ἀγαπάτω
833 1870 891 1935 καλ
918 1867 963 1947 ιός
984 1869 1152 1955 δεσπότην
1174 1870 1231 1936 καλ
1252 1868 1297 1948 αἱς
1325 1867 1409 1954 ὑμό

235 1987 266 2040 15
286 1989 405 2035 πιστον
436 1971 492 2035 καὶ
523 1967 567 2046 άς
593 1973 736 2056 πατέρα,
770 1972 815 2056 μιΙ
845 1968 890 2049 άς
919 1970 1220 2058 όγθαλμόδονλος,
1251 1969 1325 2038 ἀλλ’
1363 1969 1410 2049 ως

285 2071 545 2156 φιλοδέσποτος,
574 2070 670 2149 είδοῦς
698 2073 748 2139 ότι
775 2072 793 2138 6
817 2073 899 2151 θεός
924 2071 1016 2160 αὐτῷ
1043 2072 1106 2159 τήν
1133 2075 1412 2158 μισθαποδοσίαν

284 2172 440 2238 άποτίσει
456 2177 514 2256 τῆς
534 2169 726 2258 ὑπηρεσίας.
768 2174 926 2252 ώσαὺτως
943 2175 980 2240 δέ
1003 2172 1095 2240 καὶὸ
1116 2175 1232 2260 κάριος
1250 2171 1269 2241 6
1286 2172 1411 2240 πιστόν

287 2279 373 2358 ἔχων
394 2275 537 2360 οἰκέτην,
562 2277 748 2362 σωζομένης
769 2275 861 2362 αὐτῷ
884 2281 942 2361 τῆς
962 2280 1159 2362 θεραπείας,
1183 2274 1344 2360 άγαπάτω
1366 2273 1412 2352 ὥς

285 2373 404 2462 vtem?
426 2373 470 2453 άς
488 2375 641 2462 άδελφόν
667 2377 723 2443 διά
750 2376 812 2462 τιΙν
833 2383 892 2462 τῆς
913 2382 1055 2454 πίστεως
1075 2382 1268 2444 κοινωνίαν.
1291 2379 1295 2464 Ι
1316 2377 1456 2464 πάση13

233 2495 267 2545 20
286 2482 439 2564 βασιλείᾳ
461 2477 517 2543 καλ
538 2476 625 2565 άρχβ
646 2475 834 2564 ὑποτάγητε
856 2478 972 2555 καθώς
990 2477 1125 2563 άρέσκει
1146 2484 1235 2566 θεῷ,
1255 2476 1300 2556 άς
1320 2486 1412 2546 θεοῦ

285 2579 457 2655 διακόνοις
479 2579 535 2644 καὶ
551 2585 620 2646 ταῖν
637 2579 771 2666 άσεβοῦν
786 2593 956 2666 τιμωροῑς·
980 2582 1090 2646 πάντα
1106 2582 1217 2668 φόβον
1232 2580 1292 2646 τόν
1310 2578 1411 2665 όφει-

286 2681 431 2765 λόμενον
449 2679 563 2758 αὑτοῖς
578 2681 857 2768 άποπληράσατε,
876 2687 989 2749 πᾶσαν
1006 2683 1187 2768 είσφοράν,
1211 2688 1280 2748 πάν
1300 2683 1409 2762 τέλος,

285 2787 398 2848 πᾶσαν
413 2782 523 2868 τιμήν,
535 2789 552 2824 *
564 2783 673 2868 δόσιν,
692 2789 830 2869 κῆνσον.
860 2789 947 2850 θεοῦ
956 2783 1021 2869 γάρ
1036 2789 1135 2850 τοῦτο
1150 2785 1326 2868 διάταγμα,
1343 2809 1410 2868 μη-

285 2887 362 2950 δενί
374 2909 405 2950 τι
419 2897 611 2970 χρεωστεῑν,
636 2889 668 2951 εί
680 2887 723 2970 μὴ
743 2883 782 2950 τό
796 2890 854 2970 τῆς
876 2889 991 2969 φιλίας
1008 2888 1036 2968 *,
1061 2883 1080 2950 6
1102 2882 1214 2962 όθεός
1233 2885 1410 2964 διετάξατο

234 3005 267 3054 25
286 2985 341 3054 διά
357 2991 374 3028 *
390 2991 538 3072 χριστοῦ.
560 2995 564 3069 Ι
584 2987 661 3074 περὶ
676 2988 713 3053 δὲ
729 2992 918 3072 παρθενίας
936 2986 1078 3072 ἐντολὴν
1093 2984 1154 3052 οῦκ
1173 2987 1352 3070 ἐλάβομεν,
1370 2991 1411 3072 τῇ
1422 3001 1454 3059 λλ

283 3089 321 3154 δέ
351 3094 419 3154 τοῦν
446 3089 666 3174 βουλομένων
688 3091 823 3174 ἐξουσίᾳ
850 3093 949 3155 τοῦτο
977 3088 1199 3173 ἐπιτρέπομεν
1226 3084 1270 3164 ὦς
1293 3083 1409 3173 εὐχήν,

285 3191 396 3258 έκεῖνο
417 3191 525 3276 μόνον
544 3189 658 3268 αὐτοῖς
681 3193 943 3278 παραινοῦντες,
966 3188 1010 3276 μή
1041 3194 1225 3276 προχείρως
1246 3213 1277 3254 τι
1301 3188 1408 3272 έπαγ-

352 3313 385 3364 20
403 3313 471 3365 Rom
493 3314 538 3378 13,
557 3315 641 3378 4123
658 3315 727 3366 Rom
749 3313 829 3378 13,8

286 3407 373 3482 Ῑγάρ
392 3421 471 3480 xyzt,
492 3410 524 3466 δὲ
542 3433 566 3465 w
593 3413 598 3483 Ι
626 3415 693 3483 Ῑτῇ
759 3418 775 3466 2
793 3405 1022 3482 άμαρτήοαντες]
1041 3407 1094 3480 τὴν
1112 3413 1168 3466 τῦν
1185 3409 1294 3480 γονέων
1312 3406 1408 3478 βαθυ-

285 3499 356 3564 μίαν
374 3497 496 3564 γνόντες
514 3495 544 3551 οί
561 3500 665 3560 παῖδες
683 3493 887 3566 άμαρτήοωοιν
905 3517 927 3550 w
944 3503 948 3564 Ι
966 3502 977 3550 l
999 3495 1107 3564 γονέων
1125 3515 1175 3559 wx,
1194 3493 1355 3564 γινομένων
1366 3515 1408 3564 ςτ,

285 3579 462 3650 γειναμένων
480 3591 492 3635 t
507 3583 510 3648 Ι
525 3585 542 3636 3
559 3575 633 3636 άλλά
701 3579 893 3651 κριθήσονται
911 3585 945 3648 >
964 3585 993 3648 λΙ
1009 3587 1033 3636 5.
1053 3583 1070 3634 θ
1087 3577 1243 3649 νεαζοόσης
1261 3601 1310 3642 wx,
1329 3575 1407 3645 ζεοό-

285 3683 336 3735 σης
353 3675 399 3733 yzt
415 3669 451 3731 16
469 3665 544 3736 ἔθνη
563 3671 653 3730 Wh,
673 3663 747 3722 αὑτά
767 3663 820 3736 μέν
838 3687 871 3734 γε
893 3666 996 3734 Ιόιιαὶ
1013 3660 1097 3731 ὑμεῖς
1116 3677 1179 3730 wat,
1197 3661 1280 3735 ὑμεῖς
1298 3661 1329 3718 δέ
1350 3685 1384 3730 γε
1403 3665 1407 3732 Ι

283 3753 300 3804 6
318 3744 502 3822 άτιαιτηθητε
520 3771 554 3820 γε
575 3753 578 3820 Ι
597 3755 614 3805 8
632 3749 720 3807 πλέον
739 3773 762 3804 w
782 3753 787 3818 Ι
806 3755 823 3805 9
841 3749 883 3813 είς
902 3771 959 3818 wx,
980 3747 1051 3817 πρὸς
1067 3753 1133 3818 γτιΙ
1151 3753 1182 3802 10
1199 3745 1322 3818 ὑπάρχει
1341 3769 1385 3802 να
1404 3751 1408 3814 Ι

287 3839 317 3889 12
336 3854 351 3889 ο
371 3840 486 3892 alterum
507 3843 535 3891 in
555 3838 697 3906 διάφορος
715 3841 789 3906 apud
807 3856 831 3889 w
849 3840 877 3889 in
897 3855 1002 3901 rasura,
1023 3829 1189 3902 άδιάφορος
1206 3855 1224 3888 x
1248 3836 1252 3902 Ι
1280 3839 1311 3888 12
1329 3832 1358 3887 εί
1376 3853 1407 3896 w,
1486 3859 1487 3878 ι

284 3912 305 3990 ἢ
322 3911 716 3990 ιλ,ἦγτ112καθὸιΙ-εΙ
736 3925 767 3974 14
784 3922 901 3986 κορείας
913 3926 952 3988 yZ
968 3926 973 3987 Ι
990 3925 1021 3974 17
1041 3917 1073 3974 δὲ
1091 3924 1125 3986 >
1142 3922 1209 3988 yut!
1227 3922 1256 3972 17
1275 3913 1377 3984 κάρισο
1394 3937 1408 3970 τ

285 4005 289 4074 Ι
310 4007 344 4059 20
362 4002 462 4069 κριθάς
480 4027 530 4074 wx,
551 4003 582 4062 έν
600 4005 645 4067 οἶς
662 4015 709 4072 yzt
729 4009 734 4073 Ι
754 4005 788 4056 23
806 4007 903 4059 πάσαν
920 4009 953 4075 -Ι-
971 4009 1025 4074 γτΙ
1044 4009 1086 4060 ⁶23.
1100 4009 1132 4058 λλ
1151 3999 1244 4074 μηδὲν
1262 4023 1295 4067 w,
1314 3999 1409 4070 μηδὲν

283 4111 316 4159 y,
336 4111 394 4160 γρφ
412 4094 518 4161 μηδενλ
536 4111 631 4160 margo
648 4109 680 4157 y,
705 4087 814 4157 μηδενό
832 4107 846 4144 τ
867 4091 871 4158 Ι
891 4095 924 4143 ’λλ
943 4092 974 4158 μλ
994 4111 1017 4144 w
1038 4093 1042 4157 Ι
1061 4095 1094 4144 24
1119 4087 1263 4156 οῦμβολον
1279 4089 1314 4156 -Ι-
1330 4096 1380 4154 yn
1485 4127 1486 4152 ,

284 4181 318 4230 25
337 4174 421 4245 ίηοοῦ
437 4179 472 4246 -Ι-
489 4197 522 4244 γτ
538 4177 542 4240 1
558 4179 591 4228 ’25
609 4175 789 4239 παρθενείας
807 4184 836 4227 xt
851 4177 855 4244 Ι
869 4179 904 4228 26
916 4172 986 4244 εὐχὴ
1000 4195 1024 4228 w
1039 4175 1045 4244 Ι
1059 4179 1092 4228 27
1109 4171 1200 4242 μόνον
1214 4191 1263 4236 wx,
1283 4167 1336 4238 μέν
1355 4159 1409 4224 οὑν

284 4268 344 4326 yzt,
368 4280 427 4329 γρφ
449 4280 499 4315 και
522 4255 616 4314 έκεῖνο
638 4257 712 4327 μόν..
733 4277 827 4327 margo
850 4281 867 4328 y
895 4263 898 4328 Ι
925 4265 958 4312 ’λλ
976 4255 1081 4322 αὑταῖς
1099 4279 1133 4328 γι
1160 4261 1165 4320 Ι
1191 4259 1226 4308 21
1251 4255 1408 4323 παραιτοῦ-

285 4361 339 4412 μεν
360 4363 394 4413 γε
419 4343 424 4414 Ι
444 4347 476 4396 27
495 4346 611 4416 p123‚1
633 4337 845 4414 ἐπαγγείλασθε
862 4363 896 4414 γε
