3120 4980
140 318 270 372 XXXVI

209 501 249 553 21
275 503 437 580 μυστήρια.
456 532 496 542 -
517 499 615 578 στόμα
633 497 682 557 καί
698 500 716 566 ἡ
733 493 869 578 γλῶσσα.
886 492 962 576 λοιμ.
982 499 1029 554 καί
1046 497 1144 576 μεστά
1161 497 1205 555 ίοῡ
1222 493 1324 554 θανά-

275 624 337 664 του.
368 619 448 696 γοα
470 625 528 666 zur
550 600 699 688 urgesch.
718 599 748 664 d.
766 599 941 665 Annenier
956 599 1031 664 475.

210 719 250 770 26
277 721 350 795 post
366 716 486 797 ἀντίχρ.
504 708 575 774 αδδ.
595 711 712 794 εδλογεῖ
727 715 912 795 κατάρατος.

209 827 250 880 29
275 824 326 882 ὑπ.
343 825 361 890 ἦ
379 824 415 884 σί.

209 935 249 988 30
275 933 377 992 πάντα
398 932 424 990 εἰ
444 927 540 1011 ψευδῆ
557 931 635 990 ἐστιν
653 931 673 990 ἃ
691 928 771 991 εἶπον
788 933 930 1013 περὶτῶν
946 932 1121 1014 αίρετινιῶν·
1146 931 1172 989 εί
1185 925 1223 989 ’δὲ
1239 935 1323 988 τισὶν.

208 1043 246 1098 31
274 1056 379 1122 neque
395 1035 577 1099 συνευδοκεῖν
600 1044 705 1121 neque
727 1035 918 1122 συνδραμεῖν,
941 1033 998 1099 sed
1018 1037 1188 1100 πείθεσθαι
1212 1039 1323 1106 αὐτοῖς.

140 1142 184 1206 42
231 1151 249 1204 4
274 1147 390 1230 Πρῖμος
405 1165 480 1207 mox
498 1150 516 1206 ὁ
535 1147 702 1232 αίρίσεωνῖί
726 1148 816 1208 αύτδν
832 1173 858 1203 ιν
875 1154 907 1208 et
923 1143 1115 1228 βαπτίζεται.

212 1259 250 1313 10
276 1269 467 1322 mmmm
483 1250 577 1314 etiam
588 1248 622 1334 S,
637 1275 734 1339 quum
747 1250 960 1340 Adramyttus
972 1251 1013 1316 sit
1024 1271 1143 1349 ηγιγγιριγ
1154 1251 1325 1343 osso>

211 1368 247 1421 11
276 1361 418 1443 οὶδίκιμον
436 1364 487 1440 †.
513 1360 552 1424 ef.
569 1361 622 1442 40,
644 1362 694 1426 14.

213 1476 250 1532 12
276 1468 416 1541 Νυύατος
442 1466 651 1555 (Νοναῖίοσοε
675 1489 745 1534 esse
766 1468 853 1557 apud
874 1467 941 1532 Bar
965 1467 1138 1534 Bahlulum
1161 1491 1225 1533 non
1247 1468 1327 1532 vidit

302 1574 339 1640 Ε.
358 1573 517 1640 castellus
538 1599 570 1664 p.
587 1575 653 1642 548
671 1575 721 1644 ed.
737 1576 851 1666 Mieh.)
876 1582 936 1642 σἰπδ
952 1593 1126 1648 1213111311
1144 1579 1234 1642 εἶπεν.

212 1693 249 1748 13
275 1695 389 1772 νροῡσιν
415 1691 457 1749 δτι
481 1689 511 1747 ἓν
527 1690 617 1769 μόνον
634 1689 712 1750 ἐστίν
730 1691 759 1749 ἐν
776 1701 812 1770 τῇ
829 1685 969 1768 ἐκκλησία
985 1696 1131 1772 σωτήριον
1148 1686 1323 1771 βάπτισμα.

212 1803 249 1856 17
277 1797 338 1859 σἰπδ
354 1804 409 1860 τοῦ
425 1795 533 1878 κλήρου
551 1798 653 1858 αὐτῶν
670 1796 823 1868 ἐλθόντας
839 1793 970 1867 λαῖκοὺς.

213 1910 250 1964 19
276 1903 371 1966 εἶπεν·
397 1905 439 1964 Tc}
457 1901 621 1986 βάπτισμα
638 1903 664 1965 δ.

209 2018 250 2071 20
277 2014 311 2073 αί
326 2011 413 2074 θεῖαι
429 2019 561 2097 γραφαί.

211 2125 251 2178 22
278 2118 475 2201 Σολομῶντος
494 2125 560 2204 περὶ
577 2123 694 2181 αὐτῶν·
720 2121 765 2192 δς.

211 2233 251 2288 23
277 2231 426 2310 ποιμαίνει
444 2231 493 2291 ἀν.
515 2234 564 2290 καί
583 2231 675 2300 αὐτὸς
693 2227 789 2291 διώκει
806 2231 907 2314 ὄρνεα.

211 2343 250 2395 27
279 2335 439 2420 ἀλλοτρίας
455 2342 497 2418 μὴ
515 2337 602 2415 πῖθι,
625 2339 683 2398 ίνα.

210 2451 251 2506 28
277 2467 322 2507 σοι
338 2447 390 2517 ίτη
408 2445 503 2518 ζωῆς·
528 2451 577 2506 καί
595 2448 624 2507 ἐν
642 2453 685 2525 τῷ
702 2444 869 2530 εὐαγγελίῳ
887 2451 916 2508 ίν
933 2444 1120 2529 θείῳλσγίῳ
1137 2447 1152 2506 δ
1168 2469 1196 2506 κ.

211 2560 251 2614 30
277 2557 339 2616 ἔστι
357 2550 389 2615 δὲ
406 2558 440 2614 τδ
457 2560 489 2616 et
507 2560 545 2614 31
566 2556 648 2641 δπιρ.
666 2557 769 2617 ἐπάνω
785 2565 846 2616 τῶν
863 2553 995 2618 ὑδάτων.

211 2668 251 2722 32
277 2661 328 2724 οὖν
343 2660 512 2746 λογίζονται
528 2659 581 2724 vel
604 2663 819 2744 ἐνθυμοῦνται.
846 2669 934 2725 (1133
952 2660 1183 2745 λαμβάνοντας.

144 2770 186 2833 43
237 2778 251 2832 1
279 2775 377 2856 σαφές
394 2773 454 2833 ἑστι
471 2775 602 2858 ρανερδν
623 2777 671 2833 καί
688 2778 786 2858 σαρῖς
803 2771 879 2834 εἶναι
894 2774 1044 2855 ἑκάτερον.

234 2887 251 2939 2
277 2885 460 2962 πνεύματος.
487 2878 533 2944 δεῖ
554 2887 586 2942 et
610 2887 627 2940 3
652 2879 802 2964 λέγωνται
817 2881 905 2943 θεοῦ.

235 2994 253 3049 5
280 2989 413 3060 κλήσεως
429 2993 527 3070 ἡμῶν.

235 3105 252 3158 6
278 3100 307 3160 ἐν
324 3105 381 3180 μιᾷ
401 3097 552 3179 ἐκκλησίᾳ.

215 3213 253 3266 10
281 3209 377 3286 ἐστιν,
395 3209 438 3278 ὡς
454 3205 531 3290 λέγει
549 3211 564 3270 δ
582 3205 761 3278 ἀπόστολος.
779 3242 823 3252 -
839 3204 872 3268 δέ
887 3231 922 3265 ω.

214 3321 252 3376 12
281 3313 385 3392 ζῆλος,
408 3315 525 3398 θυμὸς,
542 3315 688 3402 θόρυβοι,
707 3314 911 3400 διχοστασίαι.

216 3429 254 3482 13
281 3421 313 3484 δὲ
329 3443 388 3508 pro
406 3423 466 3486 οὖν.

218 3537 255 3590 14
283 3535 343 3615 αίρ.
362 3537 411 3592 καί
428 3539 498 3604 τοὺς
514 3539 750 3618 σχισματινισύς·
773 3530 825 3594 δισὶ
840 3543 939 3594 τουτο.

215 3645 254 3700 15
281 3639 357 3702 ίνυιλ.
377 3643 507 3723 ἀμώμου
524 3639 623 3724 βαπτ.

216 3755 254 3808 16
281 3747 473 3834 ἁμαρτωλῶν
495 3755 544 3811 ναί
562 3759 728 3834 σαρκικῶν,
751 3747 877 3812 abiecta
891 3767 970 3812 voce
986 3751 1068 3812 εἰσιν.

217 3864 254 3916 17
283 3857 562 3943 κατακριθήσσνται
583 3861 632 3935 -{-.

217 3971 255 4026 18
284 3967 495 4051 Ουἀνουσίριος
510 3963 562 4028 vel
578 3963 767 4051 Βανουάρισς
783 3970 844 4029 ἀπὸ
864 3958 983 4037 132115.

214 4081 255 4134 26
281 4076 453 4160 πορευθυτε
471 4075 521 4138 οὖν
537 4075 781 4157 μαθοτείσατελ
797 4095 842 4136 vs.
863 4081 910 4152 23Ι
924 4075 974 4140 οὖν
991 4096 1033 4136 ενι
1052 4079 1114 4138 ἔστι
1132 4074 1178 4138 δὲ.

216 4189 254 4244 31
281 4189 436 4266 μανίντας
453 4189 503 4246 καί
521 4183 750 4269 μωρανθίντας
764 4191 813 4246 καί
830 4181 900 4259 ίξω.

217 4297 256 4352 32
282 4290 441 4375 βαπτίζειν
457 4300 507 4356 καῖ
525 4293 662 4377 ἁγιάζειν
678 4300 942 4378 προσερχομένους
957 4305 993 4375 τῇ
1010 4293 1150 4372 ίιυιλησίᾳ
1165 4291 1328 4381 δρείλσμεν.

216 4405 256 4460 33
282 4416 409 4487 σ’ρσντρ
440 4406 500 4465 ἀπὸ
528 4417 644 4490 wip·
684 4420 744 4486 pro
770 4402 893 4486 Κρήτης
920 4407 1042 4464 eertum
1069 4398 1197 4464 videtur
1217 4405 1329 4488 Κίρτης

280 4507 502 4594 reponendum
517 4531 596 4572 esse.
