2998 4972
93 437 110 488 ο
127 419 230 473 31-3‘2
1148 428 1212 493 269

92 585 415 672 προσδεχέσθωσαν,
438 583 482 672 μη
498 587 696 672 πευθόμενοι
709 588 747 653 δὲ
763 585 1085 673 άποβαλλέσθωσαν.
1124 594 1211 656 παλ-

93 688 177 773 λακη’
190 709 285 764 τινος
300 684 446 754 ἀπίστου
461 694 477 730 *
494 687 611 774 δούλη,
634 688 754 777 ἐκείνῳ
771 689 864 778 μόνῳ
878 692 1103 775 σχολάζουσα,
1125 713 1210 776 προ-

93 791 280 876 σδεχέσθω·
306 792 337 855 εί
356 790 394 855 δὲ
408 789 465 855 καὶ
479 788 564 875 πρὸς
580 790 704 868 ἄλλους
725 789 927 874 άσελγαίνει,
951 789 1206 876 άποβαλλόσθω.

90 891 209 968 πιστός
236 891 298 957 έδν
323 895 381 978 έχη
404 891 599 978 παλλακήν,
628 896 659 959 εί
679 892 743 977 μέν
768 892 913 978 δοῦλην,
942 893 1132 960 παυσάσθω
1154 893 1210 960 καλ

91 993 184 1082 νόμω
207 997 364 1077 γαμείτω,
389 996 420 1059 εί
439 995 477 1060 δὲ
495 993 693 1080 ἐλευθέραν,
715 996 898 1079 έκμαμείτω
920 992 1027 1080 αὐτην
1050 995 1159 1083 νόμιμ’
1179 997 1244 1062 είσ

90 1095 126 1160 δέ
148 1095 213 1178 μή,
237 1093 493 1180 ἀποβαλλέσθω.
531 1095 727 1181 ,ἑλληνικοῖς
754 1121 804 1174 τις
829 1100 947 1164 έθεσιν
972 1096 1210 1177 έξακολουθῦν

88 1191 110 1281 ἢ
123 1199 311 1274 ίουδαθιοτς
321 1196 443 1282 μύθοις
457 1194 481 1284 ἢ
495 1197 727 1283 μετατνθέσθω
740 1194 764 1284 οΙ
779 1195 1036 1283 ἀναβαλλέσθω.
1063 1205 1210 1284 θεατρο-

90 1303 193 1387 μανίμ
213 1305 248 1365 εί
264 1323 314 1376 τις
332 1299 527 1387 πρόσκειται
547 1294 571 1384 ἢ
592 1295 806 1385 κυνηγίοιςῆ
829 1301 1063 1386 ἱπποδρομίαις
1082 1295 1211 1384 ἢάμῦ-

91 1419 163 1484 σιν,
192 1395 216 1484 ἢ
238 1396 471 1486 παυσάσθωύ
494 1401 750 1489 ότοβαλλέσθω.
796 1398 814 1468 δ
839 1403 971 1487 μέλλων
993 1407 1210 1487 κατηχεϊσθαι

89 1507 165 1587 τρία
187 1505 244 1587 έτη
261 1506 486 1588 κατηχείσθω·
511 1507 543 1570 εί
555 1507 592 1571 δὲ
610 1504 794 1588 σπουδαῖός
811 1529 862 1582 τις
881 1494 976 1590 ᾖκαλ
994 1502 1131 1570 εῦνοιαν
1151 1507 1262 1589 ἔχηιο

90 1603 168 1691 περὶ
189 1603 230 1670 τό
255 1608 409 1689 πρᾶγμα,
438 1607 691 1693 προσδεχέσθω·
722 1607 771 1674 δτι
795 1605 855 1693 οὐχ
886 1603 904 1672 ό
927 1605 1063 1692 χρόνος,
1092 1603 1167 1670 ἀλλ’
1192 1601 1211 1670 ό

88 1706 215 1791 τρόπος
238 1711 399 1792 κρίνεται.
446 1703 464 1772 ό
485 1709 657 1774 διδάσκων
679 1712 710 1776 εί
730 1708 788 1776 καὶ
807 1707 922 1786 λαικδς
943 1697 976 1795 ᾖ,
999 1711 1153 1794 έμπειρος
1171 1707 1210 1774 δὲ

90 1811 153 1873 τοῦ
174 1807 279 1892 λόγου
298 1807 355 1874 καὶ
375 1807 436 1874 τδν
457 1810 585 1895 τρόπον
606 1811 744 1896 σεμνός,
767 1812 966 1878 διδασκέτω·
989 1813 1124 1877 ἔσονται
1144 1807 1210 1893 γάρ

90 1909 215 1987 πάντες
230 1910 382 1978 διδακτοὶ
399 1914 497 1978 θεοῦ.
542 1917 607 1990 πᾶς
622 1909 772 1998 πιστδςῆ
788 1913 900 1998 πισπΙ,
914 1911 1025 1979 ἕωθεν
1040 1909 1211 1978 ἀναστάν-

90 2035 143 2089 τες
160 2011 196 2092 ἐξ
210 2011 335 2095 ῦπνον,
358 2011 423 2100 πρό
436 2017 498 2080 τοῦ
514 2015 531 2054 *
547 2017 648 2100 ἔργον
666 2014 852 2082 ἐπιτελέσαι
866 2015 1047 2099 νιψάμενοι
1062 2031 1210 2099 προσεν-
1230 2027 1261 2079 ισ

90 2115 288 2200 χέσθωσαν·
324 2118 356 2182 εί
387 2116 426 2181 δέ
457 2139 507 2193 τις
529 2117 633 2201 λόγου
659 2117 840 2205 κατήχησις
865 2119 1018 2202 γένηται,
1048 2138 1211 2202 προτιμη-

90 2215 184 2282 σάτω
211 2219 273 2282 τοῦ
298 2219 400 2300 ἔργον
429 2216 489 2284 τόν
519 2218 621 2303 λόγον
645 2224 704 2304 τῆς
731 2217 911 2303 εὐσεβείας.
957 2215 976 2284 ό
1002 2216 1117 2294 πιστὸς
1146 2212 1210 2302 ἦῆ

91 2315 194 2403 πιστὴ
217 2330 286 2395 τοῖς
311 2319 454 2396 οἰκέταις
482 2317 630 2404 εὐμενοῦς
657 2321 929 2406 προσεχέτωσαν,
958 2317 1073 2396 καθδς
1092 2317 1149 2384 καὶ
1171 2318 1211 2384 έν

91 2431 162 2497 τοσς
186 2424 396 2506 προλαβοῦσι
419 2421 643 2506 διεταξάμεθα
672 2417 730 2488 καὶ
760 2423 798 2488 έν
825 2433 898 2498 ταῖς
920 2421 1109 2498 ἐπιστολαῖς
1140 2418 1210 2486 έδι-

44 2531 80 2594 32
91 2521 252 2606 δάξαμεν.
272 2523 278 2610 Ι
298 2521 362 2607 έγτδ
376 2524 505 2610 Πέτρος
527 2522 583 2590 καὶ
600 2521 665 2608 ἐμοὶ
681 2527 818 2601 Παῦλος
836 2521 1088 2608 διατασσόμεθα
1106 2525 1125 2564 *
1136 2522 1211 2609 Ἑρ
1227 2537 1262 2588 2⁰

89 2624 311 2708 μαζέσθωσαν
335 2625 372 2690 οί
389 2627 507 2691 δοῦλοι
529 2626 627 2692 πέντε
648 2622 787 2711 ἡμέρας,
818 2625 989 2711 σάββατον
1010 2625 1047 2691 δὲ
1071 2625 1127 2691 καὶ
1148 2647 1211 2690 κν-

91 2723 218 2811 ριακήν
239 2727 488 2810 σχολαζέτωσαν
509 2727 548 2793 έν
574 2731 616 2814 τῇ
634 2728 795 2814 ἐκκλησίᾳ
819 2723 876 2794 διδ
905 2723 967 2812 ττΙν
988 2728 1211 2795 διδασκαλίαν

91 2831 151 2912 τῆς
180 2825 366 2912 εὐσεβείας·
394 2826 433 2896 τδ
453 2832 517 2914 μὲν
541 2829 606 2915 γάρ
635 2830 807 2914 σάββατον
832 2835 970 2914 ελπομεν
991 2830 1212 2915 δημιουργίας

83 2929 200 3013 ,λόγον
226 2933 332 3014 έχειν,
364 2929 427 3016 τήν
452 2931 490 2998 δὲ
518 2930 686 3017 κνριακιΙν
711 2929 937 3009 ἀναστάσεως.
981 2929 1044 3016 ττΙν
1060 2929 1211 3015 μεγάλην

91 3031 265 3118 ἑβδομάδα
286 3037 399 3098 πάσαν
420 3032 476 3100 καὶ
489 3031 552 3118 τιΙν
577 3031 649 3119 μετ’
671 3029 779 3117 αὐτὴν
799 3032 1008 3120 άρμείτιισαν
1029 3033 1066 3098 oc
1077 3033 1209 3098 δοῦλοι·
1228 3045 1263 3096 νο

163 3205 195 3258 ιε
214 3205 264 3258 105
281 3204 306 3272 6,
327 3208 485 3274 55:155·
505 3209 552 3273 τι,
572 3207 603 3260 13

92 3381 108 3430 2
126 3393 225 3430 rasura
244 3391 293 3428 εει
309 3375 452 3428 literarum
471 3393 561 3444 capax
579 3395 602 3428 w
618 3379 622 3444 Ι
642 3379 658 3426 2
675 3373 753 3444 μόνω
769 3376 804 3441 >
822 3375 846 3427 Χ
866 3378 870 3442 Ι
891 3376 946 3428 23
963 3370 1212 3444 πρασεδεχέσδωλ

92 3465 95 3528 Ι
118 3467 135 3514 4
154 3457 214 3528 έχει
232 3478 256 3512 w
271 3461 307 3526 14
324 3456 459 3530 παλακην
477 3463 580 3514 habere
597 3463 697 3513 videtur
709 3478 733 3511 w
749 3462 753 3526 Ι
768 3462 784 3511 4
799 3456 908 3528 δαῦλην
919 3467 976 3528 xyt,
996 3457 1085 3528 δοῦλη
1099 3454 1176 3514 ἐστίν
1187 3479 1211 3512 w

95 3551 98 3612 Ι
122 3551 140 3600 4
157 3539 321 3611 παυσάσθω
337 3563 356 3612 y
374 3544 379 3615 Ι
399 3546 415 3597 θ
433 3540 549 3614 χαμτΙτω
566 3564 590 3598 w
609 3548 613 3610 Ι
633 3547 649 3598 5
668 3537 808 3611 έλενθέρα
826 3563 850 3597 w
871 3548 875 3610 Ι
896 3547 912 3597 5
934 3537 1083 3614 έκχαμτΙτω
1099 3546 1152 3597 W?
1170 3547 1175 3613 Ι
1195 3546 1212 3597 θ

92 3625 265 3685 άπδλλεσθω
282 3633 306 3682 X
333 3633 338 3697 Ι
364 3629 573 3698 Ἰμεταθέσθω
591 3637 639 3697 xyt
658 3633 663 3698 Ι
682 3631 699 3682 8
717 3625 938 3697 ότιτοδρομικοίς
955 3650 994 3696 w,
1012 3633 1112 3685 omisso
1131 3621 1152 3699 ἢ
1168 3649 1212 3684 τε·

93 3719 190 3784 quenti
210 3715 214 3780 Ι
237 3716 268 3767 10
287 3712 344 3784 ἔχει
357 3723 429 3782 wxyt
443 3715 448 3785 Ι
465 3718 494 3768 11
509 3715 574 3782 περὶ
586 3711 619 3769 τὸ
632 3717 749 3784 πράημα
761 3718 795 3781 >
808 3733 831 3766 w
847 3721 851 3776 Ι
868 3716 907 3768 ll.
923 3717 954 3768 12
973 3709 1008 3770 οὐ
1026 3711 1127 3785 χρόνος
1138 3708 1211 3770 άλλά

93 3796 199 3869 τρόπις
218 3817 241 3851 w
268 3801 273 3860 ι
298 3801 329 3852 ιι
347 3788 366 3868 ἦ
384 3807 444 3869 255,
466 3802 511 3868 ειη
529 3819 554 3852 w
573 3801 578 3859 ι
599 3801 631 3853 13
648 3797 761 3868 τρόπον
779 3819 802 3850 ι
829 3801 833 3866 ι
860 3802 891 3853 15
909 3796 940 3852 τε
958 3802 993 3868 ÷
1011 3820 1034 3853 ι
1054 3801 1059 3868 ι
1082 3801 1112 3854 ιο
1130 3796 1212 3869 κόρος

94 3879 277 3954 κατηχήσεως
295 3884 405 3951 γίνεται
423 3903 461 3950 w,
480 3886 590 3953 γίνεται
609 3889 692 3938 etiam
710 3904 728 3952 y
755 3891 759 3946 Ι
788 3885 872 3938 16.17
890 3881 1145 3954 κρατιμησάτασαν
1161 3903 1186 3938 w
1206 3887 1212 3954 Ι

97 3974 126 4022 17
146 3965 162 4026 ὁ
182 3979 211 4023 ει
227 3963 245 4039 τΙ
264 3970 299 4034 >
315 3987 340 4022 w
360 3969 364 4038 Ι
386 3971 418 4022 19
435 3970 630 4038 προλαβοῦσιν
647 3969 684 4038 xl
704 3971 744 4022 λθ.
757 3970 791 4022 20
810 3963 988 4040 ἐδιδάξαμεν
1005 3979 1060 4038 xyt,
1080 3963 1212 4034 διετάξα-

94 4073 148 4124 μεν
166 4073 191 4106 w
206 4057 210 4122 Ι
225 4055 259 4107 20
276 4061 339 4122 post
355 4071 464 4108 vorsum
482 4071 599 4108 vacuum
617 4071 699 4107 unum
719 4063 747 4106 ot
764 4057 925 4108 lemnincum
944 4059 1018 4108 inser
1040 4051 1145 4121 πέτραν
1162 4053 1212 4108 καλ

93 4141 210 4194 καῦλον
227 4135 373 4205 διατάξεις
391 4157 416 4190 w
437 4145 441 4200 Ι
461 4139 496 4190 20
513 4134 567 4208 έγύ
584 4142 694 4201 παῦλος
710 4137 759 4192 καλ
778 4133 831 4206 όχά
849 4138 952 4206 πέτρας
969 4157 1004 4204 xy
1023 4141 1028 4205 Ι
1048 4139 1082 4190 29
1100 4133 1153 4205 έγά
1172 4141 1212 4190 αλ-

94 4235 183 4278 terum
201 4227 237 4291 >
253 4241 278 4274 τε
297 4224 301 4292 Ι
321 4226 355 4277 20
371 4225 463 4278 ταῦτα
480 4217 552 4292 ῦμὶν
568 4225 601 4292 -Ι-
618 4243 636 4292 y
656 4229 661 4292 Ι
681 4225 724 4278 θθ.
736 4228 766 4278 21
788 4220 960 4292 ἐργάζεσθαι
979 4241 1003 4274 w
1022 4225 1027 4288 Ι
1046 4225 1077 4274 θλ
1098 4219 1128 4276 ολ
1146 4222 1212 4276 δοῦ·

94 4313 138 4366 λοι
157 4319 218 4377 xyt,
243 4305 309 4372 τούς
328 4307 415 4370 λααύς
432 4328 455 4362 w
480 4310 484 4374 Ι
507 4312 541 4361 22
560 4303 592 4362 ἐν
608 4311 643 4375 >
659 4329 701 4378 wy
726 4309 1011 4376 Ιθθβιδασκαλείαν
1029 4309 1072 4358 X?
1091 4307 1096 4375 Ι
1116 4310 1150 4360 24
1167 4304 1212 4360 λό-

93 4413 147 4465 χον
165 4404 222 4462 xyt,
241 4391 348 4462 τρόπον
366 4413 389 4446 w
413 4399 418 4460 Ι
437 4396 470 4446 25
489 4387 639 4462 ἕνδομάδα
656 4415 674 4462 y
