3160 4976
1382 368 1431 436 45

239 538 384 613 Θηδάτος
408 541 469 603 ἀπό
493 536 727 625 Θονρβουρβῶν
752 537 847 602 εὐτεν·
875 535 946 625 Ἐφ’
963 541 1031 602 όσον
1048 543 1081 601 τό
1097 536 1180 624 ὕδωρ
1197 549 1234 622 τῇ
1252 549 1305 602 τοῦ
1330 544 1436 625 ἱερέως
1478 563 1508 603 ιε

236 647 385 719 ἐπικλήσει
416 651 446 710 ἐν
477 658 514 730 τῇ
547 645 688 728 ἐκκλησίᾳ
722 647 925 730 άγιαζόμενον
952 645 1115 710 ἀπυπλόνει
1139 651 1179 708 τὰ
1204 648 1435 732 ἁμαρτήματα,

238 757 286 817 όπί
309 763 451 818 τοσοῦτον
475 764 519 835 τῷ
545 758 685 840 αίρετικῷ
709 752 791 838 λόγῳ
816 756 861 825 ὡς
884 754 995 840 φθορᾷ
1019 775 1073 815 τινι
1092 751 1319 840 διερθαρμίνυν
1337 753 1434 818 πολυ-

238 859 400 936 πλασιάζει
423 866 483 932 τὰς
508 863 687 946 ἁμαρτίας·
713 858 755 922 δι’
771 861 788 922 ό
803 865 887 944 πάσρ
904 864 1005 945 είρὴνῃ
1023 863 1075 922 καί
1091 858 1220 943 δυνάμει
1236 864 1435 946 ἀγωνιστέον,

209 975 283 1051 ομή
308 989 355 1040 τις
378 974 432 1038 τὴν
464 979 525 1030 τῶν
555 972 712 1054 αίρετικῶν
737 967 853 1039 πλάνην
884 969 973 1054 ἀφείς
1003 972 1038 1030 τό
1068 971 1159 1050 μόνον
1190 977 1247 1039 τῆς
1279 968 1439 1040 ἐκκλησίας

243 1074 410 1158 βάπτισμα
435 1074 563 1158 διστάση
587 1073 707 1158 λαβεῖν,
739 1074 779 1137 δ’
802 1096 849 1147 τις
871 1081 914 1158 μὴ
939 1073 1127 1158 βαπτισθεὶς
1152 1075 1361 1162 ἀλλοτριοῦται
1385 1087 1441 1148 τῆς

244 1181 409 1266 βασιλείας
432 1193 493 1246 τῶν
519 1186 669 1267 οὐρανῶν.

245 1292 437 1376 Προυατινός
471 1293 534 1353 άπό
558 1291 709 1376 Σορετίης
731 1290 829 1353 είπεν·
865 1289 903 1352 '0
931 1290 1029 1374 λέγων
1063 1296 1135 1361 τοῦς
1160 1295 1328 1375 αίρετιιιοῦς
1351 1288 1438 1366 ἐξου-
1479 1313 1515 1364 ις·

244 1403 313 1459 σίαν
337 1402 418 1482 ἔχειν
443 1395 603 1479 βαπτίζειν
627 1399 744 1461 εἰπάτω
768 1401 914 1483 πρότερον
945 1403 991 1468 τίς
1022 1398 1066 1470 είη
1091 1400 1107 1459 ό
1129 1403 1253 1470 κτίστης
1276 1409 1333 1470 τῆς
1357 1404 1441 1485 αίρί·

200 1525 227 1564 ιο
245 1525 332 1576 σεως.
357 1507 384 1566 εί
406 1509 468 1590 γάρ
493 1509 556 1568 άπιί
580 1505 659 1568 θεοῦ
681 1509 701 1576 ἡ
727 1507 843 1590 αίρεσίς
866 1509 939 1583 ίστι,
966 1501 1095 1566 δύναται
1119 1505 1200 1589 ἔχειν
1226 1509 1375 1590 αίρετικός
1390 1509 1442 1568 καί

246 1611 366 1696 δωρεὰν
390 1612 484 1675 θεοῦ·
508 1615 535 1672 εί
557 1610 591 1674 δὲ
613 1619 656 1695 μὴ
681 1614 761 1675 ίστιν
785 1612 848 1674 ἀπό
871 1612 962 1690 θεοῦ,
987 1619 1058 1682 πῶςΙ
1086 1608 1216 1674 δύναται
1240 1615 1336 1684 αὐτός
1359 1615 1440 1697 ἔχειν

246 1725 300 1790 τὴν
324 1724 416 1804 χάριν
441 1727 495 1782 τοῦ
519 1718 597 1782 θεοῦ
621 1719 667 1790 η’
691 1716 774 1800 ἀλλιμ
800 1716 936 1787 διδόναιε

248 1823 446 1897 Μονοόαλλος
456 1828 516 1888 ἀπό
527 1824 645 1911 Γίρβης
660 1826 749 1890 εἶπεν·
770 1825 807 1888 Ἤ
824 1824 1025 1896 ἀλήθειατίς
1035 1831 1151 1911 μητρός
1165 1830 1253 1908 ἡμῶν
1268 1838 1325 1896 τῆς
1341 1824 1445 1895 εἰυιλη-
1485 1827 1521 1899 ιζ

247 1938 319 2003 σίας
334 1939 386 1994 καί
403 1936 449 1994 άεί
466 1929 542 2018 παρ’
554 1938 626 2015 ἡμῖν
642 1933 678 2004 ἦν
695 1938 747 1996 καί
763 1937 825 1996 ίστι
841 1934 893 1995 καί
908 1931 1044 2015 μάλιστα
1061 1935 1092 1993 ἐν
1109 1941 1153 2013 τῷ
1177 1929 1371 2015 βαπτίσματι
1387 1943 1443 2003 τῆς

202 2059 228 2100 ιι
246 2039 386 2124 τριάδος,
410 2048 464 2102 τοῦ
487 2040 590 2124 κυρίου
605 2045 693 2122 ημῶν
710 2039 870 2122 λέγοντος·
895 2040 1065 2124 πορεύεσθε
1081 2045 1131 2102 καί
1147 2038 1322 2122 βαπτίσατε
1338 2045 1442 2102 πάντα

248 2153 289 2210 τά
313 2147 392 2219 ἔθνη
416 2151 460 2218 είς
476 2150 573 2229 ὄνομα
598 2157 652 2210 τοῦ
676 2152 795 2232 πατρός
816 2153 868 2209 καί
890 2156 944 2210 τοῦ
967 2151 1032 2210 υίοῦ
1056 2154 1176 2210 καὶτοῦ
1199 2151 1290 2232 άγίου
1307 2153 1444 2229 πνεῦμα·

249 2275 313 2325 τος.
346 2257 436 2318 όπότε
461 2255 512 2316 οὐν
536 2264 649 2341 σαφῶς
671 2252 795 2335 οίδαμεν
818 2259 890 2324 τοῦς
912 2257 1080 2338 αίρετικυῦς
1102 2261 1178 2336 μήτε
1209 2259 1330 2338 πατέρα
1363 2259 1444 2339 ἔχειν

250 2369 328 2445 μήτε
344 2364 407 2422 υίόν
424 2367 501 2443 μήτε
517 2363 606 2445 ἅγιον
630 2371 766 2442 πνεῦμα,
792 2359 838 2422 δεῖ
859 2363 1043 2446 ἐρχομένους
1064 2364 1177 2433 αὐτοὺς
1198 2366 1241 2432 είς
1265 2369 1319 2432 τὴν
1344 2359 1446 2432 ἐκκλη-

251 2477 321 2532 σίαν
336 2475 390 2538 τὴν
406 2473 526 2552 μητέρα
544 2466 716 2550 βαπτίζειν,
734 2469 784 2530 ίνα
802 2469 1011 2551 ἁγιασθίντες
1027 2469 1283 2552 ἀναρεννηθῶσιν
1309 2471 1445 2534 σἰποπια·

204 2597 231 2634 νυ
250 2581 377 2659 σάμενοι
393 2582 444 2639 καί
461 2573 675 2656 ἀποβαλόντες
691 2579 751 2645 τάς
765 2573 963 2660 καρκινώδεις
979 2577 1081 2638 αὐτῶν
1106 2577 1276 2660 ἁμαρτίας.

250 2683 400 2754 Πυλιανύς
422 2685 485 2744 ἀπό
512 2681 633 2752 Μιλίως
650 2682 746 2744 τίνειν·
778 2682 898 2766 Ὀρθόν
914 2687 976 2746 ίστι
1002 2686 1052 2744 τόν
1069 2685 1130 2745 ἀπὸ
1148 2686 1297 2767 αίρίσεως
1312 2685 1446 2768 ἐρχόμε-
1484 2709 1515 2773 ‘²7

250 2811 299 2854 νον
316 2792 347 2853 ίν
365 2802 401 2870 τη·
419 2791 498 2873 ἁγίᾳ
514 2788 654 2870 όναλησίᾳ
670 2787 894 2870 βαπτίζεσθαι.

250 2899 379 2981 Θέογνις
396 2900 458 2960 ἀπό
477 2895 631 2966 Ἱππῶνος
649 2893 774 2980 Ῥηγίου
802 2896 899 2959 είπεν·
920 2897 1121 2968 Ἀκολοόθως
1147 2905 1190 2976 τῷ
1212 2903 1370 2981 μυστηρίῳ
1392 2905 1447 2959 τοῦ
1485 2899 1520 2964 ιβ

249 3014 376 3090 χριστοῦ
393 3015 449 3076 τῆς
467 3007 608 3088 οὐρανίου
625 3007 758 3088 χάριτος
773 3004 835 3076 ἧς’
858 3003 1023 3089 είλὴραμεν
1048 3001 1215 3087 βάπτισμα
1230 3007 1247 3066 ὅ
1265 3008 1344 3066 ἐστιν
1361 3007 1391 3066 ίν
1409 3013 1446 3084 τῇ

205 3132 233 3171 οε
250 3113 329 3194 άρίορ
345 3109 486 3189 ἐκκλησίᾳ
503 3109 639 3192 οἴδαμεν.

247 3220 394 3289 Διαείους
414 3220 429 3280 ό
446 3216 589 3288 Σαιοίδης
603 3217 693 3280 εἶπεν·
720 3215 843 3300 Ἡμεῖς,
866 3219 883 3279 ό
907 3218 956 3303 ἐρ’
971 3222 1042 3300 ημῖν
1064 3221 1153 3289 ἐστιν,
1179 3222 1318 3303 αίρετικῷ
1334 3222 1369 3281 οὐ
1385 3239 1448 3280 κοι-
1498 3246 1516 3285 κ

249 3334 416 3408 νωνοῦμεν,
435 3327 488 3387 ἐάν
501 3330 544 3407 μὴ
558 3328 588 3386 εν
600 3337 637 3405 τῇ
650 3325 792 3405 ίιικλησία
804 3324 971 3407 βαπτισθρ
981 3330 1032 3387 καί
1044 3328 1152 3411 ἄφεσιν
1171 3329 1333 3410 ἁμαρτιῶν
1349 3324 1447 3408 λάβη.

251 3431 417 3519 Προβάτος
443 3435 504 3494 ἀπό
533 3432 667 3518 Σουρίου
691 3432 790 3494 εἶπεν·
827 3431 865 3494 ‘0
888 3431 1061 3514 δοκιμάζων
1084 3439 1172 3519 παρὰ
1193 3445 1258 3505 τοῖς
1289 3439 1448 3519 αίρεεικοίς
1467 3459 1507 3500 ιια

251 3539 373 3612 άληθίς
390 3537 556 3622 βάπτισμα
574 3539 661 3616 είναι,
684 3548 712 3602 τί
728 3539 803 3604 ἀλλο
820 3545 839 3611 ἢ
856 3551 920 3612 τοῖς
945 3543 1106 3625 αίρεειιιοίς
1129 3553 1264 3604 κοινωνεῖ
1270 3563 1279 3614 ;

330 3683 341 3720 1
359 3675 457 3732 θὴόσευς
471 3679 496 3718 Ρ.
515 3699 539 3708 -
553 3673 658 3730 onom„
673 3675 720 3719 είεεε
736 3679 761 3719 Ρ.
772 3699 800 3710 -·
814 3676 918 3733 Ἐφ’ψόί
930 3677 942 3721 ό
957 3691 1017 3721 vm.
1032 3683 1047 3721 4
1060 3692 1086 3722 ιν
1100 3681 1126 3721 Ρ.
1142 3701 1169 3712 -
1182 3683 1196 3722 ί
1211 3679 1286 3736 είρὴνη
1302 3683 1338 3722 καί
1348 3693 1374 3723 ιν
1383 3683 1409 3721 Ρ.
1422 3701 1447 3711 -

249 3752 263 3793 ό
277 3747 313 3791 ίνα
328 3749 359 3804 μὴ
377 3748 442 3806 όεὴν
457 3752 483 3790 Ρ.
499 3771 526 3780 ·-
547 3752 559 3790 ί
578 3747 676 3791 διατάσει
690 3752 720 3790 M.
736 3771 764 3782 -
779 3747 821 3806 ’ᾦ
836 3753 861 3804 Ρ,
881 3753 922 3794 nod
937 3747 949 3792 ό
963 3763 985 3802 g.
1000 3771 1028 3782 -
1048 3754 1059 3792 ’ί
1075 3750 1120 3793 τῶν
1136 3749 1235 3807 οὐρανῶν
1251 3751 1362 3804 βασιλείας
1381 3755 1406 3792 Ρ.
1423 3773 1449 3784 -

250 3823 264 3864 8
278 3817 425 3875 Προβετιενός
440 3823 465 3862 P.
477 3843 503 3852 -
513 3815 635 3866 Ὁσιωεωτ
649 3833 710 3862 vm.
727 3823 752 3862 10
761 3825 819 3864 ινΡ.
830 3845 856 3854 -
867 3827 893 3865 10
907 3821 948 3879 γὰρ
961 3835 987 3864 ιν
1002 3825 1027 3864 Ρ.
1039 3845 1066 3854 -
1076 3823 1141 3873 ίστιν,
1158 3819 1202 3874 Ιξτι
1217 3821 1294 3876 αίρεε.,
1310 3825 1335 3864 Ρ.
1348 3818 1391 3874 ίξει
1406 3822 1418 3864 ό
1432 3823 1450 3863 Ρ

252 3905 302 3936 var.
318 3897 369 3935 ίοεί
385 3915 413 3926 -
428 3896 453 3934 12
464 3894 523 3935 Ριιεί
537 3895 563 3934 P.
574 3915 602 3926 -
617 3897 643 3936 1⁸
657 3891 782 3940 Μονυὺσλος
796 3895 822 3934 Ρ.
832 3915 859 3926 -
872 3892 955 3951 Γίρβης
970 3892 1017 3936 είιεε
1032 3897 1057 3936 Ρ.
1073 3917 1100 3926 -
1113 3891 1251 3949 *Ηιετριύόσε
1265 3905 1325 3935 νσει.
1343 3895 1368 3936 ίό
1382 3905 1408 3935 ιν
1422 3896 1448 3935 P.

251 3987 278 3996 -
288 3968 315 4008 ίό
324 3965 391 4020 ἡμῶν
399 3979 426 4008 ιν
435 3968 461 4006 Ρ.
472 3987 499 3998 -
509 3964 629 4022 πορείιεσόε
638 3968 675 4008 καί
684 3979 711 4007 ιν
720 3967 745 4007 Ρ.
756 3987 783 3997 -
797 3967 876 4008 mh.
887 3967 959 4008 ιιείίί
969 3969 1004 4008 19.
1014 3987 1041 3998 -·
1056 3970 1082 4008 18
1096 3967 1128 4012 είς
1142 3966 1168 4008 τό
1182 3965 1251 4020 ὄνομα
1265 3967 1290 4007 P.
1301 3987 1328 3998 -
1344 3967 1369 4007 ίί
1385 3965 1450 4008 ὁπότε

252 4033 325 4080 οὐνιυ
335 4039 361 4078 Ρ.
373 4057 399 4068 -·
414 4035 503 4092 υίύαμεν
516 4037 593 4094 σαφῶς
603 4041 628 4080 Ρ.
639 4058 666 4070 -
682 4041 707 4079 18
716 4037 800 4092 πνεῦμα
813 4033 876 4094 &mv
886 4040 912 4079 P.
923 4059 950 4070 ·-
964 4036 998 4079 δεῖ
1012 4035 1050 4078 οὐν
1065 4035 1197 4093 ίρχομίνουε
1211 4040 1237 4087 Ρ,
1252 4035 1332 4082 αὐτοὺς
1346 4050 1372 4080 ιν
1385 4039 1411 4078 Ρ.
1424 4061 1450 4070 -

253 4111 279 4151 1⁹
293 4107 335 4162 τὴν
349 4106 433 4164 μητίρσ
447 4121 473 4150 ευ
486 4111 512 4150 Ρ.
529 4129 555 4140 -·
570 4107 711 4164 όγισσόίντες
723 4123 750 4152 ιν
764 4112 789 4150 Ρ.
800 4131 827 4140 -
841 4107 1008 4164 άεηετηίίῶσιν
1022 4111 1048 4148 Ρ.
1059 4130 1086 4139 -
1101 4111 1134 4150 10.
1145 4111 1173 4150 2⁰
1187 4107 1450 4165 ἁποεειεσόμενοιψάμσρ·

251 4181 334 4225 τίσειν
343 4182 369 4220 Ρ.
385 4199 413 4212 -
425 4182 451 4220 Ρί
467 4177 595 4225 Πολιτισνός
607 4181 633 4220 Ρ.
651 4201 678 4212 -
692 4178 782 4227 ίίίλεως
797 4183 823 4222 Ρ.
839 4181 940 4222 εσιίίιεειι
954 4181 977 4220 Μ
994 4177 1082 4224 Μιλίιυς
1101 4182 1209 4222 ίιείιιιίεεε
1228 4184 1340 4224 mmm
1354 4193 1449 4233 ειεηιιου,

252 4262 322 4304 qum
340 4252 421 4294 είιεείε
437 4255 514 4293 luen
532 4252 589 4292 ειίίιίί
609 4253 710 4302 supersit
729 4254 774 4293 ιιίεί
788 4249 863 4297 ιλίωτ.
884 4254 907 4292 Μ
921 4262 948 4292 ει
963 4253 1017 4293 unt.
1032 4254 1102 4303 ρπείε.
1117 4251 1179 4304 potii.
1195 4273 1223 4284 ·-
1236 4255 1263 4294 εἰ
1278 4251 1329 4309 ἁγίᾳ
1343 4265 1369 4294 ιν
1382 4253 1408 4295 Ρ.
1424 4275 1450 4284 -

251 4327 280 4367 2⁸
296 4321 393 4378 Θύσγνητ
414 4324 444 4364 Μ.
460 4343 488 4353 -
506 4324 534 4363 u
551 4319 608 4363 θεοῦ
627 4324 664 4364 καί
684 4333 725 4374 μευ
745 4335 780 4378 χρ.
796 4325 821 4364 Ρ.
837 4344 864 4354 -
879 4321 933 4376 ’ἢν
947 4325 988 4372 Ps.
1003 4343 1030 4353 ·-
1044 4321 1151 4377 ίλάβσμεν
1165 4335 1186 4374 3.
1202 4347 1231 4356 -
1243 4327 1271 4367 ῦῦ
1284 4321 1368 4380 Σεάδης
1382 4325 1408 4366 Ρ.
1424 4347 1450 4356 -

252 4393 371 4448 σίρσεεποῖε
384 4397 410 4436 Ρ.
426 4413 453 4426 ·-
467 4395 493 4436 21
509 4389 647 4447 βιππσδεῖισι
660 4406 682 4444 ς.
697 4413 724 4426 -
739 4393 838 4447 λάβωσιν
852 4405 874 4444 ε.
889 4415 917 4428 -
935 4397 963 4436 28
977 4389 1086 4449 ἳοφιστού
1100 4397 1126 4446 Ρ,
1150 4391 1245 4451 θοριβοδ
1260 4407 1282 4446 3.
1297 4417 1325 4427 -
1338 4399 1366 4438 22
1380 4397 1451 4439 verb·

251 4464 334 4520 άληόίς
342 4479 369 4508 ιν
378 4467 404 4506 Ρ.
415 4487 443 4496 -
455 4467 604 4509 'cimanum
617 4477 662 4507 ειοπ
676 4467 788 4508 ίεείισιεειε
796 4469 820 4507 lu
830 4467 888 4507 libro
902 4469 1038 4517 ιιισειεεεπεί,
1055 4479 1133 4509 verum
1143 4471 1177 4510 είι
1186 4471 1343 4511 adscribendi·
1354 4471 1451 4522 εμείίιιοε

251 4549 347 4580 nouum
361 4538 464 4579 εείίοεσιιε
478 4543 520 4579 ost.
536 4551 577 4588 ⁰3⁰
590 4549 618 4579 τε
630 4551 659 4580 ει
673 4540 772 4580 εάίείοιιε
786 4539 907 4588 purum!
921 4540 986 4590 ροείί.
