3160 4976
1402 373 1450 444 67

260 555 332 626 Τοῖς
350 552 382 615 δέ
399 550 663 638 παραδεδομένας
679 555 730 613 καί
747 553 969 626 ἐκπεπτωκόσι,
998 558 1062 621 τοῖς
1078 572 1110 612 τε
1128 552 1252 619 ἑαυτοῖς
1268 546 1458 633 προσεληλυ-
1478 568 1497 632 η

260 663 352 725 θόσιν
369 664 412 732 είς
429 665 479 722 τόν
497 664 608 742 ἀγῶνα
625 659 822 742 ὁμολογοῦσιν
841 657 916 720 εῖναι
933 669 1134 743 χριστιανοῖς.
1158 655 1401 740 ἐμβεβλημένας
1428 677 1459 718 τε

262 773 291 832 ἐν
310 781 346 850 τῇ
364 768 482 854 φυλακῇ
498 773 577 850 μετά
591 765 753 849 βασάνων,
771 765 894 849 εὔλογόν
912 768 1038 828 ἐστινέν
1056 765 1237 849 ἀγαλλιάσει
1253 763 1386 848 καρδίας
1401 785 1459 824 συ-

261 883 432 962 νεπισχύειν
449 882 500 938 καί
515 883 663 937 κοινωνεῖν
678 876 707 934 ἐν
726 883 831 952 πᾶσιν,
849 877 879 936 ἑν
891 871 928 935 ’τε
944 884 1014 944 ταῖς
1030 885 1222 958 προσευχαῖς
1238 879 1288 935 καῖ
1307 884 1341 950 τῇ
1360 893 1459 953 μετα·

230 1005 243 1043 ο
261 986 346 1068 λήψει
364 995 416 1046 τοῦ
434 989 580 1067 σώματος
596 986 647 1045 καῖ
664 991 716 1044 τοῦ
736 985 869 1064 αἵματος
885 985 936 1046 καί
952 993 988 1062 τῇ
1006 981 1194 1065 παρακλήσει
1212 977 1391 1062 τοῦλόγου·
1409 980 1460 1040 ίνα

261 1098 460 1177 εὐτονώτερον
479 1095 707 1176 ἀγωνισάμενοι
719 1085 943 1164 καταξιωθῶσι
965 1093 1015 1152 καί
1038 1093 1125 1152 αὐτοί
1149 1098 1201 1152 τοῦ
1225 1085 1377 1172 βραβεῖον
1404 1096 1461 1156 τής

262 1205 328 1264 ἅνω
346 1200 491 1271 κλήσεως.
515 1202 566 1262 καί
582 1204 644 1284 γάρ
662 1201 804 1274 ἑπτάκις,
822 1203 912 1282 φησί,
936 1208 1071 1288 πεσεῖται
1088 1199 1103 1260 ό
1121 1195 1235 1266 δίκαιος
1253 1197 1303 1258 καί
1321 1195 1460 1263 ἀναστή-

262 1330 359 1372 σεται.
386 1313 458 1393 όπερ
476 1309 501 1367 εί
517 1314 566 1368 καί
587 1311 702 1378 πάντες
726 1308 754 1366 οῖ
776 1308 999 1376 ἐκπεπτωκότες
1024 1309 1238 1382 πεποιήκεσαν,
1267 1302 1460 1370 τελειοτάτην

263 1421 313 1480 καί
330 1413 504 1501 όλοκάρδιον
521 1417 686 1496 μετάνοιαν
704 1407 899 1485 ἐνεδείξαντο.

218 1544 244 1580 ¹⁰
263 1527 323 1586 Καί
347 1535 412 1594 τοῖς
436 1521 468 1596 δέ
493 1523 536 1592 ώς
559 1516 593 1594 ἐξ
612 1523 705 1582 ὕπνου
731 1523 853 1592 ἑαυτοῖς
870 1519 1097 1605 παραπηδῶσιν
1115 1523 1158 1591 εἰς
1173 1523 1224 1581 τόν
1242 1519 1365 1601 ἀγῶνα,
1384 1515 1460 1578 ώδί·
1482 1516 1504 1581 δ

261 1655 352 1696 νοντα
381 1637 429 1693 καί
458 1630 606 1712 μέλλοντα
635 1629 774 1708 ἑλκύσαι,
803 1631 925 1700 ἑαυτοῖς
949 1628 982 1694 δὲ
1004 1633 1173 1712 πειρασμόν
1202 1629 1463 1707 ἑπισπασαμὲνοις

261 1740 531 1821 θαλαττομαχῖας
546 1743 595 1798 καῖ
613 1736 726 1808 πολλῆς
742 1742 969 1818 κυματώστως,
992 1737 1106 1819 μᾶλλον
1124 1735 1157 1798 δὲ
1172 1742 1222 1798 καί
1236 1745 1300 1804 τοῖς
1318 1731 1462 1818 άδελγοῖς

262 1852 507 1931 προσεκκαίουσιν
526 1845 673 1929 ἄνθρακα
691 1843 904 1929 ἁμαρτωλῶν,
927 1851 976 1906 καί
995 1847 1099 1933 αὐτοῖς
1116 1847 1321 1918 κοινωνητέον,
1347 1843 1402 1902 ἂτε
1425 1838 1462 1908 δὴ

263 1959 292 2016 ἐν
311 1958 436 2035 ὀνόματι
460 1964 586 2037 χριστοῦ
609 1957 852 2038 παρερχομένοις
874 1954 916 2023 είς
940 1961 1048 2030 τοῦτο,
1074 1955 1100 2012 εῖ
1120 1957 1169 2014 καί
1191 1956 1234 2030 μή
1259 1954 1461 2034 προσέχουσιν

220 2081 245 2120 ιο
264 2065 358 2124 αὐτοῦ
377 2072 442 2134 τοῖς
458 2060 558 2144 λόγοις
580 2058 777 2130 διδάσκοντος
800 2061 1033 2145 προσεύχεσθαι
1056 2066 1098 2143 μὴ
1122 2059 1268 2122 εἰσελθεῖν
1292 2060 1335 2128 είς
1351 2077 1462 2140 πειρα-

264 2175 351 2251 σμόν.
375 2176 425 2232 καῖ
443 2168 532 2231 πάλιν
557 2171 586 2230 ἑν
610 2173 685 2252 εὐχή
709 2168 789 2254 λέγει
807 2177 850 2250 τῷ
868 2176 974 2254 πατρί·
999 2176 1050 2229 καί
1065 2176 1107 2249 μή
1131 2169 1300 2249 εἰσενέγκῃς
1318 2169 1404 2246 ἡμᾶς
1420 2167 1461 2234 εῖς

263 2283 443 2364 πειρασμόν,
468 2277 547 2340 ἀλλά
563 2280 655 2362 ρὐοαι
671 2283 757 2360 ήμᾰς
782 2281 843 2343 άπό
861 2287 913 2340 τοῦ
930 2285 1073 2360 πονηροῦ.
1100 2279 1174 2344 ῖσως
1192 2272 1223 2336 δέ
1242 2277 1386 2357 ἀγνοοῦσι
1403 2276 1460 2342 τάς

264 2393 431 2471 γενομένας
460 2385 603 2456 πολλάκις
631 2387 848 2470 ἀναχωρήσεις
881 2395 933 2447 τοῦ
961 2382 1169 2446 οἰκοδεσπότου
1198 2388 1248 2444 καί
1276 2378 1462 2442 διδασκάλου

264 2500 351 2577 ήμῶν
370 2496 430 2556 άπὸ
448 2505 508 2562 τῶν
524 2492 679 2557 θελόντων
697 2493 900 2576 ἐπιβουλεύειν
917 2499 968 2554 καί
985 2497 1028 2554 ότι
1045 2491 1120 2554 ἔσθ’
1140 2493 1188 2552 ότε
1212 2488 1281 2552 οὐδὲ
1304 2493 1462 2572 παρρησία

218 2624 246 2662 νο
265 2607 438 2686 περιεπάτει
464 2601 505 2664 δι’
537 2605 650 2674 αὐτοὺς
676 2608 726 2664 καί
751 2605 794 2664 ότι
822 2606 872 2661 καῖ
896 2603 944 2662 ὅτε
969 2603 984 2662 ό
1011 2603 1115 2683 καιρός
1139 2607 1192 2660 τοῦ
1215 2598 1344 2666 πάθους
1369 2599 1463 2658 αὐτοῦ

264 2718 481 2796 προσήγγιοεν,
499 2713 558 2794 οόχ
575 2712 684 2771 ἑαυτὸν
697 2708 885 2794 παρέδωκεν,
900 2707 967 2772 ἀλλ’
981 2703 1105 2780 ἐδέξατο
1119 2707 1178 2776 ἑως
1193 2705 1292 2776 ήλθον
1306 2706 1354 2766 ἐπ’
1370 2708 1462 2766 αὐτόν

263 2825 343 2903 μετά
355 2829 521 2903 μαχαιρῶν
534 2825 584 2880 καῖ
600 2815 706 2890 ξύλων.
724 2817 803 2901 λέγει
818 2818 867 2880 οὖν
886 2821 962 2900 πρός
981 2817 1108 2884 αὐτούς·
1125 2817 1170 2884 ώς
1187 2817 1232 2876 ἐπῖ
1246 2812 1359 2896 λῃστὴν
1376 2808 1462 2886 ἐξήλ·

265 2929 341 2991 θετε
357 2931 434 3009 μετά
453 2937 621 3012 μαχαιρῶν
638 2931 687 2988 καὶ
700 2922 795 3000 ξύλων
811 2924 973 3007 συλλαβεῖν
987 2942 1041 3005 με;
1059 2924 1146 2984 νῖκαί
1159 2920 1344 3006 παρέδωκαν
1359 2925 1463 2998 αότόν,

266 3042 351 3124 ρησί,
366 3036 501 3114 Πιλάτῳ.
517 3036 596 3100 καθ’
610 3038 776 3117 ὁμοιότητα
789 3045 861 3119 γοῦν
870 3038 967 3098 αὐτοῦ
980 3036 1030 3094 καί
1043 3034 1155 3094 οῖκατά
1169 3035 1277 3092 σκοπόν
1287 3033 1381 3093 αὐτοῦ
1389 3028 1464 3108 βαῖ·

220 3164 247 3202 νο
265 3166 367 3215 νοντες
384 3145 561 3206 πεπόνθασι
573 3150 757 3226 μεμνημένοι
771 3153 831 3206 τῶν
845 3143 941 3206 θείων
957 3145 1052 3204 αὐτοῦ
1067 3139 1176 3223 λόγων,
1195 3137 1234 3200 δι’
1252 3137 1294 3200 ὧν
1311 3142 1464 3222 ἐπιστηρί-

267 3252 328 3327 ζων
342 3256 424 3333 ήμάς
441 3258 506 3334 περῖ
522 3260 582 3312 τῶν
604 3250 750 3334 διωγμῶν
770 3249 867 3334 λέγει·
893 3255 1059 3334 προσέχετε
1078 3251 1212 3318 ἑαυτοῖς.
1241 3245 1464 3331 παραδώσουσι

266 3365 328 3444 γὰρ
351 3363 432 3440 ὑμᾶς
456 3363 499 3430 είς
516 3356 658 3442 συνέδρια
675 3364 724 3419 καί
742 3361 772 3420 ἐν
789 3369 857 3428 ταῖς
877 3369 1079 3441 συναγωγαῖς
1096 3360 1199 3420 αὐτῶν
1216 3360 1463 3439 μαστιγώσουσιν

266 3473 360 3550 ὑμᾶς.
384 3465 607 3551 παραδώσουσι
623 3465 655 3528 δὲ
672 3467 762 3545 εἶπεν,
780 3466 847 3530 ἀλλ’
870 3470 953 3549 οόχῖ·
978 3469 1106 3536 ἑαυτοὺς
1119 3463 1334 3549 παραδώσετε.
1352 3471 1402 3526 καί
1419 3465 1464 3524 ἐπί

266 3579 421 3658 ἡγεμόνας
443 3573 490 3652 δέ,
517 3583 606 3661 ρησῖ,
633 3581 682 3638 καί
701 3573 840 3656 βασιλεῖς
859 3574 1050 3658 ἀχθήσεσθε
1068 3571 1119 3636 διά
1136 3577 1169 3636 τό
1187 3575 1284 3654 όνομά
1300 3594 1370 3654 μου,
1395 3570 1463 3632 ἀλλ’

221 3701 248 3738 ³⁰
270 3687 352 3766 οὐχί·
371 3686 501 3753 ἑαυτοὺς
513 3681 612 3758 άξετε.
627 3685 688 3744 ἐπεῖ
701 3690 750 3744 καί
763 3680 946 3763 μεταπηδᾶν
965 3687 1050 3764 ήμᾰς
1064 3680 1207 3764 βούλεται
1226 3684 1286 3744 ἀπὸ
1307 3685 1408 3740 τόπων
1425 3682 1468 3751 εἱς

350 3810 360 3845 1
378 3803 464 3852 ῖιευτοῖς
478 3811 524 3846 tros
539 3807 591 3846 libri
608 3806 678 3856 λνοελλ,
694 3803 768 3850 αὐτοῖς
779 3807 822 3856 Rp.
835 3804 902 3856 (ἐπε.)
917 3803 959 3845 τίδ’
976 3799 1048 3850 οὕτως
1062 3816 1086 3844 τε
1102 3803 1188 3848 ῖαυτοῑς
1202 3801 1387 3857 προσεληλυθότων
1404 3803 1464 3841 bodl.

265 3879 300 3930 λθ,
316 3879 364 3920 625.
380 3900 407 3908 -
422 3880 480 3918 λιταὶ
490 3876 579 3932 όμολογ.
595 3890 631 3929 ρο,
647 3879 685 3918 νοεῖ
696 3879 732 3919 καί
743 3880 806 3918 abest
822 3891 835 3918 ε
850 3879 976 3918 bodleiana
991 3889 1037 3918 m.
1054 3897 1080 3908 -
1095 3879 1106 3918 ῖ
1122 3873 1259 3931 κληρώσειυς
1272 3888 1295 3926 p.
1306 3877 1346 3916 εεεῖ
1356 3877 1427 3915 ε-τλῖ.
1439 3897 1464 3904 -·

266 3952 333 3991 Prov.
350 3953 403 3992 ταῖν
419 3953 452 3990 16.
468 3971 493 3982 -
515 3953 535 3992 8.
556 3951 569 3992 ῖ
588 3947 723 4000 ἐνεδείξαντο
743 3947 768 3990 ἐν
787 3949 927 4003 τελειοτάτην
949 3947 1064 4003 μετάνοιαν
1083 3950 1195 3999 Zeuma,
1216 3945 1350 3998 ίνεόείξοντο
1365 3943 1390 3986 ἂν
1405 3959 1424 3987 τ.
1442 3960 1463 3999 μ.

265 4024 378 4072 Balneum,
394 4021 541 4064 ἐνεδείκνυντο
556 4024 618 4064 bodl.
634 4025 681 4066 625.
698 4020 723 4062 όν
737 4028 788 4074 post
803 4021 918 4075 μετάνοιαν
933 4023 1016 4062 addere
1031 4022 1110 4060 ευοᾱοε
1125 4020 1243 4060 nummus.
1259 4021 1330 4060 τελλ.
1351 4041 1375 4050 -—
1394 4023 1417 4059 11
1434 4015 1465 4064 ὡς

266 4091 291 4134 ἂν
301 4093 323 4144 ἐξ
333 4097 375 4146 Bp.
386 4118 412 4126 -
423 4098 449 4138 1³
458 4095 638 4149 προσεικαίοντες
648 4097 677 4136 Μ.
689 4118 715 4128 -
726 4093 833 4150 ἄνθρακας
844 4097 954 4136 [muthius
965 4107 977 4134 ο
987 4096 1075 4134 zonara
1084 4097 1107 4132 οε
1116 4095 1250 4134 Βελειιπσηε
1260 4094 1331 4145 petiit.
1343 4103 1395 4144 ρετ
1402 4093 1431 4132 M.
1440 4113 1459 4124 ··

265 4169 332 4206 Ρτον.
344 4179 390 4206 xxv
404 4169 438 4208 22.
455 4169 517 4208 Rom.
530 4171 560 4208 xii
572 4170 607 4208 20.
619 4190 645 4200 -
660 4165 698 4208 ᾶτε
712 4167 736 4208 όί
751 4170 826 4208 nescio
841 4169 905 4218 quin:
922 4179 957 4217 ρο,
974 4168 1086 4207 bodleiani
1101 4177 1177 4206 οιειιεεε
1189 4171 1212 4205 οε
1221 4166 1367 4204 εοῖκλῖαῖιιιυε
1378 4165 1404 4204 58
1414 4174 1464 4204 cum

265 4242 393 4280 ιυοειεεεπεῖ
403 4242 529 4280 concinunt.
538 4262 563 4272 -
577 4243 601 4280 Ιό
610 4243 679 4281 Marc.
689 4243 727 4281 xiv
738 4242 771 4281 38.
782 4263 808 4272 ···
821 4244 845 4282 16
855 4237 973 4294 λίγεινλλρ.
985 4261 1011 4270 -
1022 4239 1099 4278 λῖεῖίῖι.
1108 4241 1130 4278 vl
1139 4239 1174 4278 ίνλ.
1182 4259 1208 4270 ν-
1220 4234 1275 4277 1751
1285 4238 1321 4278 κεῖ
1331 4235 1377 4292 όγν.
1386 4237 1429 4286 Rp.
1441 4269 1464 4276 ..

265 4309 368 4356 πολλάκις
383 4307 496 4366 γινομένας
510 4314 551 4362 Rp.
568 4334 593 4344 -
614 4315 639 4352 19
653 4309 705 4354 οὔτε
719 4325 741 4362 p.
758 4335 779 4344 ›-
802 4315 826 4352 21
844 4313 876 4352 122
892 4324 904 4352 ο
920 4313 1018 4362 quinqua
1037 4313 1101 4352 libris
1117 4321 1183 4350 manu
1199 4311 1288 4360 εετῖρῖίε
1305 4307 1422 4358 ἐξεδέξατο.
1438 4329 1464 4340 ·-

264 4385 291 4424 22
302 4385 380 4424 Matth.
391 4386 444 4425 uvi
455 4386 489 4425 55.
501 4406 527 4416 -
537 4385 563 4424 ²3
573 4386 650 4426 λῖεῖίλ.
664 4385 724 4425 xxvi!
735 4388 756 4424 ².
767 4407 792 4416 —-
803 4386 914 4424 26Matth.
927 4397 941 4425 x
953 4386 985 4424 ῖῖ.
998 4405 1022 4416 -
1034 4385 1055 4424 Μ
1067 4381 1222 4438 παραδώσουσι,
1234 4385 1273 4423 sed
1285 4393 1310 4424 ου
1320 4393 1354 4432 pr.
1366 4393 1394 4421 ια.
1407 4382 1465 4420 inter

265 4468 345 4497 νεεευε
355 4457 460 4498 ιιῖιίῖῖυεα.
471 4479 497 4488 -
508 4459 535 4498 28
545 4463 568 4496 et
577 4459 604 4497 ³0
614 4455 654 4512 οόχ
663 4469 690 4508 p:
707 4459 728 4498 R
736 4455 786 4510 οὺγί
796 4469 808 4496 ο
819 4459 884 4496 libris
895 4459 1007 4496 nonnullis
1018 4458 1142 4496 λνσιλΙεῖιειεῖε
1152 4469 1177 4496 νο
1187 4457 1311 4506 sumptim
1322 4455 1384 4494 dicit.
1395 4453 1464 4492 2:11.

265 4551 291 4562 -
307 4531 385 4570 Μαῖεῖι.
402 4541 416 4570 x
432 4531 465 4570 18.
483 4551 510 4560 -
525 4531 551 4570 29
566 4530 620 4583 φησί
634 4541 660 4570 εν
673 4542 696 4580 p.
707 4551 732 4560 -
748 4531 775 4569 ³0
789 4527 830 4569 όιπό
844 4525 911 4569 τόκου
927 4527 957 4574 είς
972 4528 1037 4569 τόπον
1052 4541 1087 4579 γε,
1103 4529 1142 4568 sod
1157 4533 1252 4577 ηυεειιοτ
1264 4527 1376 4566 bodleiani
1387 4528 1463 4566 σιτοῖ-

267 4605 376 4644 annisum
391 4603 479 4642 38:141.
495 4599 535 4642 όπό
550 4597 624 4641 τόπων
640 4600 670 4646 τίς
685 4599 759 4642 τόπων
775 4600 826 4654 (εῖτ)
843 4603 904 4640 bodl.
922 4603 973 4642 λεῖοι
993 4603 1053 4641 bodl.
1073 4601 1110 4640 19ss
1126 4599 1218 4649 ,τόπους
1230 4612 1273 4650 pro
1288 4596 1375 4640 τόπον“.

1207 4672 1249 4724 50
