<?xml version="1.0" encoding="UTF-8"?>
<!DOCTYPE html PUBLIC "-//W3C//DTD XHTML 1.0 Transitional//EN"
    "http://www.w3.org/TR/xhtml1/DTD/xhtml1-transitional.dtd">
<html xmlns="http://www.w3.org/1999/xhtml" xml:lang="en" lang="en">
 <head>
  <title>
</title>
<meta http-equiv="Content-Type" content="text/html;charset=utf-8" />
  <meta name='ocr-system' content='tesseract 3.04.00' />
  <meta name='ocr-capabilities' content='ocr_page ocr_carea ocr_par ocr_line ocrx_word'/>
</head>
<body>
  <div class='ocr_page' id='page_1' title='image "./decontroversiis00schgoog_0425.png"; bbox 0 0 3120 4980; ppageno 0'>
   <div class='ocr_carea' id='block_1_1' title="bbox 1297 315 1428 371">
    <p class='ocr_par' dir='ltr' id='par_1_1' title="bbox 1297 315 1428 371">
     <span class='ocr_line' id='line_1_1' title="bbox 1297 315 1428 371; baseline 0.008 -1"><span class='ocrx_word' id='word_1_1' title='bbox 1297 315 1428 371; x_wconf 88' lang='lat' dir='ltr'>XXXIII</span> 
     </span>
    </p>
   </div>
   <div class='ocr_carea' id='block_1_2' title="bbox 250 489 1428 4576">
    <p class='ocr_par' dir='ltr' id='par_1_2' title="bbox 250 489 1428 2536">
     <span class='ocr_line' id='line_1_2' title="bbox 250 489 1427 580; baseline -0.003 -23"><span class='ocrx_word' id='word_1_2' title='bbox 250 493 292 558; x_wconf 85' lang='lat'><strong>35</strong></span> <span class='ocrx_word' id='word_1_3' title='bbox 343 503 355 556; x_wconf 93' lang='lat' dir='ltr'>l</span> <span class='ocrx_word' id='word_1_4' title='bbox 384 492 490 558; x_wconf 83' lang='lat' dir='ltr'><strong>verbis</strong></span> <span class='ocrx_word' id='word_1_5' title='bbox 510 491 636 579; x_wconf 83' lang='lat' dir='ltr'><strong>primis,</strong></span> <span class='ocrx_word' id='word_1_6' title='bbox 662 501 696 556; x_wconf 87' lang='lat' dir='ltr'><strong>ut</strong></span> <span class='ocrx_word' id='word_1_7' title='bbox 715 489 797 572; x_wconf 84' lang='lat' dir='ltr'><strong>dixi,</strong></span> <span class='ocrx_word' id='word_1_8' title='bbox 823 491 946 556; x_wconf 84' lang='lat' dir='ltr'><strong>omissis</strong></span> <span class='ocrx_word' id='word_1_9' title='bbox 970 504 1133 580; x_wconf 77' lang='grc' dir='ltr'>προφητῶν</span> <span class='ocrx_word' id='word_1_10' title='bbox 1160 491 1202 575; x_wconf 85' lang='grc' dir='ltr'><strong>ιβ,</strong></span> <span class='ocrx_word' id='word_1_11' title='bbox 1225 496 1266 554; x_wconf 77' lang='grc' dir='ltr'><strong>ἓν·</strong></span> <span class='ocrx_word' id='word_1_12' title='bbox 1290 494 1427 570; x_wconf 75' lang='grc' dir='ltr'><strong>Ἠσαῐου.</strong></span> 
     </span>
     <span class='ocr_line' id='line_1_3' title="bbox 384 603 537 667; baseline -0.013 -3"><span class='ocrx_word' id='word_1_13' title='bbox 384 605 426 664; x_wconf 71' lang='grc' dir='ltr'><strong>ἕν·</strong></span> <span class='ocrx_word' id='word_1_14' title='bbox 444 603 537 667; x_wconf 82' lang='lat' dir='ltr'>bene.</span> 
     </span>
     <span class='ocr_line' id='line_1_4' title="bbox 340 708 1229 796; baseline 0 -24"><span class='ocrx_word' id='word_1_15' title='bbox 340 719 358 772; x_wconf 92' lang='grc'><strong>2</strong></span> <span class='ocrx_word' id='word_1_16' title='bbox 385 710 417 774; x_wconf 79' lang='grc' dir='ltr'><strong>δὲ</strong></span> <span class='ocrx_word' id='word_1_17' title='bbox 433 739 468 772; x_wconf 86' lang='grc' dir='ltr'><strong>ιυ.</strong></span> <span class='ocrx_word' id='word_1_18' title='bbox 487 747 529 756; x_wconf 89' lang='lat'>-</span> <span class='ocrx_word' id='word_1_19' title='bbox 546 714 614 793; x_wconf 81' lang='grc' dir='ltr'><strong>ὑμῖν</strong></span> <span class='ocrx_word' id='word_1_20' title='bbox 631 713 674 781; x_wconf 85' lang='grc' dir='ltr'><strong>ὡς</strong></span> <span class='ocrx_word' id='word_1_21' title='bbox 690 715 766 796; x_wconf 82' lang='grc' dir='ltr'><strong>πρὸς</strong></span> <span class='ocrx_word' id='word_1_22' title='bbox 782 709 912 794; x_wconf 78' lang='grc' dir='ltr'><strong><em>διδαχὴν</em></strong></span> <span class='ocrx_word' id='word_1_23' title='bbox 929 720 988 772; x_wconf 82' lang='grc' dir='ltr'><strong>τῶν</strong></span> <span class='ocrx_word' id='word_1_24' title='bbox 1005 708 1124 772; x_wconf 81' lang='grc' dir='ltr'><strong>παιδῶν</strong></span> <span class='ocrx_word' id='word_1_25' title='bbox 1141 714 1229 772; x_wconf 78' lang='grc' dir='ltr'><strong>ἔστω.</strong></span> 
     </span>
     <span class='ocr_line' id='line_1_5' title="bbox 340 815 1072 905; baseline 0 -25"><span class='ocrx_word' id='word_1_26' title='bbox 340 826 357 880; x_wconf 88' lang='lat'><strong>3</strong></span> <span class='ocrx_word' id='word_1_27' title='bbox 383 821 474 902; x_wconf 64' lang='grc' dir='ltr'><strong>μανθ</strong></span> <span class='ocrx_word' id='word_1_28' title='bbox 486 865 590 884; x_wconf 92' lang='grc'><strong>.....</strong></span> <span class='ocrx_word' id='word_1_29' title='bbox 609 824 695 890; x_wconf 68' lang='grc' dir='ltr'><strong>νέους</strong></span> <span class='ocrx_word' id='word_1_30' title='bbox 712 846 737 876; x_wconf 72' lang='grc' dir='ltr'><strong><em>ω</em></strong></span> <span class='ocrx_word' id='word_1_31' title='bbox 752 827 784 881; x_wconf 81' lang='lat' dir='ltr'><strong>ut</strong></span> <span class='ocrx_word' id='word_1_32' title='bbox 801 815 917 881; x_wconf 78' lang='lat' dir='ltr'><strong>deinde</strong></span> <span class='ocrx_word' id='word_1_33' title='bbox 932 823 950 890; x_wconf 77' lang='grc' dir='ltr'><em>ἡ</em></span> <span class='ocrx_word' id='word_1_34' title='bbox 968 823 1072 905; x_wconf 75' lang='grc' dir='ltr'><strong>σοφία.</strong></span> 
     </span>
     <span class='ocr_line' id='line_1_6' title="bbox 341 926 1427 1014; baseline 0.004 -26"><span class='ocrx_word' id='word_1_35' title='bbox 341 935 359 988; x_wconf 86' lang='grc'>4</span> <span class='ocrx_word' id='word_1_36' title='bbox 384 932 445 990; x_wconf 74' lang='grc' dir='ltr'><strong>ἔστι</strong></span> <span class='ocrx_word' id='word_1_37' title='bbox 462 926 495 990; x_wconf 74' lang='grc' dir='ltr'><strong>δὲ</strong></span> <span class='ocrx_word' id='word_1_38' title='bbox 511 939 576 1000; x_wconf 84' lang='grc' dir='ltr'><strong>τῆς.</strong></span> <span class='ocrx_word' id='word_1_39' title='bbox 602 965 645 974; x_wconf 89' lang='grc'><strong>-</strong></span> <span class='ocrx_word' id='word_1_40' title='bbox 667 927 832 1012; x_wconf 76' lang='grc' dir='ltr'><strong>εὐαγγέλια</strong></span> <span class='ocrx_word' id='word_1_41' title='bbox 848 934 901 1010; x_wconf 74' lang='grc' dir='ltr'><strong>μὲν</strong></span> <span class='ocrx_word' id='word_1_42' title='bbox 919 926 953 1006; x_wconf 80' lang='grc' dir='ltr'><strong>δ,</strong></span> <span class='ocrx_word' id='word_1_43' title='bbox 971 930 1015 1000; x_wconf 87' lang='grc' dir='ltr'><strong>ὡς</strong></span> <span class='ocrx_word' id='word_1_44' title='bbox 1030 932 1080 991; x_wconf 74' lang='grc' dir='ltr'><strong>καὶ</strong></span> <span class='ocrx_word' id='word_1_45' title='bbox 1096 931 1125 990; x_wconf 82' lang='grc' dir='ltr'><strong>ἐν</strong></span> <span class='ocrx_word' id='word_1_46' title='bbox 1142 941 1204 1000; x_wconf 88' lang='grc' dir='ltr'><strong>τοῖς</strong></span> <span class='ocrx_word' id='word_1_47' title='bbox 1220 928 1427 1014; x_wconf 80' lang='grc' dir='ltr'><strong>προλαβοῦσα</strong></span> 
     </span>
     <span class='ocr_line' id='line_1_7' title="bbox 383 1037 717 1121; baseline -0.003 -21"><span class='ocrx_word' id='word_1_48' title='bbox 383 1041 513 1121; x_wconf 81' lang='grc' dir='ltr'><strong>εἴπομεν,</strong></span> <span class='ocrx_word' id='word_1_49' title='bbox 531 1037 640 1100; x_wconf 56' lang='lat' dir='ltr'><strong>Mur&amp;</strong></span> <span class='ocrx_word' id='word_1_50' title='bbox 657 1041 717 1099; x_wconf 75' lang='grc' dir='ltr'><strong>νιτὲ.</strong></span> 
     </span>
     <span class='ocr_line' id='line_1_8' title="bbox 340 1141 1425 1230; baseline 0.001 -22"><span class='ocrx_word' id='word_1_51' title='bbox 340 1151 369 1208; x_wconf 76' lang='grc' dir='ltr'><strong>ὃ.</strong></span> <span class='ocrx_word' id='word_1_52' title='bbox 385 1153 402 1206; x_wconf 88' lang='grc'><strong>6</strong></span> <span class='ocrx_word' id='word_1_53' title='bbox 427 1145 468 1208; x_wconf 80' lang='grc' dir='ltr'><strong>ιδ·</strong></span> <span class='ocrx_word' id='word_1_54' title='bbox 489 1143 642 1230; x_wconf 78' lang='grc' dir='ltr'>Ἰακώβου</span> <span class='ocrx_word' id='word_1_55' title='bbox 659 1146 797 1216; x_wconf 81' lang='grc' dir='ltr'><strong>ἐπιστολὴ</strong></span> <span class='ocrx_word' id='word_1_56' title='bbox 815 1167 846 1224; x_wconf 83' lang='grc' dir='ltr'><strong>α,</strong></span> <span class='ocrx_word' id='word_1_57' title='bbox 875 1145 990 1229; x_wconf 73' lang='grc' dir='ltr'><strong>Πέτρον</strong></span> <span class='ocrx_word' id='word_1_58' title='bbox 1008 1141 1040 1227; x_wconf 86' lang='grc' dir='ltr'><strong>β,</strong></span> <span class='ocrx_word' id='word_1_59' title='bbox 1062 1145 1206 1208; x_wconf 81' lang='grc' dir='ltr'><strong>Ἰωάννου</strong></span> <span class='ocrx_word' id='word_1_60' title='bbox 1223 1167 1254 1228; x_wconf 79' lang='grc' dir='ltr'><strong>γ,</strong></span> <span class='ocrx_word' id='word_1_61' title='bbox 1275 1144 1377 1209; x_wconf 75' lang='grc' dir='ltr'><strong>Ἰούδα</strong></span> <span class='ocrx_word' id='word_1_62' title='bbox 1395 1168 1425 1208; x_wconf 92' lang='grc' dir='ltr'><strong>α.</strong></span> 
     </span>
     <span class='ocr_line' id='line_1_9' title="bbox 343 1251 1206 1338; baseline 0.001 -24"><span class='ocrx_word' id='word_1_63' title='bbox 343 1261 358 1314; x_wconf 87' lang='grc'><strong>7</strong></span> <span class='ocrx_word' id='word_1_64' title='bbox 385 1258 435 1318; x_wconf 83' lang='grc' dir='ltr'><strong>καὶ</strong></span> <span class='ocrx_word' id='word_1_65' title='bbox 451 1259 490 1318; x_wconf 81' lang='grc' dir='ltr'><strong>τὰ</strong></span> <span class='ocrx_word' id='word_1_66' title='bbox 506 1253 732 1338; x_wconf 73' lang='grc' dir='ltr'><strong>διατεταγμένα</strong></span> <span class='ocrx_word' id='word_1_67' title='bbox 748 1258 828 1337; x_wconf 81' lang='grc' dir='ltr'><strong>ὑμῖν,</strong></span> <span class='ocrx_word' id='word_1_68' title='bbox 847 1252 871 1315; x_wconf 82' lang='grc' dir='ltr'><strong><em>ὦ</em></strong></span> <span class='ocrx_word' id='word_1_69' title='bbox 888 1255 1050 1332; x_wconf 73' lang='grc' dir='ltr'><strong>ἐπίσκοποι,</strong></span> <span class='ocrx_word' id='word_1_70' title='bbox 1068 1251 1106 1315; x_wconf 82' lang='grc' dir='ltr'><strong>δι’</strong></span> <span class='ocrx_word' id='word_1_71' title='bbox 1122 1255 1206 1336; x_wconf 76' lang='grc' dir='ltr'><strong>ἐμοῦ.</strong></span> 
     </span>
     <span class='ocr_line' id='line_1_10' title="bbox 341 1363 913 1450; baseline 0 -26"><span class='ocrx_word' id='word_1_72' title='bbox 341 1369 359 1424; x_wconf 91' lang='grc'>8</span> <span class='ocrx_word' id='word_1_73' title='bbox 383 1367 434 1426; x_wconf 77' lang='grc' dir='ltr'><strong>καὶ</strong></span> <span class='ocrx_word' id='word_1_74' title='bbox 450 1365 491 1426; x_wconf 68' lang='grc' dir='ltr'><strong>ἐν.</strong></span> <span class='ocrx_word' id='word_1_75' title='bbox 510 1399 552 1410; x_wconf 87' lang='lat'>-</span> <span class='ocrx_word' id='word_1_76' title='bbox 569 1367 864 1450; x_wconf 82' lang='grc' dir='ltr'><strong>προσπεφωνημένοι,</strong></span> <span class='ocrx_word' id='word_1_77' title='bbox 881 1363 913 1424; x_wconf 85' lang='grc' dir='ltr'><strong>ἃ.</strong></span> 
     </span>
     <span class='ocr_line' id='line_1_11' title="bbox 342 1467 1055 1556; baseline 0 -24"><span class='ocrx_word' id='word_1_78' title='bbox 342 1481 359 1532; x_wconf 89' lang='grc'>9</span> <span class='ocrx_word' id='word_1_79' title='bbox 386 1476 490 1544; x_wconf 80' lang='grc' dir='ltr'><strong>αὐτοῖς</strong></span> <span class='ocrx_word' id='word_1_80' title='bbox 505 1476 647 1555; x_wconf 85' lang='grc' dir='ltr'><strong>μυστικά·</strong></span> <span class='ocrx_word' id='word_1_81' title='bbox 665 1475 706 1533; x_wconf 77' lang='grc' dir='ltr'><strong>ἔτι</strong></span> <span class='ocrx_word' id='word_1_82' title='bbox 723 1477 783 1534; x_wconf 88' lang='grc' dir='ltr'><strong>κοι1.</strong></span> <span class='ocrx_word' id='word_1_83' title='bbox 801 1508 845 1518; x_wconf 90' lang='grc'>-</span> <span class='ocrx_word' id='word_1_84' title='bbox 861 1467 985 1556; x_wconf 81' lang='grc' dir='ltr'><strong>πράξτις</strong></span> <span class='ocrx_word' id='word_1_85' title='bbox 1007 1483 1055 1537; x_wconf 89' lang='lat'><strong>÷.</strong></span> 
     </span>
     <span class='ocr_line' id='line_1_12' title="bbox 319 1579 569 1666; baseline 0.016 -26"><span class='ocrx_word' id='word_1_86' title='bbox 319 1579 569 1666; x_wconf 45' lang='lat' dir='ltr'><strong>mmm&amp;</strong></span> 
     </span>
     <span class='ocr_line' id='line_1_13' title="bbox 321 1685 751 1774; baseline -0.002 -25"><span class='ocrx_word' id='word_1_87' title='bbox 321 1697 356 1750; x_wconf 94' lang='lat'><strong>11</strong></span> <span class='ocrx_word' id='word_1_88' title='bbox 384 1695 437 1774; x_wconf 75' lang='grc' dir='ltr'><strong>μὲν</strong></span> <span class='ocrx_word' id='word_1_89' title='bbox 455 1685 528 1752; x_wconf 79' lang='lat' dir='ltr'><strong>add.</strong></span> <span class='ocrx_word' id='word_1_90' title='bbox 547 1695 620 1751; x_wconf 80' lang='lat' dir='ltr'>ante</span> <span class='ocrx_word' id='word_1_91' title='bbox 637 1689 751 1758; x_wconf 82' lang='grc' dir='ltr'><strong>αὐτοῖς.</strong></span> 
     </span>
     <span class='ocr_line' id='line_1_14' title="bbox 321 1792 1223 1884; baseline 0.002 -27"><span class='ocrx_word' id='word_1_92' title='bbox 321 1805 358 1858; x_wconf 82' lang='grc'><strong>14</strong></span> <span class='ocrx_word' id='word_1_93' title='bbox 384 1801 551 1883; x_wconf 78' lang='grc' dir='ltr'><strong>ἀγέννητος</strong></span> <span class='ocrx_word' id='word_1_94' title='bbox 566 1816 626 1883; x_wconf 91' lang='lat' dir='ltr'><strong>pro</strong></span> <span class='ocrx_word' id='word_1_95' title='bbox 644 1795 752 1872; x_wconf 78' lang='grc' dir='ltr'><strong>ἀΐδιος.</strong></span> <span class='ocrx_word' id='word_1_96' title='bbox 776 1804 850 1882; x_wconf 81' lang='lat' dir='ltr'>pust</span> <span class='ocrx_word' id='word_1_97' title='bbox 865 1795 940 1858; x_wconf 76' lang='grc' dir='ltr'><strong>σ’λων</strong></span> <span class='ocrx_word' id='word_1_98' title='bbox 957 1792 1030 1857; x_wconf 83' lang='lat' dir='ltr'><strong>add.</strong></span> <span class='ocrx_word' id='word_1_99' title='bbox 1047 1797 1079 1857; x_wconf 81' lang='grc' dir='ltr'><strong>λν</strong></span> <span class='ocrx_word' id='word_1_100' title='bbox 1095 1803 1223 1884; x_wconf 80' lang='grc' dir='ltr'><strong>χριστῷ.</strong></span> 
     </span>
     <span class='ocr_line' id='line_1_15' title="bbox 321 1905 1428 1994; baseline 0 -26"><span class='ocrx_word' id='word_1_101' title='bbox 321 1913 359 1968; x_wconf 79' lang='lat'><strong>15</strong></span> <span class='ocrx_word' id='word_1_102' title='bbox 384 1910 439 1994; x_wconf 82' lang='grc' dir='ltr'><strong>εἰρ.</strong></span> <span class='ocrx_word' id='word_1_103' title='bbox 457 1910 507 1970; x_wconf 84' lang='grc' dir='ltr'><strong>καὶ</strong></span> <span class='ocrx_word' id='word_1_104' title='bbox 524 1910 566 1968; x_wconf 77' lang='grc' dir='ltr'><strong>ἐν.</strong></span> <span class='ocrx_word' id='word_1_105' title='bbox 596 1941 637 1950; x_wconf 88' lang='grc'>-</span> <span class='ocrx_word' id='word_1_106' title='bbox 667 1907 768 1968; x_wconf 71' lang='grc' dir='ltr'><strong>ἑνώσει</strong></span> <span class='ocrx_word' id='word_1_107' title='bbox 790 1925 849 1990; x_wconf 89' lang='lat' dir='ltr'><strong>pro</strong></span> <span class='ocrx_word' id='word_1_108' title='bbox 872 1905 1032 1984; x_wconf 67' lang='grc' dir='ltr'><strong>σθενώσει,</strong></span> <span class='ocrx_word' id='word_1_109' title='bbox 1060 1912 1186 1968; x_wconf 80' lang='lat' dir='ltr'>servato</span> <span class='ocrx_word' id='word_1_110' title='bbox 1207 1913 1266 1969; x_wconf 74' lang='lat' dir='ltr'><strong>nal.</strong></span> <span class='ocrx_word' id='word_1_111' title='bbox 1290 1915 1364 1969; x_wconf 83' lang='lat' dir='ltr'><strong>ante</strong></span> <span class='ocrx_word' id='word_1_112' title='bbox 1386 1911 1428 1978; x_wconf 72' lang='grc' dir='ltr'><strong>εἰς</strong></span> 
     </span>
     <span class='ocr_line' id='line_1_16' title="bbox 383 2013 569 2098; baseline -0.011 -20"><span class='ocrx_word' id='word_1_113' title='bbox 383 2013 458 2078; x_wconf 81' lang='lat' dir='ltr'><strong>add.</strong></span> <span class='ocrx_word' id='word_1_114' title='bbox 475 2020 569 2098; x_wconf 84' lang='grc' dir='ltr'><strong>ὑμᾶς.</strong></span> 
     </span>
     <span class='ocr_line' id='line_1_17' title="bbox 320 2118 1237 2208; baseline 0 -23"><span class='ocrx_word' id='word_1_115' title='bbox 320 2133 358 2186; x_wconf 90' lang='grc'><strong>16</strong></span> <span class='ocrx_word' id='word_1_116' title='bbox 384 2129 440 2207; x_wconf 89' lang='grc' dir='ltr'><strong>ἀμ.</strong></span> <span class='ocrx_word' id='word_1_117' title='bbox 457 2131 506 2187; x_wconf 83' lang='grc' dir='ltr'><strong>καί</strong></span> <span class='ocrx_word' id='word_1_118' title='bbox 523 2122 735 2208; x_wconf 71' lang='grc' dir='ltr'><strong>ἀνεγκλήτους.</strong></span> <span class='ocrx_word' id='word_1_119' title='bbox 761 2118 877 2184; x_wconf 82' lang='lat' dir='ltr'><strong>deinde</strong></span> <span class='ocrx_word' id='word_1_120' title='bbox 892 2125 975 2206; x_wconf 83' lang='grc' dir='ltr'><strong>ὑμᾶς</strong></span> <span class='ocrx_word' id='word_1_121' title='bbox 990 2118 1064 2183; x_wconf 80' lang='lat' dir='ltr'><strong>add.</strong></span> <span class='ocrx_word' id='word_1_122' title='bbox 1082 2130 1155 2184; x_wconf 80' lang='lat' dir='ltr'>antu</span> <span class='ocrx_word' id='word_1_123' title='bbox 1171 2133 1237 2196; x_wconf 84' lang='grc' dir='ltr'><strong>τῆς.</strong></span> 
     </span>
     <span class='ocr_line' id='line_1_18' title="bbox 320 2228 710 2298; baseline -0.005 -2"><span class='ocrx_word' id='word_1_124' title='bbox 320 2240 359 2296; x_wconf 88' lang='grc'><strong>18</strong></span> <span class='ocrx_word' id='word_1_125' title='bbox 385 2237 479 2298; x_wconf 70' lang='grc' dir='ltr'><strong>αὐτοῦ</strong></span> <span class='ocrx_word' id='word_1_126' title='bbox 495 2261 531 2294; x_wconf 82' lang='grc' dir='ltr'><strong>ιν.</strong></span> <span class='ocrx_word' id='word_1_127' title='bbox 548 2269 591 2278; x_wconf 87' lang='lat'><strong>—-</strong></span> <span class='ocrx_word' id='word_1_128' title='bbox 608 2228 647 2295; x_wconf 82' lang='grc' dir='ltr'><strong>δι’</strong></span> <span class='ocrx_word' id='word_1_129' title='bbox 665 2229 710 2294; x_wconf 83' lang='grc' dir='ltr'><strong>οὗ.</strong></span> 
     </span>
     <span class='ocr_line' id='line_1_19' title="bbox 320 2338 1425 2426; baseline 0 -23"><span class='ocrx_word' id='word_1_130' title='bbox 320 2350 358 2403; x_wconf 87' lang='grc'><strong>19</strong></span> <span class='ocrx_word' id='word_1_131' title='bbox 383 2341 450 2408; x_wconf 85' lang='lat' dir='ltr'><strong>init.</strong></span> <span class='ocrx_word' id='word_1_132' title='bbox 464 2338 537 2404; x_wconf 87' lang='lat' dir='ltr'>udd.</span> <span class='ocrx_word' id='word_1_133' title='bbox 550 2346 601 2403; x_wconf 75' lang='grc' dir='ltr'><strong>καὶ</strong></span> <span class='ocrx_word' id='word_1_134' title='bbox 613 2345 646 2402; x_wconf 79' lang='grc' dir='ltr'><strong>τό</strong></span> <span class='ocrx_word' id='word_1_135' title='bbox 658 2345 779 2425; x_wconf 85' lang='grc' dir='ltr'><strong>κράτος.</strong></span> <span class='ocrx_word' id='word_1_136' title='bbox 792 2358 868 2401; x_wconf 89' lang='lat' dir='ltr'><strong>mox</strong></span> <span class='ocrx_word' id='word_1_137' title='bbox 879 2338 948 2418; x_wconf 72' lang='grc' dir='ltr'><strong>θεῷ</strong></span> <span class='ocrx_word' id='word_1_138' title='bbox 960 2345 1010 2401; x_wconf 74' lang='grc' dir='ltr'><strong>καὶ</strong></span> <span class='ocrx_word' id='word_1_139' title='bbox 1023 2343 1125 2425; x_wconf 76' lang='grc' dir='ltr'><strong>πατρὶ.</strong></span> <span class='ocrx_word' id='word_1_140' title='bbox 1140 2347 1225 2419; x_wconf 82' lang='grc' dir='ltr'><strong>ο1τῷ</strong></span> <span class='ocrx_word' id='word_1_141' title='bbox 1243 2339 1374 2426; x_wconf 84' lang='grc' dir='ltr'><strong>παρακλ.</strong></span> <span class='ocrx_word' id='word_1_142' title='bbox 1388 2367 1425 2403; x_wconf 65' lang='lat' dir='ltr'><strong>fv.</strong></span> 
     </span>
     <span class='ocr_line' id='line_1_20' title="bbox 382 2444 1331 2536; baseline -0.004 -24"><span class='ocrx_word' id='word_1_143' title='bbox 382 2449 416 2512; x_wconf 92' lang='lat' dir='ltr'><strong>in</strong></span> <span class='ocrx_word' id='word_1_144' title='bbox 433 2446 536 2536; x_wconf 80' lang='lat' dir='ltr'><strong>cupite</strong></span> <span class='ocrx_word' id='word_1_145' title='bbox 552 2457 642 2512; x_wconf 83' lang='lat' dir='ltr'><strong>sexto</strong></span> <span class='ocrx_word' id='word_1_146' title='bbox 659 2445 739 2510; x_wconf 79' lang='lat' dir='ltr'>haue</span> <span class='ocrx_word' id='word_1_147' title='bbox 754 2444 900 2510; x_wconf 78' lang='lat' dir='ltr'><strong>lectionis</strong></span> <span class='ocrx_word' id='word_1_148' title='bbox 915 2444 1052 2510; x_wconf 80' lang='lat' dir='ltr'><strong>varietas</strong></span> <span class='ocrx_word' id='word_1_149' title='bbox 1070 2445 1253 2510; x_wconf 78' lang='lat' dir='ltr'><strong>annotanda</strong></span> <span class='ocrx_word' id='word_1_150' title='bbox 1268 2456 1331 2510; x_wconf 82' lang='lat' dir='ltr'>est:</span> 
     </span>
    </p>

    <p class='ocr_par' dir='ltr' id='par_1_3' title="bbox 250 2552 1428 2968">
     <span class='ocr_line' id='line_1_21' title="bbox 250 2552 1427 2643; baseline -0.003 -22"><span class='ocrx_word' id='word_1_151' title='bbox 250 2556 292 2621; x_wconf 80' lang='lat'><strong>37</strong></span> <span class='ocrx_word' id='word_1_152' title='bbox 321 2565 448 2619; x_wconf 83' lang='grc'>14-17</span> <span class='ocrx_word' id='word_1_153' title='bbox 475 2559 553 2622; x_wconf 67' lang='grc' dir='ltr'><strong>συθ.</strong></span> <span class='ocrx_word' id='word_1_154' title='bbox 571 2583 608 2620; x_wconf 80' lang='grc' dir='ltr'><strong>ιν.</strong></span> <span class='ocrx_word' id='word_1_155' title='bbox 636 2577 667 2643; x_wconf 89' lang='lat' dir='ltr'><strong>p.</strong></span> <span class='ocrx_word' id='word_1_156' title='bbox 692 2573 771 2620; x_wconf 62' lang='lat' dir='ltr'><strong>aa</strong></span> <span class='ocrx_word' id='word_1_157' title='bbox 797 2575 886 2640; x_wconf 83' lang='lat' dir='ltr'><strong>seqq.</strong></span> <span class='ocrx_word' id='word_1_158' title='bbox 914 2552 947 2617; x_wconf 89' lang='lat' dir='ltr'><strong>in</strong></span> <span class='ocrx_word' id='word_1_159' title='bbox 978 2553 1091 2618; x_wconf 83' lang='lat' dir='ltr'>horum</span> <span class='ocrx_word' id='word_1_160' title='bbox 1119 2553 1190 2619; x_wconf 84' lang='lat' dir='ltr'>loco</span> <span class='ocrx_word' id='word_1_161' title='bbox 1213 2554 1427 2620; x_wconf 84' lang='lat' dir='ltr'>substituitur:</span> 
     </span>
     <span class='ocr_line' id='line_1_22' title="bbox 383 2664 1428 2750; baseline -0.005 -17"><span class='ocrx_word' id='word_1_162' title='bbox 383 2666 477 2732; x_wconf 86' lang='grc' dir='ltr'><strong>Πάλιν</strong></span> <span class='ocrx_word' id='word_1_163' title='bbox 493 2672 511 2739; x_wconf 76' lang='grc' dir='ltr'><em>ἡ</em></span> <span class='ocrx_word' id='word_1_164' title='bbox 529 2664 653 2736; x_wconf 75' lang='grc' dir='ltr'><strong>σύνοδος</strong></span> <span class='ocrx_word' id='word_1_165' title='bbox 669 2676 729 2730; x_wconf 84' lang='grc' dir='ltr'><strong>τῶν</strong></span> <span class='ocrx_word' id='word_1_166' title='bbox 748 2666 788 2740; x_wconf 84' lang='grc' dir='ltr'><strong>πζ</strong></span> <span class='ocrx_word' id='word_1_167' title='bbox 806 2667 972 2728; x_wconf 80' lang='grc' dir='ltr'><strong>ἐπισκόπων</strong></span> <span class='ocrx_word' id='word_1_168' title='bbox 993 2669 1012 2736; x_wconf 72' lang='grc' dir='ltr'><strong>ι)</strong></span> <span class='ocrx_word' id='word_1_169' title='bbox 1036 2670 1181 2748; x_wconf 70' lang='grc' dir='ltr'><strong>γενομένη</strong></span> <span class='ocrx_word' id='word_1_170' title='bbox 1203 2667 1233 2728; x_wconf 68' lang='grc' dir='ltr'><strong>ἐν</strong></span> <span class='ocrx_word' id='word_1_171' title='bbox 1252 2665 1428 2750; x_wconf 80' lang='grc' dir='ltr'><strong>Καρχηδόνι</strong></span> 
     </span>
     <span class='ocr_line' id='line_1_23' title="bbox 383 2775 1428 2860; baseline -0.001 -23"><span class='ocrx_word' id='word_1_172' title='bbox 383 2775 464 2839; x_wconf 77' lang='grc' dir='ltr'><strong>πόλει</strong></span> <span class='ocrx_word' id='word_1_173' title='bbox 482 2786 538 2850; x_wconf 81' lang='grc' dir='ltr'><strong>τῆς</strong></span> <span class='ocrx_word' id='word_1_174' title='bbox 560 2775 707 2860; x_wconf 75' lang='grc' dir='ltr'><strong>Ἀφρικῆς</strong></span> <span class='ocrx_word' id='word_1_175' title='bbox 723 2776 753 2836; x_wconf 69' lang='grc' dir='ltr'><strong>ἐν</strong></span> <span class='ocrx_word' id='word_1_176' title='bbox 776 2783 845 2845; x_wconf 83' lang='grc' dir='ltr'><strong>ταῖς</strong></span> <span class='ocrx_word' id='word_1_177' title='bbox 860 2777 989 2858; x_wconf 80' lang='grc' dir='ltr'><strong>ἡμέραις</strong></span> <span class='ocrx_word' id='word_1_178' title='bbox 1004 2783 1057 2836; x_wconf 83' lang='grc' dir='ltr'><strong>τοῦ</strong></span> <span class='ocrx_word' id='word_1_179' title='bbox 1073 2777 1163 2858; x_wconf 76' lang='grc' dir='ltr'><strong>σἰγὶον</strong></span> <span class='ocrx_word' id='word_1_180' title='bbox 1179 2775 1353 2860; x_wconf 83' lang='grc' dir='ltr'><strong>Κνπριανοῡ</strong></span> <span class='ocrx_word' id='word_1_181' title='bbox 1376 2783 1428 2836; x_wconf 83' lang='grc' dir='ltr'><strong>τοῦ</strong></span> 
     </span>
     <span class='ocr_line' id='line_1_24' title="bbox 384 2885 792 2968; baseline -0.01 -21"><span class='ocrx_word' id='word_1_182' title='bbox 384 2885 543 2948; x_wconf 74' lang='grc' dir='ltr'><strong>ἐπισκόπου</strong></span> <span class='ocrx_word' id='word_1_183' title='bbox 559 2887 610 2944; x_wconf 78' lang='grc' dir='ltr'><strong>καὶ</strong></span> <span class='ocrx_word' id='word_1_184' title='bbox 624 2886 792 2968; x_wconf 82' lang='grc' dir='ltr'><strong>μάρτυρος.</strong></span> 
     </span>
    </p>

    <p class='ocr_par' dir='ltr' id='par_1_4' title="bbox 320 2987 1264 3077">
     <span class='ocr_line' id='line_1_25' title="bbox 320 2987 1264 3077; baseline -0.005 -22"><span class='ocrx_word' id='word_1_185' title='bbox 320 2998 359 3056; x_wconf 84' lang='grc'><strong>18</strong></span> <span class='ocrx_word' id='word_1_186' title='bbox 384 3010 535 3054; x_wconf 81' lang='lat' dir='ltr'>numerus</span> <span class='ocrx_word' id='word_1_187' title='bbox 551 2991 592 3065; x_wconf 81' lang='grc' dir='ltr'><strong>πζ</strong></span> <span class='ocrx_word' id='word_1_188' title='bbox 605 3009 665 3076; x_wconf 88' lang='lat' dir='ltr'><strong>pro</strong></span> <span class='ocrx_word' id='word_1_189' title='bbox 682 2987 733 3054; x_wconf 83' lang='grc' dir='ltr'><strong>πδ.</strong></span> <span class='ocrx_word' id='word_1_190' title='bbox 760 3025 799 3036; x_wconf 90' lang='lat'>-</span> <span class='ocrx_word' id='word_1_191' title='bbox 819 2991 850 3053; x_wconf 74' lang='grc' dir='ltr'><strong>ἐκ</strong></span> <span class='ocrx_word' id='word_1_192' title='bbox 865 3002 920 3066; x_wconf 82' lang='grc' dir='ltr'><strong>τῆς</strong></span> <span class='ocrx_word' id='word_1_193' title='bbox 936 2993 1096 3077; x_wconf 73' lang='grc' dir='ltr'><strong>ρωμαικῆς</strong></span> <span class='ocrx_word' id='word_1_194' title='bbox 1111 2991 1264 3076; x_wconf 79' lang='grc' dir='ltr'><strong>γλώσσης.</strong></span> 
     </span>
    </p>

    <p class='ocr_par' dir='ltr' id='par_1_5' title="bbox 319 3093 1299 3188">
     <span class='ocr_line' id='line_1_26' title="bbox 319 3093 1299 3188; baseline -0.006 -24"><span class='ocrx_word' id='word_1_195' title='bbox 319 3109 357 3164; x_wconf 84' lang='grc'><strong>19</strong></span> <span class='ocrx_word' id='word_1_196' title='bbox 382 3101 449 3166; x_wconf 91' lang='grc' dir='ltr'><strong>καλ.</strong></span> <span class='ocrx_word' id='word_1_197' title='bbox 468 3121 552 3165; x_wconf 83' lang='grc' dir='ltr'><strong>σεπτ.</strong></span> <span class='ocrx_word' id='word_1_198' title='bbox 575 3112 625 3169; x_wconf 85' lang='lat'><strong>÷.</strong></span> <span class='ocrx_word' id='word_1_199' title='bbox 642 3106 717 3162; x_wconf 78' lang='lat' dir='ltr'>unte</span> <span class='ocrx_word' id='word_1_200' title='bbox 733 3099 953 3188; x_wconf 67' lang='grc' dir='ltr'><strong>συναχθέντων</strong></span> <span class='ocrx_word' id='word_1_201' title='bbox 970 3107 1089 3184; x_wconf 82' lang='lat' dir='ltr'>puncto</span> <span class='ocrx_word' id='word_1_202' title='bbox 1105 3096 1249 3162; x_wconf 82' lang='lat' dir='ltr'><strong>distinxit</strong></span> <span class='ocrx_word' id='word_1_203' title='bbox 1264 3093 1299 3164; x_wconf 83' lang='lat' dir='ltr'><strong>S.</strong></span> 
     </span>
    </p>

    <p class='ocr_par' dir='ltr' id='par_1_6' title="bbox 316 3204 858 3275">
     <span class='ocr_line' id='line_1_27' title="bbox 316 3204 858 3275; baseline -0.009 -1"><span class='ocrx_word' id='word_1_204' title='bbox 316 3218 357 3274; x_wconf 90' lang='grc'><strong>20</strong></span> <span class='ocrx_word' id='word_1_205' title='bbox 381 3208 449 3272; x_wconf 86' lang='lat' dir='ltr'><strong>init.</strong></span> <span class='ocrx_word' id='word_1_206' title='bbox 468 3213 634 3274; x_wconf 79' lang='grc' dir='ltr'><strong>ἐπισκόπων</strong></span> <span class='ocrx_word' id='word_1_207' title='bbox 651 3207 766 3275; x_wconf 78' lang='grc' dir='ltr'><strong>πολλῶν</strong></span> <span class='ocrx_word' id='word_1_208' title='bbox 785 3204 858 3270; x_wconf 82' lang='lat' dir='ltr'><strong>add.</strong></span> 
     </span>
    </p>

    <p class='ocr_par' dir='ltr' id='par_1_7' title="bbox 316 3311 1425 3405">
     <span class='ocr_line' id='line_1_28' title="bbox 316 3311 1425 3405; baseline -0.002 -26"><span class='ocrx_word' id='word_1_209' title='bbox 316 3325 355 3380; x_wconf 92' lang='grc'><strong>21</strong></span> <span class='ocrx_word' id='word_1_210' title='bbox 382 3317 669 3405; x_wconf 72' lang='grc' dir='ltr'><strong>ροεῑλαοῦοοιιιιιου</strong></span> <span class='ocrx_word' id='word_1_211' title='bbox 681 3311 1117 3404; x_wconf 73' lang='grc' dir='ltr'><strong>ροευί18.ιτιοπ’1ουβαῖοινοῦ</strong></span> <span class='ocrx_word' id='word_1_212' title='bbox 1129 3323 1223 3400; x_wconf 82' lang='lat' dir='ltr'>atque</span> <span class='ocrx_word' id='word_1_213' title='bbox 1234 3314 1425 3402; x_wconf 80' lang='lat' dir='ltr'>ituuemper.</span> 
     </span>
    </p>

    <p class='ocr_par' dir='ltr' id='par_1_8' title="bbox 315 3423 1428 3731">
     <span class='ocr_line' id='line_1_29' title="bbox 315 3423 1428 3514; baseline -0.003 -22"><span class='ocrx_word' id='word_1_214' title='bbox 315 3434 356 3492; x_wconf 86' lang='grc'><strong>23</strong></span> <span class='ocrx_word' id='word_1_215' title='bbox 382 3431 563 3514; x_wconf 81' lang='grc' dir='ltr'><strong>αἰροτικοὺς,</strong></span> <span class='ocrx_word' id='word_1_216' title='bbox 586 3429 628 3488; x_wconf 79' lang='grc' dir='ltr'><strong>ἔτι</strong></span> <span class='ocrx_word' id='word_1_217' title='bbox 650 3425 682 3489; x_wconf 81' lang='grc' dir='ltr'><strong>δὲ</strong></span> <span class='ocrx_word' id='word_1_218' title='bbox 698 3431 877 3492; x_wconf 75' lang='grc' dir='ltr'><strong>καὶτούτων</strong></span> <span class='ocrx_word' id='word_1_219' title='bbox 895 3428 916 3489; x_wconf 86' lang='grc' dir='ltr'><strong>ἀ</strong></span> <span class='ocrx_word' id='word_1_220' title='bbox 934 3427 1122 3511; x_wconf 77' lang='grc' dir='ltr'><strong>ἀντέγραψεν</strong></span> <span class='ocrx_word' id='word_1_221' title='bbox 1142 3423 1337 3507; x_wconf 82' lang='grc' dir='ltr'><strong>Ἰονβαῐανὸς</strong></span> <span class='ocrx_word' id='word_1_222' title='bbox 1352 3432 1428 3512; x_wconf 82' lang='grc' dir='ltr'><strong>πρὸς</strong></span> 
     </span>
     <span class='ocr_line' id='line_1_30' title="bbox 382 3529 1427 3622; baseline -0.002 -24"><span class='ocrx_word' id='word_1_223' title='bbox 382 3538 572 3619; x_wconf 80' lang='grc' dir='ltr'><strong>Κυπριανοντ</strong></span> <span class='ocrx_word' id='word_1_224' title='bbox 597 3537 707 3620; x_wconf 85' lang='grc' dir='ltr'><strong>ἀναγκ.</strong></span> <span class='ocrx_word' id='word_1_225' title='bbox 723 3541 816 3618; x_wconf 78' lang='grc' dir='ltr'><strong>ἡγησ.</strong></span> <span class='ocrx_word' id='word_1_226' title='bbox 841 3532 958 3598; x_wconf 86' lang='lat' dir='ltr'><strong>omisso</strong></span> <span class='ocrx_word' id='word_1_227' title='bbox 975 3533 1018 3598; x_wconf 71' lang='grc' dir='ltr'><strong>δὲ.</strong></span> <span class='ocrx_word' id='word_1_228' title='bbox 1044 3529 1147 3619; x_wconf 83' lang='lat' dir='ltr'>Syrus</span> <span class='ocrx_word' id='word_1_229' title='bbox 1162 3534 1288 3622; x_wconf 66' lang='grc' dir='ltr'><strong>θεόφιλτ</strong></span> <span class='ocrx_word' id='word_1_230' title='bbox 1309 3555 1427 3597; x_wconf 84' lang='lat' dir='ltr'>nomen</span> 
     </span>
     <span class='ocr_line' id='line_1_31' title="bbox 380 3639 875 3731; baseline -0.008 -25"><span class='ocrx_word' id='word_1_231' title='bbox 380 3642 545 3731; x_wconf 85' lang='lat' dir='ltr'><strong>proprium</strong></span> <span class='ocrx_word' id='word_1_232' title='bbox 560 3663 629 3706; x_wconf 82' lang='lat' dir='ltr'>usse</span> <span class='ocrx_word' id='word_1_233' title='bbox 645 3663 711 3709; x_wconf 86' lang='lat' dir='ltr'><strong>uon</strong></span> <span class='ocrx_word' id='word_1_234' title='bbox 727 3639 875 3706; x_wconf 82' lang='lat' dir='ltr'><strong>eredidit.</strong></span> 
     </span>
    </p>

    <p class='ocr_par' dir='ltr' id='par_1_9' title="bbox 316 3754 1427 3947">
     <span class='ocr_line' id='line_1_32' title="bbox 316 3754 1427 3838; baseline -0.001 -24"><span class='ocrx_word' id='word_1_235' title='bbox 316 3761 357 3814; x_wconf 88' lang='grc'><strong>24</strong></span> <span class='ocrx_word' id='word_1_236' title='bbox 383 3757 427 3828; x_wconf 85' lang='grc' dir='ltr'><strong>ὡς</strong></span> <span class='ocrx_word' id='word_1_237' title='bbox 443 3757 477 3820; x_wconf 88' lang='grc' dir='ltr'><strong>ου’</strong></span> <span class='ocrx_word' id='word_1_238' title='bbox 493 3757 583 3834; x_wconf 81' lang='grc' dir='ltr'><strong>μόνον</strong></span> <span class='ocrx_word' id='word_1_239' title='bbox 601 3755 616 3818; x_wconf 80' lang='grc' dir='ltr'><strong><em>ὁ</em></strong></span> <span class='ocrx_word' id='word_1_240' title='bbox 632 3773 704 3835; x_wconf 83' lang='grc' dir='ltr'><strong>μανι.</strong></span> <span class='ocrx_word' id='word_1_241' title='bbox 722 3754 906 3838; x_wconf 79' lang='grc' dir='ltr'><strong>Κυπριανος.</strong></span> <span class='ocrx_word' id='word_1_242' title='bbox 932 3773 1007 3816; x_wconf 83' lang='lat' dir='ltr'><strong>mox</strong></span> <span class='ocrx_word' id='word_1_243' title='bbox 1024 3757 1094 3824; x_wconf 74' lang='grc' dir='ltr'><strong>τοὺς</strong></span> <span class='ocrx_word' id='word_1_244' title='bbox 1111 3757 1276 3836; x_wconf 81' lang='grc' dir='ltr'><strong>αἱρετικους</strong></span> <span class='ocrx_word' id='word_1_245' title='bbox 1291 3756 1341 3814; x_wconf 75' lang='grc' dir='ltr'><strong>καὶ</strong></span> <span class='ocrx_word' id='word_1_246' title='bbox 1357 3757 1427 3823; x_wconf 82' lang='grc' dir='ltr'><strong>τοὺς</strong></span> 
     </span>
     <span class='ocr_line' id='line_1_33' title="bbox 381 3867 610 3947; baseline 0.004 -23"><span class='ocrx_word' id='word_1_247' title='bbox 381 3867 610 3947; x_wconf 82' lang='grc' dir='ltr'><strong>σχισματικοὺς.</strong></span> 
     </span>
    </p>

    <p class='ocr_par' dir='ltr' id='par_1_10' title="bbox 315 3974 1030 4056">
     <span class='ocr_line' id='line_1_34' title="bbox 315 3974 1030 4056; baseline -0.001 -24"><span class='ocrx_word' id='word_1_248' title='bbox 315 3977 356 4032; x_wconf 83' lang='grc'><strong>26</strong></span> <span class='ocrx_word' id='word_1_249' title='bbox 381 3977 452 4047; x_wconf 83' lang='grc' dir='ltr'><strong>τοὺς</strong></span> <span class='ocrx_word' id='word_1_250' title='bbox 469 3974 633 4056; x_wconf 83' lang='grc' dir='ltr'><strong>αι’ρττικοὺς</strong></span> <span class='ocrx_word' id='word_1_251' title='bbox 648 3977 697 4032; x_wconf 75' lang='grc' dir='ltr'><strong>καὶ</strong></span> <span class='ocrx_word' id='word_1_252' title='bbox 714 3976 785 4042; x_wconf 86' lang='grc' dir='ltr'><strong>τοὺς</strong></span> <span class='ocrx_word' id='word_1_253' title='bbox 802 3975 1030 4054; x_wconf 84' lang='grc' dir='ltr'><strong>σχισματικούς.</strong></span> 
     </span>
    </p>

    <p class='ocr_par' dir='ltr' id='par_1_11' title="bbox 315 4077 563 4164">
     <span class='ocr_line' id='line_1_35' title="bbox 315 4077 563 4164; baseline 0.016 -26"><span class='ocrx_word' id='word_1_254' title='bbox 315 4085 355 4138; x_wconf 83' lang='grc'><strong>29</strong></span> <span class='ocrx_word' id='word_1_255' title='bbox 381 4081 422 4154; x_wconf 84' lang='grc' dir='ltr'><strong>πζ</strong></span> <span class='ocrx_word' id='word_1_256' title='bbox 436 4098 496 4164; x_wconf 89' lang='lat' dir='ltr'><strong>pro</strong></span> <span class='ocrx_word' id='word_1_257' title='bbox 511 4077 563 4142; x_wconf 81' lang='grc' dir='ltr'><strong>πδ.</strong></span> 
     </span>
    </p>

    <p class='ocr_par' dir='ltr' id='par_1_12' title="bbox 315 4184 1266 4275">
     <span class='ocr_line' id='line_1_36' title="bbox 315 4184 1266 4275; baseline 0.003 -27"><span class='ocrx_word' id='word_1_258' title='bbox 315 4193 355 4248; x_wconf 86' lang='grc'><strong>30</strong></span> <span class='ocrx_word' id='word_1_259' title='bbox 381 4191 540 4260; x_wconf 75' lang='grc' dir='ltr'><strong>ἐπίσκοπος</strong></span> <span class='ocrx_word' id='word_1_260' title='bbox 555 4188 603 4259; x_wconf 76' lang='grc' dir='ltr'><strong>ἦν·</strong></span> <span class='ocrx_word' id='word_1_261' title='bbox 621 4193 679 4259; x_wconf 87' lang='grc' dir='ltr'><strong>τὰς</strong></span> <span class='ocrx_word' id='word_1_262' title='bbox 696 4186 728 4250; x_wconf 78' lang='grc' dir='ltr'><strong>δὲ</strong></span> <span class='ocrx_word' id='word_1_263' title='bbox 745 4191 928 4275; x_wconf 83' lang='grc' dir='ltr'><strong>ἀποφάσεις.</strong></span> <span class='ocrx_word' id='word_1_264' title='bbox 953 4184 1008 4249; x_wconf 92' lang='lat' dir='ltr'><strong>ubi</strong></span> <span class='ocrx_word' id='word_1_265' title='bbox 1024 4190 1195 4273; x_wconf 79' lang='grc' dir='ltr'><strong>ἀποφάσεις</strong></span> <span class='ocrx_word' id='word_1_266' title='bbox 1218 4202 1266 4256; x_wconf 86' lang='lat'><strong>÷.</strong></span> 
     </span>
    </p>

    <p class='ocr_par' dir='ltr' id='par_1_13' title="bbox 314 4295 1084 4384">
     <span class='ocr_line' id='line_1_37' title="bbox 314 4295 1084 4384; baseline 0 -28"><span class='ocrx_word' id='word_1_267' title='bbox 314 4301 353 4356; x_wconf 85' lang='grc'><strong>31</strong></span> <span class='ocrx_word' id='word_1_268' title='bbox 381 4299 547 4359; x_wconf 75' lang='grc' dir='ltr'><strong>ἐπισκόπων</strong></span> <span class='ocrx_word' id='word_1_269' title='bbox 564 4301 622 4368; x_wconf 84' lang='grc' dir='ltr'><strong>τὰς</strong></span> <span class='ocrx_word' id='word_1_270' title='bbox 638 4296 799 4368; x_wconf 67' lang='grc' dir='ltr'><strong>ἐπιστολὰς</strong></span> <span class='ocrx_word' id='word_1_271' title='bbox 815 4300 873 4368; x_wconf 81' lang='grc' dir='ltr'><strong>τὰς</strong></span> <span class='ocrx_word' id='word_1_272' title='bbox 888 4295 1084 4384; x_wconf 66' lang='grc' dir='ltr'><strong>γραφεὶσοιςλ</strong></span> 
     </span>
    </p>

    <p class='ocr_par' dir='ltr' id='par_1_14' title="bbox 315 4402 926 4491">
     <span class='ocr_line' id='line_1_38' title="bbox 315 4402 926 4491; baseline 0.01 -27"><span class='ocrx_word' id='word_1_273' title='bbox 315 4411 354 4464; x_wconf 84' lang='grc'><strong>32</strong></span> <span class='ocrx_word' id='word_1_274' title='bbox 382 4402 478 4486; x_wconf 81' lang='grc' dir='ltr'><strong>βαπτ.</strong></span> <span class='ocrx_word' id='word_1_275' title='bbox 495 4413 556 4467; x_wconf 84' lang='grc' dir='ltr'><strong>τῶν</strong></span> <span class='ocrx_word' id='word_1_276' title='bbox 575 4409 741 4491; x_wconf 75' lang='grc' dir='ltr'><strong>αἰρετικῶν,</strong></span> <span class='ocrx_word' id='word_1_277' title='bbox 759 4408 801 4468; x_wconf 76' lang='grc' dir='ltr'><strong>ἔτι</strong></span> <span class='ocrx_word' id='word_1_278' title='bbox 818 4403 850 4469; x_wconf 72' lang='grc' dir='ltr'><strong>δὲ</strong></span> <span class='ocrx_word' id='word_1_279' title='bbox 866 4412 926 4471; x_wconf 78' lang='grc' dir='ltr'><strong>καὶ.</strong></span> 
     </span>
    </p>

    <p class='ocr_par' dir='ltr' id='par_1_15' title="bbox 313 4519 485 4576">
     <span class='ocr_line' id='line_1_39' title="bbox 313 4519 485 4576; baseline 0.023 -4"><span class='ocrx_word' id='word_1_280' title='bbox 313 4521 366 4572; x_wconf 84' lang='grc'><strong>34.</strong></span> <span class='ocrx_word' id='word_1_281' title='bbox 384 4519 425 4576; x_wconf 80' lang='lat'><strong>35</strong></span> <span class='ocrx_word' id='word_1_282' title='bbox 450 4539 485 4576; x_wconf 82' lang='grc' dir='ltr'><strong>ιν.</strong></span> 
     </span>
    </p>
   </div>
   <div class='ocr_carea' id='block_1_3' title="bbox 0 0 1564 4980">
    <p class='ocr_par' dir='ltr' id='par_1_16' title="bbox 0 0 1564 4980">
     <span class='ocr_line' id='line_1_40' title="bbox 0 0 1564 4980; baseline 0 0"><span class='ocrx_word' id='word_1_283' title='bbox 0 0 1564 4980; x_wconf 95' lang='lat' dir='ltr'><strong> </strong></span> 
     </span>
    </p>
   </div>
  </div>
 </body>
</html>
