3128 4972
670 430 882 491 -36-·-

170 598 205 663 id
228 599 316 683 quod
339 620 438 682 supra
454 597 688 682 judicavimus,
719 597 861 662 Asianos
884 595 972 660 diem
996 619 1090 660 suum
1114 598 1306 682 paschalem
1329 599 1379 662 in·

171 718 320 783 stituisse
348 740 414 781 non
446 718 487 781 ad
516 717 672 782 historiae
705 717 916 800 evangelicae
945 717 1212 800 chronologiam,
1246 717 1303 781 sed
1337 717 1379 782 ad

172 840 293 903 veteris
326 837 521 902 testamenti
551 838 672 922 legem.
718 838 837 921 Neque
875 837 962 901 enim
1000 836 1033 900 id
1071 859 1088 900 e
1120 837 1306 922 Polycratis
1345 847 1379 902 et

172 958 356 1044 Apolinarii
381 957 489 1021 verbis
513 957 628 1040 colligi
643 965 768 1064 potest,
793 956 1102 1040 quartodecimanos
1120 957 1378 1022 celebrationem

172 1101 263 1142 suam
289 1077 530 1141 instituisse
554 1076 588 1140 in
613 1076 801 1141 memoriam
827 1077 965 1141 ultimae
984 1078 1069 1140 Jesu
1093 1075 1217 1140 Christi
1243 1097 1378 1155 coenae,

172 1199 231 1262 sed
253 1197 287 1262 id
310 1204 452 1275 tantum,
483 1218 550 1274 eos,
576 1219 650 1260 cum
670 1199 741 1280 jam
765 1196 990 1261 controversia
1012 1196 1098 1260 inter
1121 1196 1210 1281 ipsos
1235 1205 1379 1261 ceteros-

172 1339 235 1402 que
267 1325 357 1381 csset
388 1324 518 1395 exorta,
552 1316 687 1380 Domini
719 1317 906 1400 exemplum
937 1316 1132 1400 protulisse,
1171 1316 1291 1400 quippe
1323 1316 1380 1399 qui

171 1438 317 1522 ipsorum
341 1436 590 1502 consuetudinis
613 1435 839 1500 nobilissimus
863 1444 953 1500 esset
975 1445 1091 1500 auctor
1114 1459 1151 1500 ac
1176 1435 1340 1500 defensor.

258 1558 309 1620 Ex
332 1555 371 1620 iis
391 1579 474 1640 quae
497 1557 594 1621 modo
619 1556 830 1642 exposuimus
854 1556 1067 1620 manifestum
1091 1563 1153 1634 est,
1179 1556 1380 1620 Asianorum

172 1701 266 1742 usum
283 1678 473 1761 paschalem
490 1677 580 1741 omui
596 1677 692 1741 modo
708 1697 889 1761 congruere
907 1698 981 1740 cum
998 1675 1236 1739 consuetudine
1254 1698 1378 1754 eorum,

173 1799 229 1882 qui
256 1797 290 1862 in
318 1796 512 1882 fragmentis
536 1796 683 1860 chronici
706 1796 872 1880 paschalis
901 1795 1148 1880 impugnantur.
1196 1796 1263 1860 Sed
1285 1797 1379 1879 prae-

172 1927 264 1982 terea
286 1917 384 1981 etiam
409 1915 565 2000 gravibus
589 1915 793 2000 argumentis
810 1916 978 1998 probatur,
1005 1914 1200 1998 Apolinarii,
1226 1915 1379 1979 Clemen-

171 2037 227 2115 tis,
253 2035 440 2120 Hippolyti,
461 2035 764 2119 Pseudo-origenis
789 2035 993 2099 adversarios
1017 2057 1130 2099 revera
1152 2035 1255 2099 fuisse
1279 2034 1379 2098 Asiae

172 2156 307 2222 minoris
331 2155 502 2241 episcopos
526 2154 760 2238 ecclesiasque.
803 2155 845 2219 Id
868 2155 956 2218 enim
979 2154 1113 2219 minime
1135 2178 1197 2219 nos
1222 2155 1378 2233 offendet,

174 2277 261 2362 quod
277 2275 481 2360 Hippolytus
505 2284 540 2338 et
555 2274 867 2358 Pseudo-Origenes
891 2273 1092 2338 mentionem
1116 2297 1229 2338 eorum
1252 2274 1380 2338 faciunt

172 2397 206 2460 in
229 2395 322 2459 libris
346 2389 418 2473 πρὸς
435 2392 558 2462 ἁπάσας
573 2390 627 2462 τὰς
645 2391 766 2474 αἱρέσεις
790 2394 933 2478 scriptis.
977 2395 1125 2479 Uterque
1149 2395 1237 2459 enim
1259 2395 1380 2458 Roma·

173 2539 234 2581 nae
263 2515 422 2579 ecclesiae
452 2536 585 2579 causam
612 2513 777 2592 defendit,
813 2536 896 2598 quae
926 2514 1062 2579 Victore
1095 2515 1249 2599 episcopo
1279 2513 1379 2578 Asiae

173 2634 308 2700 minoris
335 2633 492 2698 ecclesias
520 2634 740 2698 heterodoxos
768 2634 952 2698 declaratas
981 2657 1022 2709 ex
1049 2634 1263 2699 ecclesiarum
1292 2655 1380 2696 com·

174 2755 327 2819 munione
360 2754 538 2838 ejecerat¹.
584 2754 656 2816 Neo
688 2753 794 2837 magis
826 2776 886 2816 nos
920 2755 1080 2833 offendet,
1115 2755 1203 2838 quod
1235 2753 1381 2817 Pseudo-

174 2875 337 2960 Origenes
353 2873 393 2938 de
409 2872 619 2937 nonnullis
636 2880 765 2936 tanturn
783 2873 977 2937 adversariis
993 2864 1098 2954 (ἕτεροι
1115 2871 1147 2935 δέ
1161 2895 1252 2942 msc
1270 2897 1295 2934 κ.
1304 2896 1329 2934 τ.
1340 2861 1380 2951 1.)

174 2995 306 3060 videtur
328 2995 461 3059 referre.
507 2993 558 3056 Ex
581 2992 633 3057 his
657 2993 744 3056 enim
767 2993 876 3057 verbis
900 2993 1050 3073 minime,
1075 2995 1108 3058 id
1133 2994 1221 3078 quod
1244 2992 1379 3058 Srmrz’

169 3116 346 3200 judicavit,
365 3114 518 3193 efficitur,
538 3113 842 3197 Pseudo-origenis
859 3114 1063 3178 adversarios
1080 3137 1146 3179 non
1166 3113 1268 3178 fuisse
1280 3112 1379 3178 Asiae

175 3236 344 3300 ccclesias.
392 3234 540 3313 Etenim,
570 3257 644 3298 oum
668 3235 729 3298 hae
754 3235 1029 3318 comparabantur
1052 3257 1127 3298 cum
1150 3233 1268 3298 ceteris
1292 3233 1380 3297 orbis

174 3364 336 3420 terrarum
359 3354 523 3433 ecclesiis,
553 3377 631 3418 sane
654 3376 779 3438 paucae
802 3363 912 3431 erant;
943 3363 978 3418 et
1001 3353 1149 3433 omnino,
1180 3354 1268 3438 quod
1291 3361 1380 3418 recte

175 3481 374 3540 monuerunt
390 3474 516 3552 Baua¹‚
539 3473 784 3553 Hrnuanrnam,
809 3476 1018 3554 Davrcsors‘,
1043 3473 1249 3538 adversarius
1266 3472 1381 3537 adver·

176 3593 296 3658 sarium
329 3592 514 3658 describere
552 3593 639 3656 solet
675 3615 772 3676 quam
808 3601 921 3679 potest
958 3594 1174 3658 levissimum.
1229 3592 1380 3675 Denique

175 3735 280 3798 neque
304 3715 368 3776 hoc
391 3711 590 3776 sententiam
613 3720 761 3777 nostram
784 3713 924 3792 refellit,
950 3713 1036 3796 quod
1061 3713 1380 3796 Pseudo-Origenes

263 3887 272 3918 ¹
296 3891 408 3950 Euseb.
425 3892 467 3948 Η.
485 3892 520 3948 Ε.
540 3892 576 3962 V,
596 3892 647 3962 24,
663 3892 692 3948 9.
710 3921 751 3930 -
767 3890 813 3947 Cf.
831 3907 897 3948 vnn
913 3883 1088 3961 Lunuwaa',
1105 3888 1126 3946 l.
1143 3888 1163 3946 l.
1181 3909 1209 3966 p.
1227 3891 1266 3946 65
1283 3907 1327 3964 sq.

262 3971 273 4004 ²
298 3972 387 4034 Slud.
405 3994 435 4033 a.
454 3971 538 4033 Kric.
559 3979 658 4049 1856,
679 3996 708 4054 p.
725 3973 787 4034 783
803 3995 846 4052 sq.
869 4007 900 4016 -
928 3972 1020 4046 1857,
1043 3995 1072 4052 p.
1090 3973 1151 4033 775
1167 3994 1211 4050 sq.
1233 4005 1264 4014 -
1287 3975 1380 4043 1859,

176 4083 205 4141 p'
223 4063 284 4177 ⁷1⁸8
300 4070 401 4206 iiia.
418 4142 545 4205 Jahrbb.
564 4147 657 4220 1857,
673 4167 702 4224 p.
720 4149 791 4205 aar.

260 4229 273 4261 ⁴
297 4228 444 4291 Zeitaclr.
464 4236 557 4305 1858,
574 4253 603 4310 p.
615 4235 676 4292 155
686 4253 730 4310 sq.
749 4263 779 4272 -
801 4225 1026 4298 Poaclcatreit,
1043 4251 1072 4308 p.
1084 4232 1157 4288 256.
1174 4228 1235 4287 282
1246 4247 1290 4304 sq.
1306 4227 1379 4284 404.

261 4313 272 4346 ⁶
297 4313 522 4392 Introduction,
541 4319 583 4391 II,
600 4319 661 4378 411
678 4338 722 4396 sq.
