2998 4972
278 415 342 478 ²66
1262 423 1279 474 ο
1296 406 1401 458 26-28

281 577 461 660 ἐπιτροπῆς
486 574 654 640 πλειόνων
683 573 887 640 ἐπισκόπων.
914 580 918 656 Ι
944 568 964 639 6
985 572 1085 651 αὐτὸς
1105 575 1123 614 *
1141 573 1218 661 περὶ
1240 573 1448 648 κανόνωνῖῖ

275 677 474 754 Ἐπίσκοπος
495 675 644 760 εὐλογεῖ,
668 673 731 741 οὐκ
754 672 956 759 εὐλογεῖται·
980 682 1178 762 χειροδετεῖ,
1201 687 1400 761 χειροτονεῖ,

280 779 477 868 προσφέρει·
509 775 667 862 εὐλογίαν
693 775 785 864 παρά
815 776 1010 843 ἐπισκόπων
1034 778 1215 863 λαμβάνει,
1246 775 1400 860 παράδέ

279 881 519 968 πρεσβυτέρων
541 876 705 964 οὐδαμοῖς.
753 879 936 957 ἐπίσκοπος
962 885 1123 966 καθαιρεῖ
1149 878 1259 946 πάντα
1279 884 1399 965 κληρι-

244 984 341 1058 εκόν
361 981 442 1049 ὄντα
468 983 698 1065 καθαιρέσεως
718 979 829 1062 ἀξιον,
859 980 948 1065 πλὴν
975 979 1179 1048 ἐπισκόπου·
1207 981 1311 1066 μόνος
1331 979 1399 1066 γάρ

278 1085 339 1170 οὐχ
354 1077 423 1162 οέός
440 1107 477 1150 τε
494 1083 596 1150 ἐστίν.
632 1082 859 1169 πρεσβύτερος
875 1081 1017 1167 εὐλογεῖ,
1035 1080 1097 1148 οὐκ
1115 1080 1316 1166 εὐλογεῖται·
1341 1080 1399 1148 εὐ-

279 1190 393 1271 λογίας
411 1187 539 1271 δέχεται
559 1184 650 1272 παρά
673 1183 860 1251 ἐπισκόπου
881 1184 938 1250 καὶ
961 1183 1052 1269 παρὰ
1083 1186 1397 1271 συμπρεσβυτέρου,

278 1285 435 1365 ἀσαύτως
455 1288 629 1354 ἐπιδίδωσι
647 1287 948 1376 συμπρεσβυτέρςο·
970 1293 1166 1371 γειροδετεῖ,
1186 1283 1228 1352 οὐ
1246 1309 1398 1372 χειροτο-

277 1401 340 1472 νεῖ,
364 1387 405 1455 οὐ
424 1397 599 1471 καθαιρεῖ,
622 1387 774 1475 ἀφορίζει
790 1390 828 1454 δέ
851 1387 929 1466 τούς
950 1381 1212 1474 ἀποβεβηκότας,
1236 1387 1299 1455 ἐάν
1312 1379 1399 1454 ὦσιν

229 1511 260 1565 10
277 1489 468 1558 ὑπεύθυνοι
488 1497 530 1578 τῇ
552 1489 689 1576 τοιαύτη
713 1495 864 1578 τιμωρίᾳ.
909 1491 1068 1567 διάκονος
1092 1487 1154 1555 οὐκ
1182 1488 1329 1574 εὐλογεῖ·
1355 1489 1397 1556 οὐ

276 1596 418 1661 δίδωσιν
433 1591 602 1677 εὐλογίαν,
626 1593 791 1678 λαμβάνει
807 1593 845 1658 δέ
860 1590 950 1677 παρά
968 1591 1155 1660 ἐπισκόπου
1174 1592 1231 1659 καλ
1245 1595 1397 1677 πρεσβυ-

276 1697 389 1780 τέρου·
413 1693 455 1761 οὐ
467 1699 627 1780 βαπτίζει,
651 1693 692 1760 οὐ
713 1693 913 1779 προσφέρει·
936 1698 997 1760 τοῦ
1012 1695 1050 1760 δέ
1069 1694 1255 1760 ἐπισκόπου
1272 1712 1396 1780 προσε-

212 1873 215 1882 .
277 1797 456 1881 νεγκόυτος
474 1793 573 1881 ἢτοῦ
588 1798 831 1883 πρεσβυτέρου,
851 1793 951 1873 αὐτὸς
968 1797 1144 1863 ἐπιδίδωσι
1165 1800 1212 1883 τῷ
1231 1799 1314 1884 λαῷ,
1336 1793 1397 1880 οὐχ

276 1898 321 1977 ἀς
342 1899 460 1983 ίερεύς,
483 1897 559 1963 ἀλλ’
581 1896 626 1976 τός
646 1898 911 1982 διακονούμενος
931 1900 1087 1983 ἱερεῦσιν.
1132 1902 1200 1964 τοῖν
1222 1899 1260 1963 δέ
1282 1897 1397 1963 ἄλλων

228 2023 260 2076 15
278 2005 449 2086 κληρικῶυ
468 1999 582 2066 τὸτοῦ
603 2000 765 2066 διακόνου
784 2004 885 2084 ἔργον
906 2003 1043 2084 ποιῆσαι
1066 1997 1181 2067 οὐδενί
1200 2000 1287 2080 έξόν.
1321 2002 1396 2066 δια-

277 2104 418 2170 κόνισσα
441 2101 503 2168 οὐκ
524 2099 669 2186 εὐλογεῖ,
691 2099 767 2168 ἀλλ’
791 2099 872 2168 οὐδέ
891 2125 923 2167 τι
939 2091 989 2167 άυ
1011 2105 1169 2168 ποιοῦσαν
1191 2104 1227 2168 οί
1243 2103 1396 2188 πρεσβύ-

276 2226 365 2288 τεροι
384 2199 458 2290 ἢοί
475 2204 629 2270 διάκονοι
652 2204 806 2288 ἐπιτελεῖ,
830 2199 945 2288 ἀλλ’ἢ
966 2208 1027 2269 τοῦ
1048 2203 1233 2288 φυλάττειν
1254 2211 1316 2282 τάς
1329 2205 1397 2271 δά-

275 2330 336 2392 ρας
355 2306 411 2372 καὶ
428 2307 706 2392 ἐξυπηρετεῖσδαι
720 2317 789 2383 τοῖς
803 2307 1042 2393 πρεσβυτέροις
1057 2307 1096 2372 έν
1114 2310 1161 2394 τῷ
1174 2309 1398 2391 βαπτίζεσθαι

276 2409 334 2486 τάς
354 2419 519 2493 γυναῖκας
539 2407 595 2473 διά
616 2408 652 2473 τδ
677 2405 849 2493 εὐπρεπές.
895 2407 1053 2485 διάκονος
1078 2405 1231 2492 ἀφορίζει
1250 2405 1398 2475 ὐποδιά-

224 2531 259 2583 20
277 2533 391 2594 κουον,
414 2508 646 2596 ἀναγνώστην,
670 2509 819 2595 ψάλτην,
842 2509 1081 2593 διακόυισσαν,
1106 2509 1167 2576 ἐάυ
1188 2500 1259 2596 ηΙτι
1283 2513 1398 2576 τοιοῦ-

275 2635 351 2696 τον,
375 2608 420 2697 μτΙ
450 2611 617 2696 παρόντος
647 2613 888 2698 πρεσβυτέρου.
930 2608 1146 2699 ὐποδιακόνῳ
1175 2610 1238 2680 οὐκ
1266 2613 1398 2693 ἔξεστιν

274 2713 436 2800 ἀφορίσαι
458 2711 535 2780 οὐτε
554 2711 622 2800 μὴν
639 2711 840 2801 ἀναγνώστῃ
858 2709 934 2781 οὐτε
953 2713 1063 2801 ψάλτη
1082 2708 1159 2780 οὐτε
1179 2715 1396 2802 διακονίσση,

275 2813 316 2884 οὐ
330 2816 504 2903 κληρικόν,
528 2813 569 2882 οὐ
584 2815 719 2880 λαῖκόν·
742 2810 905 2902 ὑπηρέται
921 2816 988 2902 γάρ
1009 2818 1073 2882 είσι
1087 2815 1270 2884 διακόνων.
1292 2820 1297 2904 Ι
1318 2815 1438 2901 παρίης

273 2921 292 2960 *
328 2917 450 2996 ὕδατος
484 2917 541 2983 καὶ
575 2915 691 2984 ἐλαίου
730 2915 795 3002 ἐγοδ
832 2921 992 2996 Ματθίας
1027 2919 1249 3002 διατάσσομαι
1283 2917 1397 2986 Εὐλο-

223 3041 256 3092 25
274 3023 371 3106 γείτω
400 3017 419 3086 6
444 3019 625 3096 ἐπίσκοπος
649 3017 687 3086 τό
706 3016 800 3107 ὕδωρ
823 3015 905 3105 ἤτδ
923 3023 1052 3086 ἐλαιου·
1082 3019 1143 3088 έάν
1164 3019 1203 3087 δέ
1221 3019 1265 3105 μιΙ
1290 3025 1394 3106 παρῇ,

274 3120 452 3207 εὐλογείτω
474 3119 493 3188 6
515 3121 753 3208 πρεσβύτερος,
776 3125 988 3210 παρεστῶτος
1008 3126 1070 3188 τοῦ
1090 3123 1265 3189 διακόνου.
1308 3121 1395 3189 ἐπάν

273 3225 311 3290 δὲ
340 3219 358 3289 6
385 3223 566 3302 ἐπίσκοπος
592 3228 700 3310 παρῇ,
735 3225 955 3311 παριστάσδω
985 3221 1003 3290 6
1030 3223 1258 3310 πρεσβύτερος
1289 3227 1348 3290 καλ
1376 3221 1394 3289 ό

273 3326 440 3403 διάκονος.
471 3327 591 3410 λεγέτω
607 3327 644 3392 δέ
667 3325 772 3404 οὕτως
791 3324 898 3412 Κύριε
916 3326 1079 3412 Σαβαόδ,
1103 3325 1122 3394 6
1141 3325 1223 3404 δεδς
1243 3330 1314 3392 τῶν
1331 3327 1392 3392 δυ-

273 3428 420 3512 νάμεων,
438 3432 554 3494 κτίστα
575 3431 643 3493 τάν
660 3424 795 3494 ὑδάτων
810 3427 866 3494 καὶ
887 3430 1008 3515 χορηγέ
1030 3433 1091 3496 τοῦ
1115 3429 1242 3512 ἐλαίου,
1265 3431 1392 3512 οἰκτίρ

222 3549 257 3603 οο
274 3552 348 3613 μωυ
373 3527 429 3594 καὶ
451 3529 686 3614 φιλάνθρωπε,
709 3527 727 3595 6
749 3527 830 3606 δούς
851 3529 889 3596 τό
910 3528 1003 3618 ὕδιιρ
1025 3530 1109 3618 πρὸς
1129 3531 1231 3597 πόσιν
1253 3529 1313 3596 καί
1332 3531 1392 3596 κά-

275 3788 287 3839 l
308 3782 498 3854 διατάσσομαι
515 3784 549 3853 -Ι-
567 3793 579 3839 ι
594 3789 597 3852 Ι
613 3788 629 3839 δ
647 3777 731 3852 ἀξιον
749 3779 820 3841 ὄντα
837 3785 1037 3856 καθαιρέσεως
1048 3797 1079 3857 γῖ
1093 3788 1098 3859 Ι
1112 3789 1130 3842 δ
1148 3785 1214 3843 οἷον
1224 3805 1243 3856 y
1259 3790 1263 3859 Ι
1278 3789 1297 3840 δ
1315 3783 1392 3844 ἐστίν

271 3872 306 3938 >
322 3878 353 3939 γῖ
372 3870 377 3940 Ι
396 3872 412 3921 7
431 3865 510 3938 παρά
529 3873 646 3925 alterum
664 3875 698 3938 >
715 3881 745 3940 γι
758 3873 769 3940 Ἰ
790 3877 805 3925 7
830 3871 1023 3944 πρεσβυτέραν
1040 3893 1064 3926 w
1090 3877 1096 3941 Ι
1122 3869 1331 3930 simomaco
1346 3893 1364 3928 x
1384 3875 1389 3943 Ι

271 3957 288 4008 8
310 3958 508 4024 χειροτεθιίῖ
533 3963 538 4019 Ι
573 3959 605 4010 10
627 3959 661 4027 τῇ
684 3953 817 4028 τοιαύτη]
842 3958 899 4013 τικλ
920 3977 938 4026 y
969 3959 975 4030 Ι
1005 3962 1035 4013 11
1056 3952 1229 4028 εόλογίαςγ
1260 3961 1267 4032 Ι
1301 3963 1391 4016 1213

272 4035 498 4109 προσίνέγκατος
520 4060 554 4110 w,
578 4039 856 4112 προσενέγκαντος]
882 4047 887 4112 Ι
916 4046 946 4100 13
970 4039 1141 4099 ἐπιδίδωσιν
1156 4064 1174 4098 x
1200 4044 1205 4114 Ι
1233 4047 1265 4098 14
1284 4041 1389 4115 ίερεόσι

270 4133 301 4193 γῖ
327 4125 332 4195 Ι
360 4128 392 4179 16
411 4121 482 4192 ἐξόν
499 4131 524 4180 Χ
548 4127 554 4196 Ι
574 4129 606 4180 16
625 4127 687 4180 δια·
763 4130 797 4182 19
815 4123 955 4197 εὐπρεπές
971 4147 995 4181 w
1020 4137 1083 4199 pout
1099 4133 1133 4185 23
1156 4128 1303 4184 διακόνων
1328 4135 1333 4199 Ι
1358 4133 1390 4183 20

272 4203 469 4279 διακόνησσαν
487 4230 511 4264 w
539 4213 544 4278 Ι
567 4215 600 4264 22
618 4203 765 4281 ἀφσρῆσαι
783 4233 808 4266 w
827 4216 832 4280 Ι
851 4217 885 4270 23
903 4211 976 4268 εἰσιν
993 4233 1010 4268 x
1029 4214 1034 4284 Ι
1053 4217 1088 4268 23
1105 4213 1171 4281 περί
1243 4233 1262 4284 p
1279 4215 1344 4278 267,
1356 4217 1387 4267 22

272 4295 308 4345 fin
325 4295 359 4359 >
377 4313 401 4346 w
424 4299 453 4348 in
471 4299 560 4350 medio
578 4299 645 4350 folio
667 4299 729 4351 135·
754 4297 758 4366 Ι
781 4302 815 4352 24
833 4295 865 4353 δέ
882 4303 916 4368 ·Ι-
933 4307 963 4368 γῖ
983 4300 988 4370 Ι
1009 4303 1043 4352 ²4
1060 4302 1249 4361 Ματδαίσςῖ
1269 4303 1274 4367 Ι
1292 4302 1328 4354 26
1345 4293 1386 4353 εὐ

154 4454 161 4474 ⁰
272 4378 389 4446 λσγείτῳ
405 4383 444 4448 γΙ
464 4383 498 4434 28
516 4372 624 4449 σύτωγ
645 4381 650 4449 Ι
668 4383 758 4437 29.30
775 4380 925 4454 οίκτίρμσκ
943 4393 954 4438 ί
969 4385 974 4454 Ι
989 4385 1023 4440 30
1040 4385 1194 4456 ποίησικγ
