3160 4976
1418 365 1464 433 41

276 537 453 620 Κυπριανός
477 536 573 598 εἶπεν·
599 534 776 608 Ἠκούσατε,
794 539 950 622 ἀγαπητοί
975 543 1192 618 συνεπίσκοποι,
1209 545 1238 602 τί
1261 561 1310 620 μοι
1336 540 1469 622 ἔγραψεν
1490 560 1510 598 ιι

279 642 453 727 Ὶουβιανός
470 647 485 706 ί
502 649 719 716 ουνεπίσκοπος
733 649 833 727 ἡμῶν,
851 643 1028 727 συμβουλὴν
1040 651 1128 730 παρὰ
1141 651 1401 730 τηςμετριότητός
1410 667 1469 728 μου

277 749 464 834 βουλόμενος
493 750 601 834 λαβεῖν
630 759 697 836 περί
725 763 779 814 τοῦ
805 755 928 818 ἀνοσίου
960 759 1009 816 καί
1033 756 1149 834 ἀνόμου
1166 752 1384 835 βαπτίσματος
1408 764 1470 816 τῶν

276 861 432 942 αίρετικῶν
449 865 499 921 καί
514 866 542 922 τί
559 862 644 939 αὐτῷ
662 862 724 944 ἐγὼ
742 859 936 944 ἀντέγραψα,
954 857 1149 942 δογματίζων
1166 859 1184 920 δ
1199 858 1289 936 άπαξ
1300 867 1352 922 καί
1369 858 1470 923 δεύτε-

243 985 257 1024 ο
274 985 326 1050 ρον
357 971 408 1028 καί
424 964 568 1037 πολλάκις
592 970 759 1050 ἐκρίναμεν,
783 972 855 1039 τοῦς
878 967 1046 1051 αίρττικοῦς
1062 969 1135 1038 τοῦς
1150 971 1416 1052 προσερχομένους
1432 979 1469 1046 τῇ

273 1072 414 1153 ἐναλησίσρ
437 1071 632 1156 βαπτίσματι
657 1073 871 1157 βαπτίζεσθαι
895 1074 955 1138 δεῖν
972 1081 1023 1136 καί
1039 1074 1243 1159 άγιάζεσθαι.
1269 1079 1371 1138 ἔπειτα
1396 1079 1469 1138 ἀνε-

273 1181 405 1266 γνώσθη
430 1184 499 1263 ὑμῖν
515 1187 566 1245 καί
584 1179 666 1244 ἀλλα
684 1187 858 1266 γράμματα
879 1180 1065 1264 Ἰουβιανοῡ,
1090 1179 1129 1244 δι’
1146 1180 1187 1244 ὐιν
1212 1187 1292 1245 κατά
1316 1187 1349 1245 τό
1374 1185 1470 1245 αὐτοῦ

272 1287 399 1372 εὐσεβές
417 1292 615 1373 ἀντιγράφων
631 1293 702 1371 ημῖν
720 1293 754 1352 οὐ
770 1293 862 1371 μόνον
879 1289 1144 1370 συνεπευδόκησεν,
1168 1288 1248 1354 ἀλλά
1271 1296 1323 1354 καί
1340 1301 1376 1370 τῇ
1401 1293 1468 1350 ε’πι-

271 1399 382 1479 γνώσει
399 1407 452 1459 τοῦ
469 1394 611 1469 ἀληθοῦς
627 1401 719 1482 χάριν
737 1395 943 1480 ὡμολόγησεν.
961 1396 1120 1460 ὑπόλοιπον
1138 1397 1188 1459 οὖν
1206 1403 1273 1481 περί
1288 1400 1384 1459 αὐτοῦ
1397 1400 1430 1458 τό
1441 1401 1469 1457 τί

228 1519 254 1556 1⁰
273 1504 401 1575 ἕκαστος
417 1507 504 1586 ὑμῶν
524 1516 630 1591 φρονεῖ
646 1507 749 1582 ιίπιιν,
776 1502 908 1586 μηδενός
932 1503 987 1592 ἀφ’
1003 1509 1091 1585 ἡμῶν
1116 1508 1146 1564 έν
1169 1510 1267 1582 τούτῳ
1283 1508 1468 1588 κρινομένου,

270 1611 350 1693 μηδὲ
365 1615 392 1674 εί
406 1619 529 1676 ἐναντία
546 1619 683 1700 φρονοίη,
699 1619 750 1674 καί
769 1616 973 1683 ἀκοινωνήτου
989 1617 1158 1696 γινομένου.
1177 1615 1245 1674 οὐτε
1260 1616 1322 1696 γάρ
1339 1633 1386 1682 τις
1401 1613 1468 1674 ἐπί-

270 1739 380 1785 σκοπον
395 1723 503 1782 ίαυτόν
527 1720 710 1789 καθίστησιν
727 1719 798 1782 οὐδὲ
819 1732 980 1804 τυραννικῇ
1006 1718 1167 1800 αὐθαδείᾳ
1189 1723 1233 1790 είς
1257 1722 1395 1801 ἀνάγκην
1413 1730 1466 1782 τοῦ

269 1826 403 1889 ίπεσθαι
416 1830 501 1907 αὐτῷ
518 1833 590 1898 τούς
606 1830 840 1898 συνεπιοκύπους
849 1826 1004 1910 βιάζεται,
1018 1829 1106 1890 όπότε
1115 1825 1158 1898 είς
1170 1827 1298 1897 ἕκαστος
1306 1831 1466 1896 ἐπίσκοπος

268 1929 408 2006 ἐξουσίαν
425 1937 488 2016 ἐχει
500 1939 643 2018 πράττειν
656 1934 839 2018 ε’λευθερίως
856 1937 877 1997 ἀ
895 1945 1008 2022 φρονεῖ.
1024 1936 1068 2006 ὡς
1084 1939 1146 2018 γὰρ
1157 1936 1251 2004 αὐτός
1264 1930 1354 1995 ἀλλον
1365 1943 1466 2016 κρίναι

223 2055 250 2094 ¹⁶
270 2043 304 2102 οὐ
330 2040 470 2119 δύναεαι,
488 2045 586 2114 οὐτως
603 2042 671 2104 οὐδέ
687 2046 744 2104 ὑπό
762 2041 854 2106 ἄλλον
870 2043 1028 2128 κριθῆναι.
1059 2045 1254 2126 περιμένομεν
1272 2045 1334 2124 γάρ
1351 2043 1465 2111 πάντες

266 2155 320 2218 τὴν
345 2159 398 2212 τοῦ
422 2155 524 2233 κυρίου
547 2156 636 2231 ἡμῶν
656 2149 758 2219 Ἰησοῦ
784 2151 911 2233 χριστοῦ
934 2157 1047 2234 κρίσιν,
1072 2149 1107 2220 δς
1133 2157 1183 2212 καί
1206 2152 1300 2230 μόνος
1323 2143 1463 2222 ἐξουσίαν

266 2259 330 2338 έχει
355 2259 536 2327 ἐπισκόπους
551 2258 707 2320 καθιστᾶν
724 2261 754 2318 ἐν
771 2269 807 2336 τῇ
828 2260 923 2319 αὐτοῦ
945 2255 1084 2337 ἐκκλησίᾳ
1099 2263 1150 2318 καί
1173 2259 1239 2328 έυύς
1263 2257 1392 2318 έκάστου
1409 2262 1463 2326 τὴν

265 2359 375 2448 πρᾶξιν
392 2360 541 2438 ἐξετάζειν
564 2371 614 2426 καί
640 2364 823 2446 δοκιμάζειν.

264 2470 398 2540 Κεκίλιος
415 2475 475 2534 ἀπὸ
489 2471 665 2542 Θεοπόλεως
678 2473 768 2534 εἶπεν·
795 2469 878 2553 Ἐγὼ
891 2472 921 2532 ἐν
933 2469 1097 2553 βάπτισμα
1114 2473 1166 2548 [ἐν]
1180 2473 1256 2552 μόνη
1270 2480 1307 2549 τῇ
1320 2474 1462 2548 ἐκκλησίᾳ
1476 2469 1501 2549 β

219 2593 246 2631 εν
265 2575 335 2640 οἶδα
351 2585 400 2640 καί
417 2581 503 2649 ἐκτός
517 2589 573 2648 τῆς
589 2578 747 2649 ἐκκλησίας
765 2575 919 2659 οὐδαμοῦ·
934 2578 1016 2640 ἐνθα
1029 2582 1091 2662 γάρ
1108 2581 1171 2638 ἐστι
1187 2581 1220 2638 τό
1237 2579 1267 2638 ἐν
1285 2575 1460 2658 βάπτισμα,

264 2686 360 2755 ὄντως
372 2690 423 2748 καί
435 2684 517 2756 ε’λπίς
534 2684 688 2756 ἀληθείας
702 2689 763 2748 ἐστί
775 2693 825 2748 καί
837 2693 947 2755 πίστις.
962 2687 1060 2755 οὕτως
1068 2689 1129 2769 γάρ
1141 2685 1327 2769 γέγραπται·
1340 2690 1399 2766 μία
1411 2691 1460 2748 πί·

265 2811 341 2866 σεις,
350 2788 440 2877 [μία]
450 2792 543 2870 ἐλπίς,
555 2795 585 2854 ἐν
596 2792 760 2876 βάπτισμα
773 2796 938 2876 οὐχίπαρά
947 2803 1012 2863 τοῖς
1021 2795 1190 2877 αίρετικοίς,
1198 2793 1272 2876 παρ’
1280 2791 1325 2862 οίς
1335 2790 1461 2873 οὐδεμία

264 2899 346 2970 ίλπίς
368 2905 419 2962 καί
442 2908 559 2979 πίστις,
584 2905 660 2968 ὅπου
684 2909 786 2966 πάντα
809 2901 923 2984 ψευδῆ,
949 2905 1023 2964 ὅπου
1040 2896 1181 2986 ἐξορκίζει
1198 2899 1459 2983 δαιμονιζόμενος,

262 3014 427 3092 μυστήριον
444 3011 547 3094 ἐρωτᾷ
566 3009 600 3071 οὐ
617 3014 651 3071 τό
668 3014 769 3092 στόμα
785 3009 922 3091 λοιμώδη
939 3015 989 3070 καί
1006 3008 1082 3080 ίιίιδη
1101 3009 1288 3094 φθέγγεται,
1311 3015 1408 3070 πίστιν
1426 3009 1458 3071 δέ

217 3131 244 3171 κο
263 3112 384 3176 δίδωσιν
409 3118 558 3194 άπιστος,
582 3120 690 3203 ἄφεσιν
708 3121 870 3201 ἁμαρτιῶν
887 3123 1016 3201 παρέχει
1034 3116 1218 3201 ἁμαρτωλὸς
1234 3123 1285 3178 καί
1301 3121 1345 3188 τίς
1362 3121 1460 3199 ὄνομα

262 3233 389 3304 χριστοῦ
405 3222 550 3306 βαπτίζει
562 3228 773 3311 ἀντίχριστος,
791 3229 981 3308 ὑπισχνεῖται
997 3229 1079 3298 ζωὴν
1096 3228 1211 3309 νεκρός,
1229 3227 1347 3308 εἰρήνην
1364 3221 1458 3286 δίδω·

262 3348 308 3389 σιν
322 3333 442 3414 είρηνης
455 3329 631 3415 ἀλλότριος,
649 3315 920 3394 θεόν’έπικαλεῑται
935 3330 1140 3418 βλάσφημος,
1159 3336 1294 3416 ίερατείᾳ
1309 3338 1457 3416 κέχρηται

262 3436 397 3520 ἀσεβὴς,
421 3437 644 3523 θυσιαστήριον
665 3441 848 3525 προτίθησιν
870 3438 1044 3525 ἱερόσυλος,
1069 3439 1138 3518 θεῷ
1161 3440 1278 3526 θυσίαν
1294 3444 1458 3526 προσφέρει

261 3545 276 3604 ί
315 3540 452 3628 διαβόλῳ
483 3550 652 3630 ὑπηρετῶν.
683 3551 711 3610 οί
738 3552 843 3619 αὐτοῖς
876 3557 1114 3631 συνηγοροῦντες
1146 3549 1323 3612 είπάτωοαν
1355 3555 1456 3610 ταῦτα

216 3668 243 3706 νο
261 3653 364 3714 πάντα
393 3652 491 3733 ψευδῆ
514 3653 590 3716 εἶναι
619 3663 685 3739 περί
710 3666 771 3718 τῶν
794 3657 968 3738 αἱρετικῶν,
1003 3658 1065 3737 εἴγε
1096 3663 1168 3716 τισίν
1204 3654 1414 3738 ἀναγκάζεται
1438 3658 1457 3724 ἡ

260 3757 400 3828 ἐκκλησία
413 3759 637 3840 συνευδοκεῑν’,
656 3765 705 3824 ἵνα
721 3769 819 3846 χωρίς
836 3760 1055 3844 βαπτίσματος
1072 3769 1122 3823 καί
1139 3765 1280 3846 ἀφέσεως
1296 3763 1458 3844 άμαρτιῦιν

343 3905 353 3940 1
369 3901 391 3940 ίιι
406 3911 477 3952 marg.
494 3898 546 3956 όρος
560 3915 581 3942 ιι.
597 3903 627 3944 11.
644 3925 671 3934 -
689 3907 702 3944 ἀ
722 3901 818 3956 Ιοβιανυς
832 3907 858 3944 Ρ.
873 3925 900 3936 ·-
919 3907 932 3944 ό
951 3901 998 3958 ἐγὼ
1018 3901 1079 3956 αὐτῷ
1100 3904 1125 3942 Ρ.
1141 3921 1167 3932 -·
1186 3899 1288 3941 Ηπιιτιι
1302 3899 1325 3942 δέ
1341 3899 1373 3942 ἀν.
1390 3903 1415 3942 Ρ.
1432 3923 1458 3934 -

259 3972 271 4011 ί
287 3968 385 4024 Ιοβιενού
399 3975 424 4013 Ρ.
441 3995 467 4004 -
485 3976 498 4014 8
511 3973 556 4016 εὐσ.
569 3973 705 4030 ἀντίγραμμα
720 3974 746 4017 οὐ
760 3976 826 4030 μόνον
840 3976 894 4030 ἡμῖν
909 3973 1067 4030 συνιοῦύκησιν
1082 3977 1107 4023 Ρ,
1123 3969 1307 4026 ουνεκευδόκησιν
1321 3984 1342 4022 g.
1354 3993 1381 4003 -
1395 3975 1458 4026 ὐτὴς

260 4040 366 4095 &lumine
377 4047 401 4084 ν.
412 4065 439 4075 -
449 4045 474 4086 τι
483 4057 509 4086 m
519 4047 544 4086 ο.
556 4049 619 4088 -ιο
630 4044 691 4101 ὑμῶν
702 4051 726 4090 ν.
738 4070 764 4079 -
775 4046 828 4102 ομιτ
838 4050 863 4089 ν.
875 4071 901 4078 -
913 4050 938 4088 ιε
947 4050 983 4088 ιιι
993 4059 1019 4088 ω
1030 4049 1054 4087 ο.
1066 4066 1092 4077 -
1108 4043 1174 4098 μόνον
1188 4045 1218 4083 ιν.
1231 4045 1291 4083 -ιι
1304 4041 1418 4086 ἐπίσκοπον
1430 4045 1455 4084 P.

259 4133 285 4144 -·
296 4111 362 4155 αὐτοῦ
372 4117 396 4156 Ρ.
406 4137 433 4146 -
443 4120 469 4158 19
480 4120 576 4168 capitum
586 4122 674 4160 numeri
684 4131 727 4161 non
737 4122 850 4162 adduntur
859 4123 882 4162 ίιι
889 4123 914 4161 Ρ.
925 4141 951 4151 -
962 4117 1087 4162 Καικίλλιος
1097 4113 1226 4170 Λιβιράριυς
1240 4113 1268 4155 τί.
1281 4118 1305 4166 Ρ,
1323 4112 1423 4169 Λιβέμιος
1433 4129 1455 4166 3.

258 4203 285 4218 ···
299 4181 360 4240 Ἐγώ
373 4197 399 4226 ιν
412 4189 438 4228 Ρ.
453 4190 480 4219 -’-
502 4187 523 4228 Ιν
538 4195 562 4229 ut
576 4192 612 4231 καί
632 4203 654 4242 p.
670 4195 704 4244 40,
720 4197 730 4232 1
746 4194 775 4232 M.
793 4215 815 4222 -
840 4191 880 4245 [ἐν]
896 4203 922 4232 τυ
937 4193 985 4232 ΡΜ.
1001 4211 1028 4221 -
1047 4192 1072 4230 ἳί
1089 4183 1150 4230 οὕτω
1165 4190 1190 4229 Ρ.
1205 4208 1233 4218 -
1253 4189 1337 4239 Εμυει.
1354 4189 1378 4228 iv
1392 4189 1413 4230 b·
1429 4207 1456 4219 -

258 4259 286 4297 θ’
311 4257 367 4310 [νίν]
391 4257 451 4304 nni<
469 4271 495 4302 ω
515 4263 541 4312 ν,
566 4263 618 4303 κει.
643 4263 681 4316 μιν
706 4262 765 4309 nni<
788 4275 810 4314 ς,
835 4265 875 4317 μετ
898 4266 940 4304 ιω
964 4267 1013 4304 νοω
1031 4273 1057 4304 ω
1076 4263 1106 4302 οι.
1130 4281 1156 4292 -
1180 4259 1205 4300 ω
1224 4257 1264 4314 ηιρ
1287 4261 1335 4304 τοῖς
1355 4261 1380 4308 ν,
1405 4257 1455 4313 ινχι

258 4330 307 4382 “9'
324 4333 413 4381 ῑῧύθθίῠ
435 4334 529 4374 &rutulo
549 4334 586 4384 hs·
606 4355 633 4364 -
653 4337 680 4376 όῦ
699 4336 767 4381 πίστις
788 4337 823 4376 καί
843 4335 902 4380 ἐλπίς
923 4337 947 4375 Ρ.
969 4357 995 4366 -
1014 4337 1041 4376 ῦῦ
1063 4332 1108 4374 τῶν
1122 4345 1147 4374 ιν
1161 4334 1198 4382 gh.
1215 4352 1242 4362 -
1261 4331 1318 4385 παρὰ
1336 4330 1455 4385 είριτιιῶν

259 4412 308 4442 m.
330 4405 381 4444 Ιοοί.
403 4405 426 4444 in
445 4405 489 4446 ἀπε
510 4406 565 4446 libri
584 4407 609 4446 Ρ.
625 4429 651 4438 -
673 4404 719 4448 ίδοὺ
738 4409 792 4448 τίσιν
808 4410 833 4457 Ρ,
853 4409 894 4448 ud
914 4408 1007 4458 όμκῦί,
1027 4409 1071 4448 nm
1086 4407 1145 4457 quod
1160 4403 1180 4445 εί
1193 4401 1219 4457 γί
1232 4413 1287 4444 τισιν
1301 4403 1411 4442 νοτίοισι
1429 4423 1453 4432 »-

258 4475 283 4515 81
299 4471 447 4530 ’συνδραμεῖν
480 4479 550 4519 codex
582 4481 711 4530 κιείεουιιε,
746 4485 811 4532 ευμεν
839 4483 947 4524 lectiones
975 4483 1071 4532 ωιτςίικί
1099 4480 1154 4520 ιίίιτί
1182 4476 1305 4528 emmam
1332 4475 1455 4526 ίιιιοείρίιε

258 4545 377 4598 νεῦεοιυτ,
393 4549 481 4599 ίιμι-Μ.
