3052 4974
313 409 353 471 ει
1295 396 1443 463 ιιι-υ

312 567 375 653 τιΙν
393 570 596 652 χαρίζεσθαι.
628 565 683 631 διδ
704 565 770 651 πρό
791 566 930 632 τιάντων
950 561 1011 649 χρὴ
1032 565 1080 640 είς
1101 562 1222 628 ἑαυτὸν
1243 562 1444 647 εἰρηνεύειν

313 669 432 736 αότόν·
457 667 560 754 όγάρ
583 667 666 752 πρός
690 665 811 732 ἑαυτὸν
830 665 875 751 μή
898 665 1084 745 στασιάζων
1105 661 1177 730 οὔτ’
1200 659 1244 729 ἀν
1265 662 1355 746 πρός
1379 663 1444 728 ἀλ-

313 777 375 838 λον
392 769 710 855 διαμαχεσθήσεται,
733 767 809 834 ἀλλ’
833 773 925 834 ἔσται
946 765 1129 853 είρηνικός,
1151 765 1301 850 φιλικός,
1324 765 1444 830 συνά-

313 897 383 959 γων
404 872 445 938 τά
467 874 528 936 τοῦ
547 873 669 952 κυρίου
692 871 749 935 καὶ
771 868 936 953 συνεργὸς
963 865 1069 934 αὐτοῦ
1091 867 1268 952 γινόμενος
1290 864 1383 950 πρὸς
1406 865 1444 929 τό

280 973 498 1041 σαλεουάσαι
524 967 615 1058 αὐτῷ
637 969 717 1048 τοῦς
740 973 948 1056 σωζομένους
970 973 1009 1036 ἐν
1031 967 1178 1056 ὁμονοίᾳ.
1220 969 1256 1034 ολ
1270 967 1339 1052 γάρ
1365 970 1444 1034 ε’κι-

313 1079 473 1150 νοοῦυτες
493 1076 616 1156 ἔχθρας
637 1071 694 1137 καὶ
715 1073 832 1158 μάχας,
855 1071 1047 1155 ἀπολογίας
1068 1071 1125 1137 καλ
1146 1074 1273 1155 κρίσεις
1290 1069 1445 1154 πονηροί

315 1179 371 1244 καὶ
392 1181 452 1243 τοῦ
472 1177 558 1240 θεοῦ
579 1171 750 1259 ἀλλότριοι
777 1173 1013 1259 τυγγάνουσιν.
1036 1175 1039 1260 Ι
1060 1168 1078 1238 ὁ
1098 1170 1164 1256 γὰρ
1182 1171 1263 1249 θεός
1282 1169 1372 1248 θεὸς
1391 1165 1444 1235 ῶν
1453 1183 1487 1242 55

316 1283 445 1360 ἐλέους,
469 1273 527 1341 ἀπ’
549 1273 652 1359 ἀρχῆς
673 1275 819 1360 έκάστην
840 1273 961 1359 γενεάν
983 1274 1039 1340 ἐπὶ
1059 1275 1241 1359 μετάνοιαν
1259 1278 1363 1339 καλεῖ
1384 1271 1445 1338 διδ

315 1385 383 1446 τῶν
412 1380 554 1444 δικαίων
583 1375 640 1442 καὶ
667 1380 736 1442 τῶν
762 1381 962 1462 προφητῶν·
999 1377 1056 1442 καὶ
1081 1374 1161 1453 τοῦς
1187 1377 1250 1459 μὲν
1279 1373 1347 1460 πρὸ
1378 1378 1445 1439 τοῦ

266 1493 298 1545 1⁰
315 1483 554 1562 κατακλυσμοῦ
574 1477 632 1543 διά
652 1482 714 1544 τοῦ
727 1476 831 1562 ’Ἅβελ
848 1477 906 1544 καλ
921 1478 997 1564 ΣεΙμ
1019 1479 1077 1544 καὶ
1097 1479 1187 1562 Σήθ,
1210 1480 1258 1543 ἐτι
1280 1477 1317 1542 δὲ
1334 1475 1444 1552 Ἐνῶς

315 1585 448 1651 καὶτοῦ
468 1581 708 1665 μετατεθέντος
725 1577 827 1665 Ἐνῶγ
851 1579 1055 1666 ἐσωφρόνιζε
1062 1629 1071 1663 ,
1095 1576 1174 1656 τοῦς
1194 1579 1233 1644 δὲ
1255 1580 1293 1644 ἑν
1308 1583 1357 1666 τῷ
1376 1601 1442 1642 κα-

315 1687 497 1770 τακλυσμῷ
518 1681 574 1748 διά
601 1685 662 1747 τοῦ
685 1686 780 1762 Νῶε,
802 1681 880 1760 τοῦς
901 1684 940 1748 ἐν
954 1681 1120 1766 Σοδόμοις
1138 1681 1196 1747 διά
1218 1684 1278 1746 τοῦ
1299 1680 1441 1764 φιλοξέ-

316 1812 380 1856 νου
394 1786 483 1867 Λῶτ,
499 1783 635 1861 *τοῦς*
649 1782 732 1867 μετὰ
746 1781 806 1848 εόν
823 1783 1062 1868 κατακλυσμόν
1076 1784 1133 1849 διὰ
1149 1783 1361 1866 Μελχισεδὲκ
1380 1781 1440 1846 καλ

316 1895 385 1957 τῶν
407 1888 622 1970 ιταεριαργῶν
644 1885 700 1950 καὶ
720 1887 781 1950 τοῦ
802 1886 986 1969 θεοφιλοῦς
1004 1881 1092 1970 Ἰῶρ,
1115 1883 1193 1962 τοῦς
1214 1887 1253 1950 ἐν
1274 1884 1441 1970 Αἰγύπτῳ

267 2001 298 2050 15
316 1990 374 2057 διά
406 1986 570 2066 Μωσέως,
604 1981 682 2060 τοῦς
708 1983 909 2071 Ἰσραηλίτας
937 1986 982 2053 δι’
1018 1985 1123 2052 αὐτοῦ
1154 1986 1212 2052 καὶ
1238 1984 1347 2070 Ἰησοῦ
1382 1985 1439 2050 καλ

318 2091 429 2174 Χαλὲρ
447 2087 503 2153 καὶ
525 2086 644 2162 Φινεὲς
665 2086 721 2152 καί
736 2091 804 2152 τῶν
819 2091 961 2171 λοιττῶν,
983 2089 1062 2167 τοῦς
1081 2088 1164 2175 μετά
1184 2087 1243 2154 τόν
1258 2085 1367 2171 νόμον
1391 2084 1440 2151 δι’

317 2191 469 2278 ἀγγέλων
484 2187 540 2254 καλ
561 2191 746 2272 προφητῶν
751 2237 759 2270 ,
780 2188 857 2266 τοῦς
871 2189 994 2269 αὐτοῦς
1007 2189 1065 2256 διά
1080 2195 1139 2275 τῆς
1156 2192 1243 2266 ἰδίας
1257 2191 1440 2271 ἐνανθρω-

317 2293 449 2381 κη’σεως
474 2295 532 2375 τῆς
562 2290 599 2356 ἐκ
625 2287 815 2372 πνεύματος
834 2289 934 2376 ἀγίου
949 2292 1005 2358 καλ
1033 2291 1209 2378 παρθένου
1241 2291 1438 2376 γενομένης,

317 2393 395 2472 τοῦς
416 2393 482 2478 τιρὸ
505 2395 629 2477 μικροῦ
649 2394 708 2475 τῆς
731 2387 931 2473 ἀναδείξεως
956 2392 1062 2462 αὐτοῦ
1086 2398 1144 2479 τῆς
1170 2395 1361 2478 σωματικῆς
1381 2388 1439 2456 διά

266 2505 301 2556 20
315 2496 474 2562 Ἰωάννου
498 2496 559 2562 τοῦ
575 2491 787 2579 προδρόμου,
803 2493 881 2572 τοῦς
903 2496 941 2572 δὲ
962 2493 1084 2574 αῦτοῦς
1103 2494 1159 2561 διδ
1178 2499 1241 2560 τοῦ
1257 2491 1363 2560 αῦτοὺ
1381 2493 1439 2558 καλ

318 2603 400 2683 μετὰ
421 2595 483 2682 τὴν
497 2599 631 2680 γένεσιν
645 2599 750 2666 αὐτοῦ
768 2601 875 2684 λέγων
889 2603 1106 2680 Μετανοεῖτε,
1121 2594 1238 2682 ἤγγικε
1255 2590 1354 2680 γάρὴ
1372 2599 1438 2679 βα-

318 2703 426 2764 σιλεία
446 2702 514 2766 τῶν
535 2699 704 2785 οὐρανῶν,
732 2701 811 2779 τοῦς
835 2699 917 2786 μετὰ
939 2699 977 2764 τό
1001 2701 1112 2776 ττάθος
1131 2697 1236 2765 αὐτοῦ
1261 2695 1310 2762 δι’
1338 2693 1439 2780 ἡμῶν

318 2803 387 2864 τῶν
410 2798 543 2866 δῶδεκα
563 2802 619 2869 καὶ
646 2805 708 2867 τοῦ
736 2809 794 2888 τῆς
822 2803 961 2886 ἐκλογῆς
985 2801 1130 2878 σκεύους
1155 2799 1306 2868 Παῦλον.
1341 2793 1440 2883 ἡμεῖς

318 2891 382 2967 οὖν
398 2903 433 2966 οἱ
449 2905 711 2982 καταξιωθέντες
733 2900 819 2970 εἶναι
843 2905 1011 2989 μάρτυρες
1038 2907 1096 2987 τῆς
1123 2906 1310 2985 παρουσίας
1329 2899 1440 2966 αὐτοῦ

267 3015 300 3065 25
318 3000 383 3068 σῦν
401 3001 544 3092 Ἰακῶβφ
565 3009 612 3092 τῶ
626 3003 687 3071 τοῦ
706 3010 828 3089 κυρίου
844 3002 981 3091 ἀδελφῷ
996 3005 1053 3070 καὶ
1067 3004 1191 3089 ἑτέροις
1205 3003 1438 3090 ἑβδομήκοντα

317 3105 381 3172 δύο
396 3113 561 3193 μαθηταῖς
575 3106 631 3172 καὶ
643 3105 802 3184 τοῑςὲιττά
818 3103 988 3183 διακόνοις
1000 3105 1105 3171 αότοῦ
1116 3113 1133 3152 *
1143 3106 1181 3172 ἐκ
1194 3102 1355 3191 στόματος
1375 3108 1440 3170 τοῦ

386 3313 838 3379 υφωευωωοω

318 3517 334 3563 2
352 3509 391 3581 μὴ
410 3509 481 3578 αρός
498 3507 601 3568 ἑαυτὸν
617 3523 664 3580 γει
680 3517 684 3581 Ι
699 3517 715 3565 2
731 3508 801 3567 οὐδ’
821 3521 869 3581 γει
884 3519 887 3578 Ι
903 3517 919 3567 3
937 3505 1001 3566 ἀλλ’
1022 3509 1090 3567 ἔστω
1108 3533 1141 3576 w,
1160 3506 1226 3566 ἀλλ’
1244 3509 1321 3565 ἔσται
1340 3515 1375 3577 >
1393 3531 1411 3566 x
1430 3516 1434 3578 Ι

319 3598 335 3650 3
354 3593 490 3661 είρινιιιός
507 3615 522 3649 τ
538 3599 542 3666 Ι
557 3601 573 3648 1
591 3595 758 3665 γιγνόμενος
775 3607 822 3665 γει
837 3601 872 3661 Ι5
890 3590 967 3650 αότῶ
985 3605 1061 3664 εγει,
1082 3592 1187 3651 ἔαυτόν
1204 3615 1227 3650 w
1243 3598 1278 3666 15
1296 3593 1352 3664 γὰρ
1369 3607 1436 3662 th,

320 3677 354 3733 δῦ
371 3699 404 3746 γε
420 3682 425 3743 Ι
445 3682 474 3731 10
490 3681 685 3750 κατακλισμοῦ
702 3701 726 3734 w
742 3682 745 3742 Ι
765 3685 795 3734 10
812 3681 860 3735 καὶ
879 3679 939 3750 σήθ
957 3681 1005 3734 καὶ
1023 3681 1079 3750 σήμ
1092 3701 1117 3733 w
1132 3683 1136 3750 Ι
1153 3684 1182 3735 11
1202 3678 1380 3749 μεταθέντας
1400 3693 1412 3734 ι
1431 3683 1434 3748 Ι

321 3766 350 3817 11
371 3759 560 3830 ἔσωφρόνιζεκ
578 3785 593 3816 ιι
614 3766 619 3833 Ι
641 3768 924 3834 11.12καταιιλισμῶ
943 3785 967 3818 ιτ
986 3767 990 3836 Ι
1014 3768 1043 3820 13
1060 3765 1110 3820 καλ
1127 3767 1162 3832 -Ι-
1180 3785 1194 3818 ε
1214 3771 1217 3826 Ι
1243 3768 1272 3820 13
1290 3763 1323 3820 δὲ
1341 3768 1374 3833 -Ι-
1394 3785 1412 3818 x
1432 3769 1436 3834 Ι

321 3849 352 3902 13
370 3851 545 3917 καταιλισμ..
564 3852 611 3914 W,
636 3848 829 3920 κατακλισμόν
846 3871 870 3902 w
891 3855 894 3915 Ι
918 3854 948 3904 14
968 3851 1112 3918 θευφίλου
1130 3854 1164 3917 εΙ
1186 3853 1217 3902 15
1234 3845 1367 3919 μοιῦσόυις
1385 3869 1410 3901 w
1432 3860 1435 3918 Ι

321 3933 353 3984 111
364 3927 452 4000 γαδόλ
464 3951 496 3994 υ,
510 3933 626 4001 χάλεβγ
642 3937 645 3998 Ι
663 3936 695 3986 16
706 3932 819 4000 τόν>ι
834 3937 837 4000 Ι
856 3937 887 3989 111
897 3931 945 3988 διά
959 3955 982 3988 w
997 3938 1002 4001 Ι
1020 3938 1059 3990 17.
1075 3936 1112 3987 18.
1123 3931 1362 4000 ἔκααθριιιτίσεως
1373 3942 1436 4002 ιτγΙ

321 4019 352 4069 18
369 4014 531 4084 ιτνεόματος
553 4013 640 4085 ἀγίου
657 4017 706 4072 καί
723 4022 757 4084 >
774 4027 834 4086 γει,
858 4023 907 4072 sed
929 4039 947 4086 γ
968 4022 1002 4086 -Ιι
1025 4024 1053 4071 in
1076 4023 1200 4088 margine
1224 4014 1255 4072 ἐκ
1273 4015 1439 4086 κκεόματος

318 4095 405 4170 ἀγίυυ
416 4099 467 4154 καὶ
487 4102 490 4170 Ι
510 4099 589 4156 211δὲ
606 4105 640 4167 >
658 4121 690 4168 w,
710 4096 740 4156 δ’
758 4114 788 4155 τι
802 4109 806 4170 Ι
821 4105 855 4156 20
873 4100 922 4157 διὰ
941 4105 993 4156 τοῦ
1004 4112 1084 4170 ιιγει,
1104 4096 1225 4156 διαότυῦ
1236 4123 1253 4155 x
1268 4108 1273 4171 Ι
1288 4105 1317 4154 21
1339 4099 1437 4170 γένυε-

318 4202 365 4239 σιν
383 4205 420 4246 ιτ,
439 4183 575 4256 γέννησιν
593 4205 606 4238 ε
630 4189 634 4250 Ι
658 4189 688 4239 21
709 4185 840 4256 λέγοντος
858 4197 916 4255 γει,
936 4185 1073 4256 λὲγαττος
1091 4191 1111 4240 Ζ
1131 4191 1137 4253 Ι
1155 4191 1185 4240 21
1206 4179 1326 4256 ἤγγικεν
1341 4205 1359 4240 x
1378 4187 1383 4255 Ι
1405 4189 1439 4240 23

320 4265 456 4340 ἐκκλογῆς
474 4289 488 4324 ε
508 4271 512 4339 Ι
536 4275 570 4324 25
588 4264 779 4339 ἕβδομικοντα
797 4293 820 4325 w
841 4275 845 4339 Ι
865 4276 908 4326 25.
925 4275 960 4325 25
978 4266 1177 4342 ἱδδομήιιοκτα
1196 4272 1251 4326 δόσ
1269 4289 1359 4337 ινιιγε.
1383 4268 1437 4324 διό·

320 4354 390 4407 δειια
409 4363 432 4407 t:
457 4364 607 4412 oon-ectum
626 4359 679 4408 iam
700 4361 727 4408 in
746 4361 768 4408 Ρ
783 4361 787 4424 Ι
802 4357 836 4408 25
853 4347 873 4408 ἀ
889 4359 923 4426 -Ι-
939 4375 957 4425 γ
