2994 4972
80 399 96 462 β
113 399 144 448 57
1155 409 1194 469 87

79 567 122 642 είς
154 561 215 630 τὸν
250 566 312 630 τοῦ
346 565 468 645 κυρίου
502 563 613 647 λόγον.
666 563 723 630 καλ
755 563 838 649 μετά
871 569 970 631 τοῦτο
1005 566 1196 650 συμφώνως

78 665 220 744 ἅπαντες
254 664 498 744 ἐξαναστάντες
530 665 587 731 καλ
624 663 677 730 ἐπ’
712 663 879 744 ἀνατολὰς
913 663 1194 751 κατανοήσαντες,

79 767 155 852 μετά
188 764 255 852 τήν
286 769 355 832 τῦυ
386 767 645 851 κατηχονμένων
667 767 724 834 καλ
757 765 819 853 τήν
846 771 915 834 τῦν
937 768 1196 851 μετανοούντων

79 871 192 948 ἔξοδον
227 867 543 952 προσευξάσθωσαν
569 871 616 956 τῷ
641 873 714 956 θεῷ
738 874 785 956 τῷ
813 869 1026 954 ἐπιβεβηκότι
1050 869 1105 936 ἐπὶ
1136 868 1196 936 τόν

81 968 224 1056 οὐρανόν
252 974 316 1035 τοῦ
342 965 493 1054 οὐρανοῦ
531 969 615 1036 κατά
647 969 830 1054 ἀνατολάς,
863 955 1229 1056 ῦπομιμνησκόμενοιο

81 1072 131 1138 καλ
152 1077 210 1156 τῆς
229 1071 374 1156 ἀρχαίας
392 1075 498 1156 νομῆς
516 1075 577 1138 τοῦ
591 1070 676 1138 κατὰ
691 1071 856 1149 ἀνατολὰς
871 1076 1091 1157 παραδείσου,
1112 1072 1196 1140 ὅθεν

82 1172 247 1258 όπράτος
269 1171 470 1257 ἄνθρωπος,
494 1171 661 1258 ἀθετήσας
675 1171 737 1258 τήν
748 1171 896 1258 Ιἐντολήν
914 1171 1023 1258 ὄφεως
1043 1179 1196 1260 συμβου-

82 1281 130 1363 λίᾳ
151 1277 325 1357 πεισθείς,
346 1272 534 1359 ἀπεβλήθη.
580 1277 616 1340 οί
634 1275 672 1342 δὲ
687 1275 841 1340 διάκονοι
860 1274 942 1359 μετά
965 1275 1027 1360 τήν
1048 1293 1195 1362 προσευ-

82 1377 138 1464 χήν
168 1378 204 1444 ολ
232 1377 300 1461 μὲν
335 1379 376 1461 τῇ
407 1379 590 1462 προσφορᾷ
622 1380 681 1460 τής
715 1375 925 1461 εὐχαριστίας
947 1378 1197 1462 σχολαζότωσαν

82 1478 345 1566 ὐτηρετούμενοι
371 1481 419 1564 τῷ
442 1480 503 1544 τοῦ
524 1480 663 1564 χριστοῦ
691 1479 818 1563 στόματι
840 1476 923 1563 μετά
946 1477 1074 1564 φόβον,
1105 1480 1141 1543 ολ
1158 1481 1196 1545 δὲ
1217 1495 1247 1547 10

82 1581 154 1659 τούς
174 1579 298 1666 ὄχλους
318 1580 609 1644 διυσκοπείτωσαν
628 1581 685 1645 καλ
699 1576 844 1664 ήσυχίαν
863 1577 977 1656 αὐτοῖς
1001 1580 1196 1665 ἐμποιείτω-

84 1701 150 1750 σαν.
201 1681 328 1766 λεγέτω
357 1679 394 1746 δὲ
431 1676 450 1746 ό
477 1678 650 1766 παρεστός
676 1683 723 1767 τςῦ
755 1682 840 1768 ἱερεῖ
865 1681 1025 1758 διάκονος
1049 1684 1096 1766 τῷ
1126 1681 1197 1768 λαῷ

84 1785 137 1868 Μή
163 1808 213 1860 τις
239 1781 327 1848 κατά
349 1781 457 1864 τινός,
485 1781 531 1866 μή
551 1807 601 1859 τις
622 1781 661 1847 ἐν
681 1778 875 1868 ὑποκρίσεις
912 1777 983 1848 εἶτα
1006 1782 1063 1848 καλ
1087 1779 1196 1848 ἀσπα-

85 1886 248 1966 ζέσθωσαν
271 1883 441 1969 ἀλλήλους
462 1885 498 1948 ολ
523 1883 645 1969 ἀνδρες
671 1885 727 1950 καλ
749 1881 895 1968 ἀλλήλας
916 1885 955 1950 αί
971 1895 1131 1968 γυναῖκες
1159 1881 1197 1949 τὸ

85 1987 235 2075 ε’νκυρίφ
253 1990 403 2072 φίλημα,
428 1983 515 2051 ἀλλά
529 1985 576 2070 μή
591 2010 640 2063 τις
660 1987 792 2068 δολίως,
815 1981 861 2062 τός
877 1983 894 2050 ό
910 1984 1036 2062 Ἰούδας
1055 1984 1115 2051 τόν
1134 1986 1196 2050 κύ-
1217 2003 1247 2052 15

86 2113 153 2172 ριον
179 2087 347 2175 φιλήματι
377 2087 582 2172 παρέδωκεν.
628 2087 685 2152 καλ
715 2086 799 2172 μετά
827 2091 926 2154 τοῦτο
955 2089 1197 2172 προσευχέσθω

86 2188 101 2254 ὁ
130 2191 289 2266 διάκονος
326 2184 412 2272 ῦπὲρ
445 2192 503 2272 τῆς
539 2188 718 2273 ἐκκλησίας
746 2189 854 2273 πόσης
885 2188 943 2256 καλ
974 2187 1099 2265 παντὸς
1136 2191 1197 2252 τοῦ

89 2293 208 2378 κόσμου
231 2291 291 2358 καὶ
314 2291 383 2356 νῦν
405 2290 444 2356 ἐν
463 2287 555 2378 αὐτῷ
569 2294 683 2375 μερῦν
702 2290 760 2356 καλ
783 2290 970 2375 ἐκφορίων,
989 2287 1107 2373 *ὑπὲρ
1129 2293 1197 2354 τάν

88 2396 194 2478 ίερέων
212 2395 272 2461 καλ
294 2397 364 2458 τάν
386 2390 576 2477 ἀρχόντων,
596 2389 681 2476 ὑπὲρ
698 2395 760 2457 τοῦ
777 2390 957 2476 ἀρχιερέως
979 2391 1112 2456 καὶτοῦ
1133 2393 1195 2474 βα-

87 2497 194 2575 σιλέως
215 2496 352 2580 καὶτῆς
372 2493 525 2560 καθόλου
546 2495 691 2578 εἰρήνης.
736 2492 792 2558 καὶ
813 2491 896 2577 μετὰ
922 2496 1021 2558 τοῦτο
1044 2489 1063 2556 ὁ
1084 2489 1196 2577 ἀρχιε-
1215 2507 1249 2558 20

88 2595 157 2680 ρεύς
183 2595 411 2682 ἐπευχόμενος
437 2599 484 2683 τῷ
512 2600 582 2683 λαῷ
611 2594 751 2680 εἰρήνην
780 2592 958 2678 εὐλογείτω
986 2598 1123 2676 τοῦτον,
1154 2589 1199 2670 ῦς

88 2702 137 2764 καλ
158 2704 286 2786 Μωσῆς
310 2698 496 2766 ἐνετείλατο
518 2707 587 2774 τοῖς
600 2698 748 2779 ἱερεῦσιν
764 2694 918 2781 εὐλογεῖν
939 2695 999 2762 τὸν
1021 2693 1197 2761 λαὸντού

87 2823 148 2878 τοις
166 2815 235 2879 τοῖς
256 2801 405 2888 ῥήμασιν
427 2797 620 2883 Εὐλογήσαι
646 2815 684 2864 σε
712 2797 828 2882 κύριος
851 2797 907 2864 καλ
928 2799 1075 2883 φυλάξαι
1100 2815 1151 2862 σε·
1180 2803 1198 2842 *

89 2901 241 2988 ἐπιφάναι
266 2903 385 2989 κῦριος
417 2900 455 2966 τό
485 2899 668 2984 πρόσωπον
698 2897 804 2966 αὐτοῦ
832 2899 886 2966 ἐπὶ
915 2901 952 2965 σὲ
980 2899 1036 2963 καὶ
1065 2896 1199 2980 ἐλεήσαι

88 3019 139 3068 σε·
172 3005 298 3091 ἐπάραι
326 3003 442 3088 κύριος
473 3000 511 3067 τὸ
543 3001 726 3085 πρόσωπον
759 2999 864 3068 αὐτοῦ
893 3001 949 3066 ίπλ
977 3001 1015 3064 σὲ
1042 2997 1099 3064 καλ
1127 2995 1197 3082 δςόη
1216 3011 1249 3061 25

89 3120 135 3170 σοι
154 3107 304 3192 εἰρήνην.
351 3105 545 3188 ἐπευχέσθω
582 3092 645 3168 οῦν
666 3103 723 3169 καλ
746 3100 764 3166 ὁ
785 3103 967 3176 ἐπίσκοπος
994 3097 1049 3164 καὶ
1078 3101 1198 3180 λεγέτω

92 3210 202 3272 Σῦσον
234 3206 297 3274 τόν
325 3205 410 3273 λαόν
435 3224 515 3289 σου,
545 3205 658 3291 κύριε,
686 3203 742 3268 καλ
770 3201 957 3286 εὐλόγησον
985 3199 1047 3283 τήν
1074 3203 1199 3282 κληρο-

92 3313 203 3390 νομίαν
223 3327 306 3393 σου,
331 3305 376 3393 ήυ
404 3308 532 3393 ἐκτήσω
560 3305 617 3372 καλ
644 3303 868 3388 περιεποιήσω
898 3307 944 3389 τῷ
965 3305 1062 3387 τιμίφ
1083 3301 1199 3382 αἵματι

93 3412 144 3474 τοῦ
172 3414 311 3496 χριστοῦ
347 3428 410 3476 σου
443 3408 500 3474 καὶ
528 3408 690 3482 ἐκάλεσας
719 3409 893 3490 βασίλειον
925 3404 1104 3489 ίεράτευμα
1142 3399 1199 3467 καλ

150 3601 275 3654 λΡεοΙω
293 3599 341 3664 68,
363 3601 412 3650 19?
428 3599 480 3659 123
498 3599 567 3650 Num
585 3599 614 3661 θ,
635 3597 736 3648 ’λλ-λθ
755 3593 761 3662 Ι
779 3593 813 3646 29
830 3596 897 3646 Petr
914 3609 933 3644 α
950 3595 979 3658 2,
999 3593 1016 3642 9
1087 3655 1090 3664 .

95 3763 105 3814 ¹
122 3762 159 3825 tle
176 3785 224 3832 υτ,
245 3763 294 3824 lul
310 3777 358 3834 γτι
372 3767 378 3836 Ι
396 3770 406 3820 Ι
427 3759 609 3834 συμφόκοςγ
624 3762 630 3834 Ι
643 3768 660 3817 2
673 3756 748 3817 ἐπλτ
764 3764 768 3832 Ι
783 3765 800 3813 2
813 3757 1043 3830 κατανοήσαντες
1056 3767 1119 3824 th,
1140 3753 1199 3813 ἐπι·

94 3845 239 3916 ἀλέγοντες
257 3871 291 3920 yz
311 3855 315 3918 Ι
335 3854 351 3906 3
369 3845 569 3919 μετανοῦντων
587 3857 599 3902 t
619 3853 624 3916 Ι
644 3852 661 3902 [ο
682 3841 974 3916 ῦπομημνησκόμευοι
998 3865 1012 3897 z
1032 3845 1037 3914 Ι
1061 3847 1115 3896 λδ
1133 3859 1200 3911 συμ·

93 3931 200 3997 δουλεία
218 3957 235 3990 x
257 3940 261 4003 Ι
280 3939 297 3990 8
315 3931 424 4004 πισθής
442 3955 475 4002 νε,
494 3927 629 3995 ἀπειθελς
648 3953 662 3987 τ
678 3933 682 4001 Ι
699 3934 731 3985 10
750 3933 864 4000 χριστοῦ
884 3950 938 3996 wx,
957 3931 1060 3996 κυρίου
1077 3937 1124 3996 yzt
1144 3927 1148 3995 Ι
1171 3929 1200 3978 Ιῖ

94 4009 212 4086 ἆςχιερεί
227 4029 275 4088 yzt
290 4022 294 4090 Ι
312 4025 342 4076 14
360 4017 394 4074 αἶ
409 4024 545 4089 γυναῖκες
563 4013 687 4088 ἀλλήλας
705 4037 729 4070 w
749 4019 753 4084 Ι
776 4019 807 4068 14
826 4012 857 4070 τὸ
875 4023 951 4083 xyzt,
969 4015 1019 4068 τοῖι
1038 4033 1061 4064 w
1077 4013 1081 4080 Ι
1104 4014 1134 4065 15
1154 4011 1201 4078 φί-

94 4102 153 4167 λιμσ
171 4123 193 4156 κ
208 4105 213 4172 Ι
237 4106 266 4158 Ιό
285 4100 300 4160 ὁ
317 4109 351 4171 >
369 4115 415 4174 yzt
430 4106 434 4174 Ι
453 4107 484 4157 16
501 4105 633 4172 φιλίματι
652 4123 675 4156 w
692 4106 696 4160 Ι
718 4104 749 4170 16
767 4098 910 4168 παρόδοκε
928 4119 965 4160 w,
988 4095 1137 4162 παρέδωκε
1154 4103 1202 4161 γει

97 4188 144 4245 ιλλ
161 4180 273 4259 ἀπάσης
290 4203 337 4257 γει
363 4191 368 4260 Ι
397 4193 428 4242 18
446 4183 477 4243 ἐν
495 4183 572 4242 αὐτοῦ
589 4196 668 4255 τγτλ,
693 4179 797 4242 όαντοῦ
815 4205 838 4239 w
854 4186 858 4254 Ι
877 4187 907 4237 18
924 4182 1034 4252 μετρῶν
1052 4199 1066 4232 ι
1081 4177 1086 4248 Ι
1103 4179 1134 4230 18
1152 4175 1201 4230 καλ

94 4269 160 4336 -Ι-ιι
179 4273 183 4338 Ι
207 4277 240 4326 2¹2
258 4276 371 4344 μωῦτής
389 4295 412 4327 w
437 4277 441 4344 Ι
461 4278 494 4326 22
513 4280 573 4334 τοῖς
589 4276 623 4338 >
641 4272 671 4340 λΙ
692 4275 725 4326 23
743 4271 793 4324 καλ
810 4271 843 4336 -Ι-
862 4289 885 4321 w
906 4272 909 4332 Ι
929 4271 962 4318 24
981 4261 1093 4334 ἐλεήσαι
1168 4267 1202 4317 25

99 4353 141 4407 καλ
157 4359 189 4420 >
206 4368 218 4411 t
237 4359 242 4427 Ι
265 4362 299 4413 2ss
316 4359 365 4413 καὶ
383 4363 459 4429 prius
477 4362 510 4424 >
528 4377 542 4412 τ
558 4358 563 4427 Ι
578 4361 610 4410 27
629 4355 710 4424 κῦριε
728 4363 790 4424 post
808 4355 898 4407 σῦσον
916 4371 947 4414 w,
966 4352 1001 4415 >
1018 4369 1035 4402 x
