3160 4976
135 343 185 416 66

132 519 256 584 παιδίου
279 527 334 581 τού
349 513 598 603 προκηρύξαντος
621 524 680 603 προ·
702 523 868 602 προσώπου
891 529 947 590 τῆς
970 517 1088 582 εἰσόδου
1113 521 1207 580 αύτοῦ
1228 521 1336 600 μετοί-

131 649 216 691 νοιαν
241 630 284 697 είς
308 628 416 713 ἄφεσιν
443 629 604 711 ἁμαρτιῶν
627 625 808 714 συνελήφθη
831 633 881 690 καί
904 630 979 690 αύτό
1001 622 1128 710 κηρύξαι
1150 630 1335 710 μετάνοιαν.

131 740 256 819 καὶγὰρ
273 741 323 796 καί
339 744 399 796 τῶν
414 736 597 820 ἀμφοτέρων
611 738 758 818 ἀκούομεν
771 739 803 796 ἐν
815 739 946 820 πρώτοις
961 738 1173 820 κηρυσσόντων
1189 737 1224 796 ού
1236 737 1337 816 μόνον

132 850 198 927 περὶ
221 849 399 925 μετανοίας,
428 840 506 904 ἀλλὰ
523 851 574 904 καί
590 849 657 927 περί
674 841 836 926 βασιλείας
853 851 1003 928 οὐρανῶν,
1031 847 1098 914 ἥτις
1123 841 1254 927 (καθὼς
1272 864 1336 923 με·

132 951 340 1034 μαθὴκαμεν)
358 952 442 1020 ἑντός
459 954 546 1030 ἡμῶν
564 953 625 1012 ἑστι
639 957 683 1028 τῷ
700 957 792 1033 ἐγγύς
810 955 899 1032 ἡμῶν
916 951 992 1012 εἶναι
1009 955 1041 1012 τό
1058 953 1143 1035 ῥῆμα
1158 951 1335 1012 δπιστεύο-
1369 973 1383 1010 ο

131 1081 185 1143 μεν
200 1063 230 1120 ἑν
242 1067 286 1138 τῷ
305 1061 436 1138 στόματι
452 1060 571 1120 ἑαυτῶν
587 1065 638 1120 καί
657 1060 685 1118 ἑν
703 1069 739 1138 τῇ
757 1057 871 1140 καρδία
888 1061 1018 1134 ἑαυτῶν,
1036 1063 1103 1142 περί
1118 1057 1157 1129 ἧς
1173 1063 1223 1118 καί
1240 1061 1336 1118 αύτσί

132 1166 383 1248 ὑπομνησθέντες
410 1164 611 1246 μαθόσονται
641 1165 797 1249 ὁμολογεῖν
830 1170 859 1228 ἑν
894 1174 938 1246 τῷ
963 1169 1093 1248 στόματι
1131 1167 1249 1226 ἑαυτῶν
1284 1169 1333 1226 σ’τι

132 1281 234 1358 κύριος
260 1275 398 1350 Ἰησοῦς,
426 1279 617 1343 πιστεύοντες
639 1275 669 1335 ἑν
693 1285 729 1354 τῇ
753 1273 866 1358 καρδίᾳ
890 1277 1009 1336 ἑαυτῶν
1030 1277 1075 1336 σ’τι
1098 1275 1113 1334 ό
1135 1273 1213 1342 θεὸς
1236 1275 1335 1334 αύτδν

133 1386 252 1466 ἤγειρεν
270 1385 301 1442 ἑκ
325 1390 454 1464 νεκρῶν·
481 1383 535 1442 ἅτε
553 1378 589 1452 δὴ
616 1383 777 1454 ἀκούοντες
805 1385 849 1444 ὅτι
872 1382 987 1466 καρδία
1009 1388 1063 1464 μὲν
1087 1385 1257 1442 πιστεύεται
1287 1383 1334 1450 είς

135 1489 336 1566 δικαιοσύνην,
357 1492 487 1570 στόματι
505 1486 538 1549 δό
552 1487 745 1571 ὁμολογεῖται
762 1492 805 1561 είς
821 1495 990 1573 σωτηρίαν.
1352 1509 1382 1548 ιο

97 1617 117 1666 ς
135 1601 208 1668 Τοῖς
219 1597 251 1659 δὲ
262 1596 389 1667 δούλους
400 1601 595 1680 χριστιανούς
606 1595 683 1660 ἀνθ’
691 1600 810 1660 ἑαυτῶν
824 1595 1065 1680 ύποβεβληκύσιν
1074 1601 1153 1659 -οί
1162 1604 1216 1680 μὲν
1229 1595 1333 1660 δοῦλοι

134 1707 178 1776 ὡς
196 1707 233 1768 ἂν
252 1708 418 1789 ὑποχείριοι
435 1705 518 1774 ὄντες
535 1710 585 1766 καῖ
605 1709 714 1786 τρόπον
733 1711 800 1768 τινὰ
823 1712 873 1768 καῖ
898 1709 983 1768 αὐτοί
1005 1704 1247 1791 μαλακισθέντες
1271 1710 1333 1768 ύπό

135 1825 196 1874 τῶν
215 1811 383 1889 δεσποτῶν,
400 1811 681 1884 καταπειληθὲντες
698 1812 963 1884 δὲύπ’,αυ’τῶνκαί
980 1811 1031 1874 διὰ
1047 1818 1097 1874 τόν
1115 1811 1213 1898 ρόβον
1227 1815 1333 1874 αὐτῶν

135 1923 177 1992 εἰς
195 1929 284 1982 τούτο
302 1918 488 1990 ἐληλυθότες
504 1927 555 1982 καῖ
571 1919 808 1998 όλισθησαντες,
825 1923 856 1982 ἑν
876 1925 1006 2000 ἐνιαυτῷ
1024 1926 1064 1982 τά
1087 1933 1142 1992 τῆς
1165 1901 1342 2002 μετανοίας

135 2031 212 2112 ἔργα
230 2023 419 2106 ὑποδεῖξωσι,
436 2028 653 2108 μανθάνοντες
671 2037 722 2090 τού
738 2027 841 2090 λοιπού
859 2031 903 2100 ὡς
920 2027 1020 2092 δούλσι
1038 2039 1165 2113 χριστοῦ
1182 2039 1274 2090 ποιεῖν
1297 2033 1334 2090 τό
1355 2047 1382 2084 ιο

133 2134 261 2216 θέλημα
280 2145 332 2196 τοῦ
348 2135 427 2197 θεοῦ
443 2137 494 2196 καὶ
510 2134 679 2220 φοβεῖσθαι
705 2139 817 2198 αὐτόν·
844 2138 1006 2208 ἀκούοντες
1026 2136 1162 2218 μάλιστα
1187 2142 1232 2198 σ’τι
1256 2138 1333 2198 ἑκα-

135 2263 219 2318 στσς,
237 2245 289 2304 ἐάν
307 2263 335 2302 τι
351 2248 460 2324 ποιηση
480 2243 621 2326 ἀγαθόν,
641 2252 730 2306 τούτο
746 2251 902 2326 κομίσεται
918 2249 1006 2330 παρὰ
1024 2251 1137 2330 κυρίου,
1155 2248 1213 2308 εἴτε
1224 2243 1334 2315 δοῦλος

134 2356 192 2412 εἴτε
209 2350 372 2434 ἐλεύθερος
385 2373 394 2412 :

101 2453 123 2526 ζ
135 2462 163 2522 οί
178 2457 211 2522 δὲ
228 2459 383 2544 ἐλεύθεροι
406 2462 436 2522 ἑν
459 2465 552 2544 τρισίν
578 2462 674 2522 ἔτεσιν
697 2455 959 2532 ίξετασθὴσονται
983 2461 1012 2522 ἑν
1036 2467 1186 2542 μετανοίᾳ
1214 2467 1265 2520 καί
1287 2461 1334 2531 ὡς

133 2570 362 2652 ὑποκρινάμενοι
379 2575 429 2629 καί
447 2570 491 2639 ὡς
507 2571 805 2650 καταναγκάσαντες
822 2574 894 2638 τοὺς
905 2567 1214 2649 όμοδούλουςθῡσαι,
1226 2570 1280 2630 ἅτε
1293 2566 1332 2637 δὴ
1353 2587 1381 2626 οσ

134 2680 385 2757 παρακούσαντες
402 2684 456 2737 τού
475 2677 646 2738 ἀποστόλου
663 2681 702 2736 τὰ
720 2679 801 2739 αὐτοὶ
820 2677 967 2746 θέλοντος
983 2687 1076 2738 ποιεῖν
1092 2681 1164 2748 τούς
1179 2674 1334 2747 δεσπότας

134 2794 195 2856 τοῖς
227 2781 355 2861 δούλοις,
379 2783 522 2856 ἀνιόντας
549 2790 603 2854 τὴν
630 2784 765 2854 ἀπειλὴν.
800 2784 927 2863 εἰδότες,
961 2791 1071 2871 μησίν,
1102 2791 1145 2848 ότι
1171 2787 1222 2846 καὶ
1247 2789 1333 2866 ὑμῶν

132 2897 183 2952 καί
205 2895 307 2953 αύτῶν
331 2893 464 2976 όκύριός
487 2893 566 2954 ἑστιν
591 2895 621 2954 ἑν
644 2896 786 2976 ούρανοῖς
814 2899 864 2958 καί
886 2893 1129 2978 προσωποληιύία
1154 2892 1227 2977 παρ’
1245 2896 1331 2971 αύτῷ

132 3001 185 3060 ούκ
201 3001 291 3061 ἑστιν.
309 3002 335 3060 εἰ
352 2998 384 3062 δὲ
401 3002 455 3062 ἕνα
472 3005 572 3084 κύριον
589 3005 700 3085 ἔχομεν
718 3006 746 3062 σί
760 3011 874 3073 πάντες
890 3002 1184 3086 άπρσσωπύληπτον,
1205 3004 1265 3064 ἐπεὶ
1282 3007 1334 3062 καί

132 3110 236 3168 πάντα
252 3114 302 3168 καί
318 3115 347 3168 ἑν
365 3114 456 3170 πᾶσίν
475 3112 554 3170 ἐστιν
577 3111 592 3170 ό
616 3113 760 3193 χριστός,
791 3111 820 3172 ἔν
844 3133 875 3172 τε
898 3108 1078 3194 βαρβάροις
1102 3113 1153 3172 καί
1178 3109 1330 3188 Σκύθαις,
1350 3125 1379 3165 το

133 3211 251 3286 δούλοις
266 3221 317 3278 καὶ
334 3214 520 3300 ἐλευθέροις,
537 3227 656 3278 σκοπεῖν
670 3215 836 3298 όρεῖλσυσιν
855 3219 871 3280 δ’
885 3221 1128 3302 κατειργάσαντο
1140 3217 1332 3289 θελήσαντες

132 3326 185 3390 τὴν
202 3323 304 3405 ψυχὴν
320 3325 439 3384 ἑαυτῶν
463 3336 580 3400 σῶσαι,
611 3329 639 3387 σί
661 3331 733 3396 τούς
757 3324 939 3396 συνδούλους
961 3331 1048 3408 ἡμῶν
1078 3325 1258 3396 ἑλκύσαντες
1283 3327 1332 3386 ίπῖ

132 3427 380 3515 εῖδωλολατρὶαν,
399 3428 590 3512 δυναμένους
607 3437 657 3494 καί
673 3435 788 3503 αύτούς
805 3438 956 3519 ἐκμυγεῖν,
975 3436 1001 3494 εἰ
1020 3442 1054 3495 τό
1072 3432 1187 3496 δίκαιον
1204 3438 1255 3494 καί
1274 3439 1327 3500 τὴν

133 3538 259 3608 ι’σότητα
277 3537 357 3608 ἦσαν
375 3541 480 3607 αὐτοῖς
497 3544 727 3624 παρασχόντες,
746 3542 788 3610 ὡς
806 3541 895 3604 πάλιν
912 3544 927 3603 ό
945 3540 1116 3612 ἀπόστολος
1132 3540 1224 3624 λέγει.

213 3665 223 3701 1
236 3662 286 3702 Aci.
298 3662 338 3701 ιίίΙ
348 3662 382 3702 24.
396 3683 421 3692 -
432 3662 444 3700 2
455 3657 507 3702 αὐτό
521 3673 533 3702 ο
545 3669 629 3714 neptem
640 3667 705 3704 libris
717 3665 841 3705 bodleiauis
853 3667 884 3706 R:
901 3663 966 3712 αὐτὸς
979 3677 1015 3716 με.
1027 3685 1054 3694 -
1064 3667 1076 3706 6
1087 3663 1241 3718 κηρυττόντων
1251 3665 1294 3715 Rp.
1306 3685 1333 3694 -·-

131 3735 143 3773 6
155 3731 282 3786 μεμάθηκεν
293 3747 314 3784 p.
331 3755 357 3762 -
372 3735 425 3773 Luc.
438 3735 485 3773 xvii
499 3735 533 3772 21.
545 3756 572 3763 -
582 3735 646 3778 Rom.
660 3749 673 3775 x
683 3739 759 3776 8—10.
771 3759 797 3765 -
808 3740 820 3776 6
831 3737 913 3790 :nsaiwi
926 3734 1072 3788 εαυτῶνινρ,
1084 3739 1152 3778 hibet
1162 3751 1182 3778 π.
1195 3760 1219 3766 -
1236 3735 1333 3789 διόριοε

132 3801 218 3856 Ἰησοῦς
233 3801 324 3860 Χριστός
339 3807 399 3846 bodi.
416 3807 469 3856 266,
494 3807 575 3855 reliqui
595 3809 646 3848 iibri
663 3811 775 3850 bodioinui
790 3813 881 3875 neptem¹
891 3815 915 3850 ui
929 3811 951 3848 iii
966 3815 988 3850 ει
1002 3811 1061 3860 „iii
1078 3811 1130 3860 6ος.
1148 3797 1241 3864 [Puni]
1257 3809 1333 3850 20³&u

131 3878 251 3918 Ιίετάιιίιιί.
264 3900 287 3906 -
305 3881 331 3918 10
346 3879 449 3933 σητηρίαν
465 3879 491 3918 ii.
504 3880 566 3920 --16
581 3876 604 3920 ii
613 3891 639 3920 ιν
648 3882 691 3930 Rp.
709 3903 732 3910 —-
749 3885 774 3922 14
789 3881 810 3923 ἑν
820 3895 846 3924 ω
856 3884 917 3922 bodi.
934 3884 982 3930 205,
998 3895 1020 3932 ρ.
1031 3883 1071 3921 iod
1082 3884 1153 3922 z=M.
1165 3903 1191 3911 —
1204 3885 1229 3924 16
1244 3881 1334 3932 δεῖξωσε

130 3949 150 3988 Ιὲ
164 3961 176 3988 σ
191 3951 256 3989 libris
271 3952 395 3990 bodleiani-t
412 3962 464 3990 εστι
482 3947 575 3999 δείξουσι
591 3963 626 4002 με,
638 3974 664 3981 -
675 3947 705 3996 ὼς
720 3950 827 3994 δούλοιιν
837 3966 859 4004 ρ.
872 3975 898 3984 —
915 3956 940 3994 16
950 3951 998 3994 iiii.
1015 3951 1053 3994 τού
1069 3951 1122 3994 θεοῦ
1135 3957 1202 3994 σείσειε
1218 3955 1332 3994 ἑνούίσίεσί

130 4023 176 4060 ires
190 4025 314 4070 quatuoive
330 4029 351 4062 σε
366 4035 386 4070 ε,
402 4019 449 4062 iiii.
461 4022 500 4062 τοῦ
508 4019 602 4077 Χριστοῦ
617 4025 643 4073 R,
660 4021 708 4064 δι’λ.
724 4025 760 4064 καὶ
770 4038 792 4075 p.
804 4047 830 4054 —-
841 4028 865 4066 li
876 4027 935 4078 Eph.
947 4030 969 4068 vi
980 4030 1000 4068 8.
1018 4048 1038 4055 -
1050 4027 1164 4078 κομίσεται
1173 4033 1269 4077 quatuor
1280 4028 1331 4066 libr.

131 4093 258 4142 bodleiani,
273 4093 390 4148 κομίσηται
404 4108 426 4146 ρ,
443 4099 551 4149 κομιεῖται
565 4100 691 4138 ταινῖίπεοτι.
708 4099 756 4146 626,
772 4111 792 4138 α.
814 4119 839 4128 -
862 4102 885 4140 1³
903 4097 1020 4154 ε’λεόδεροε
1036 4097 1092 4140 ἑστιν
1107 4113 1128 4148 ε,
1145 4097 1176 4139 ίλ.
1197 4098 1244 4140 ini
1264 4111 1286 4148 ρ.
1309 4120 1331 4128 η

131 4167 158 4204 ⁸20
173 4161 335 4217 ὑποκρινόμενοι
349 4179 370 4216 p.
388 4189 413 4197 -
429 4167 562 4220 ύμολούλονς
578 4171 604 4210 R.
622 4191 647 4200 -
661 4171 685 4209 21
703 4170 761 4220 Ερλι.
777 4173 798 4210 vi
814 4173 834 4210 6.
846 4191 871 4200 -
887 4175 913 4210 ²2
930 4170 1011 4216 εἰδότας
1026 4173 1068 4223 Rp.
1085 4195 1110 4202 -
1125 4169 1191 4224 ἡμῶν
1208 4173 1267 4212 bodi.
1283 4173 1332 4220 205.

132 4249 167 4288 pn.
184 4237 224 4276 νεά
239 4238 261 4274 in
276 4248 289 4276 z
305 4234 326 4276 ἑν
341 4235 422 4288 ἄλλοις,
437 4241 473 4280 καὶ
489 4239 554 4294 ἡμῶν
569 4240 642 4282 αὐτῶν
657 4243 757 4282 additum
772 4245 861 4292 iegitur.
882 4265 903 4272 -
919 4247 954 4284 22.
964 4245 1037 4284 23ισὶ
1051 4241 1124 4286 αὐτῶν
1139 4246 1175 4285 καί
1191 4241 1253 4295 ύμιῖνν
1268 4244 1331 4284 bodi.

132 4311 180 4350 625.
196 4330 219 4338 -
237 4311 263 4348 2³
278 4311 313 4349 καί
329 4313 390 4360 prius
401 4323 426 4352 ιν
436 4315 496 4352 bodl.
515 4315 566 4354 158:
588 4317 610 4353 in
627 4315 687 4355 bodi.
704 4316 744 4356 205
759 4317 831 4354 aerius
846 4315 947 4354 additum
962 4320 1003 4355 εει.
1020 4336 1044 4343 -
1060 4317 1086 4354 24
1101 4326 1156 4364 quae
1173 4328 1186 4356 ο
1201 4317 1276 4355 verbis
1294 4313 1333 4356 ούι

133 4380 190 4422 ἱστιν
200 4393 271 4431 usque
281 4382 308 4421 nd
319 4384 385 4424 inem
395 4386 486 4424 σεποιιίν
496 4385 607 4425 habentur
618 4388 802 4427 rawiinsouinnus
813 4389 853 4426 625
863 4392 919 4426 teste
929 4387 1025 4426 ΙὲσυεΙιίσ
1035 4387 1142 4438 ,σνειέιί“.
1157 4409 1179 4416 ψ
1196 4384 1275 4441 ἔχομεν
1285 4389 1334 4438 Rzp

133 4463 183 4492 cum
194 4453 318 4492 bodleiani·
334 4459 432 4502 εερισιτις
454 4451 541 4506 ίχωμεν
556 4465 600 4494 non
615 4467 687 4496 nemo.
704 4478 729 4486 -
744 4455 937 4510 ἀπροσοπόληπτον
952 4459 978 4498 R.
995 4479 1019 4487 -
1036 4459 1085 4498 Coi.
1097 4460 1121 4498 iii
1139 4462 1171 4498 11.
1187 4481 1207 4488 -
1219 4461 1247 4500 26
1261 4456 1331 4510 δηλή-

133 4534 208 4566 σαντες
222 4523 248 4560 ii.
266 4542 292 4549 -
306 4525 331 4561 ‘ii
348 4521 370 4562 ii
386 4523 424 4573 την
440 4525 470 4561 Μ.
488 4545 512 4551 -
527 4525 553 4562 28
569 4523 749 4576 εῑδωλολατρείαν
766 4529 807 4576 Rp.
825 4549 850 4556 -
866 4529 954 4568 i‘oioss.
973 4531 995 4569 Ιν
1012 4533 1030 4567 1.
