3128 4972
682 437 895 498 „54-

187 604 433 670 decimanorum
454 603 712 669 celebrationem
728 601 830 668 fuisse
850 611 1088 668 consecratam.
1122 597 1188 668 Sed
1203 603 1323 668 mirum
1340 613 1393 670 est

187 723 354 809 profecto,
378 723 589 788 Weitzelium
615 722 818 788 Tricentium
841 723 937 788 illum
960 723 1151 788 adhibuisse
1181 723 1389 808 quartodeci-

187 866 302 910 manae
331 843 580 908 consuetudinis
609 850 744 908 testem.
790 843 988 928 Quicunque
1016 843 1102 935 enim
1131 844 1222 908 Petri
1245 845 1393 910 Alexan·

187 962 520 1056 drinissragmentum
543 963 710 1048 integrum
734 963 865 1048 legerit,
883 963 1086 1028 nicentium
1104 963 1274 1048 intelliget
1290 964 1392 1030 etiam

186 1084 293 1148 multo
317 1084 423 1168 magis
447 1083 594 1148 abfuisse
622 1082 717 1148 adie
742 1090 859 1167 quarto
884 1083 1013 1148 decimo
1043 1084 1264 1164 observando,
1294 1107 1391 1169 qnam

185 1204 293 1289 ipsum
321 1205 456 1268 Petrum
484 1202 763 1282 Alexandrinum,
798 1202 855 1287 qui
882 1225 956 1268 oum
985 1204 1248 1270 occidentalibus
1280 1205 1391 1269 stetit.

185 1323 371 1388 Tricentius
394 1323 481 1388 enim
502 1323 633 1403 statuit,
658 1323 692 1388 in
708 1323 942 1389 constituendo
959 1323 1011 1388 die
1027 1323 1177 1408 paschali
1192 1324 1390 1428 ludaeorum

186 1442 286 1508 moris
310 1450 345 1508 et
366 1442 490 1508 veteris
512 1443 708 1509 testamenti
732 1451 984 1528 praeceptorum
1013 1444 1145 1508 omnino
1173 1467 1240 1510 non
1267 1445 1391 1510 baben·

186 1564 261 1628 dam
282 1585 353 1628 esse
375 1563 549 1643 rationem,
572 1563 729 1648 quoniam
747 1563 798 1627 illi
813 1564 854 1628 ab
871 1563 966 1629 initio
983 1563 1173 1629 erraverint.
1213 1565 1263 1629 Eo
1279 1563 1392 1649 potius

185 1683 238 1748 die
262 1684 423 1750 sollemne
446 1685 604 1769 paschale
627 1705 757 1769 semper
779 1706 851 1749 esse
875 1685 1120 1763 celebrandum,
1145 1707 1209 1768 quo
1228 1683 1392 1750 Dominus

186 1803 367 1868 seeundum
390 1826 518 1884 eorum,
549 1803 605 1887 qui
628 1805 728 1869 rebus
752 1803 831 1888 ipsis
857 1803 1084 1883 interfuerint,
1113 1803 1342 1869 testimonium
1371 1825 1392 1868 e

184 1922 255 1987 vita
277 1923 321 1986 sit
344 1945 507 2007 egressus.
547 1923 673 1987 Contra
695 1925 814 1987 Petrus
839 1922 1082 1988 Alexandrinus
1106 1930 1228 2000 monet,
1246 1922 1391 1987 Judaeu-

184 2063 256 2106 rum
285 2042 385 2106 moris
414 2065 492 2107 sane
521 2041 684 2107 rationem
713 2063 784 2106 esse
814 2041 1016 2120 habendam,
1047 2063 1122 2106 cum
1154 2041 1207 2120 hi,
1238 2040 1389 2124 quamvis

184 2183 272 2226 nuno
295 2170 421 2241 errent,
449 2170 563 2227 tamen
584 2183 689 2245 usque
713 2161 754 2226 ad
778 2161 868 2226 urbis
891 2182 1003 2226 sacrae
1031 2159 1234 2226 eversionem
1263 2169 1388 2226 rectam

185 2281 453 2346 conservaverint
490 2281 716 2347 constituendi
753 2281 818 2345 diei
854 2280 1021 2366 paschalis
1058 2279 1231 2346 rationem.
1286 2281 1390 2346 Vide·

184 2425 257 2466 mus
280 2401 393 2486 igitur,
411 2401 614 2467 Tricentinm
637 2399 739 2466 etiam
761 2401 867 2466 multo
891 2401 997 2485 magis
1017 2423 1113 2485 quam
1130 2400 1219 2487 ipsos
1236 2401 1389 2466 occiden-

183 2521 268 2586 tales
298 2521 508 2586 abhorruisse
536 2544 555 2587 a
581 2524 740 2607 paschate
769 2543 843 2586 eum
868 2521 1004 2586 Judaeis
1033 2521 1195 2586 faciendo.
1243 2521 1390 2586 Quarto-

184 2641 363 2706 deeimanis
386 2649 498 2706 autem
521 2641 555 2704 id
578 2642 697 2727 ipsum,
723 2640 812 2725 quod
832 2639 888 2706 ille
904 2641 1102 2726 repudiavit,
1120 2641 1288 2726 proprium
1304 2649 1388 2706 erat.

184 2761 319 2826 Etenim
336 2761 406 2844 jam
423 2762 653 2826 Ponrcnsrns¹
679 2761 774 2826 enixe
797 2769 976 2841 asseverat,
996 2763 1137 2847 majores
1160 2785 1237 2827 suos
1261 2783 1392 2846 semper

183 2882 376 2945 observasse
393 2901 468 2944 eum
484 2880 582 2960 diem,
601 2903 676 2965 quo
693 2882 713 2944 J
720 2879 838 2946 udaei
854 2882 1099 2946 fermentum
1115 2881 1390 2947 removissent

184 3009 325 3098 (acinace
341 3013 391 3096 τὴν
408 3015 517 3098 ἡμέραν
534 3014 638 3100 ἤγαγον
655 3016 683 3081 οἱ
699 3024 837 3098 συγγενεῖς
853 3041 925 3096 μου,
948 3013 1036 3079 ὅταν
1061 3016 1076 3080 ὁ
1094 3014 1183 3086 λαὸς
1204 3013 1308 3098 iosus
1328 3014 1391 3098 τὴν

184 3131 320 3216 ζύμην).
360 3138 405 3202 Et
428 3137 613 3204 Eusenos’
637 3135 782 3222 itemque
807 3137 1060 3202 Cousraunnus
1083 3137 1116 3201 in
1140 3138 1298 3223 epistola,
1324 3161 1389 3222 qna

183 3255 303 3342 synodi
330 3259 499 3323 Nicaenae
527 3259 661 3323 decreta
689 3257 914 3344 promulgavit
922 3259 945 3337 ⁸,
976 3257 1107 3337 dicunt,
1138 3258 1280 3322 Asianos
1310 3280 1389 3323 con-

182 3376 348 3458 tendisse,
374 3377 408 3442 in
431 3377 483 3442 dic
507 3377 657 3462 paschali
680 3377 913 3442 constituendo
938 3378 1139 3463 sequendum
1164 3400 1236 3443 esse
1263 3401 1389 3443 morem

182 3498 381 3562 ludaeorum
402 3493 579 3582 (ἕπεσθαι
601 3499 657 3558 δεῖν
678 3496 719 3576 τῇ
740 3493 931 3561 Ἰουδαίων
952 3496 1161 3583 σννηθείᾳ).
1208 3499 1263 3562 Ita
1287 3497 1387 3563 etiam

182 3616 216 3681 in
239 3615 373 3697 litteris,
398 3639 479 3700 quas
502 3616 683 3702 synodus
704 3615 888 3680 Nicaena
907 3618 949 3682 ad
968 3617 1189 3684 Alexandriae
1210 3618 1388 3683 ecelesiam

270 3979 279 4012 ¹
296 3983 408 4044 Euseb.
425 3985 467 4041 Η.
484 3985 520 4042 E.
538 3985 575 4056 V,
592 3987 643 4056 24,
659 3987 688 4043 6.

269 4064 280 4096 ²
297 4071 359 4128 Vit.
377 4069 481 4128 Const.
498 4071 564 4142 ΙΙΙ,
581 4073 610 4142 5,
628 4073 656 4128 1.

269 4151 404 4214 ”Euseb
414 4155 476 4213 Vit.
492 4157 595 4214 Const.
613 4157 672 4228 ΙΙΙ,
684 4158 734 4228 18,
744 4158 773 4214 2.
784 4187 826 4197 -
842 4158 973 4216 Socratis
989 4159 1031 4216 H.
1042 4159 1078 4216 E.
1095 4159 1151 4229 1,9
1169 4157 1229 4230 (ed.
1241 4157 1386 4228 Hnssnr,

182 4242 278 4301 Oxon.
296 4243 395 4314 1853,
418 4247 441 4300 t.
458 4243 488 4314 1,
507 4261 536 4320 p.
554 4241 619 4317 71).
636 4273 677 4283 -
698 4241 883 4302 Theodoreti
903 4245 944 4301 H.
961 4245 997 4301 E.
1018 4244 1047 4316 Ι,
1065 4246 1106 4303 10
1126 4241 1187 4316 (ed.
1205 4243 1387 4315 Gn1sronn,

181 4329 277 4387 Oxon.
296 4329 393 4399 1854,
410 4348 439 4405 p.
457 4325 522 4402 55).
