3052 4974
99 409 169 476 ⁶²⁶
1186 427 1227 490 53

100 579 155 660 σε’,
178 577 327 662 νόμιμον
341 577 489 646 αίιάνιον.
523 579 579 645 καλ
596 585 694 646 τοῦτο
709 584 794 648 ἐστω
809 578 890 666 ὑμῖν
905 579 973 650 άπὸ
986 587 1056 650 τῦν
1067 581 1228 670 ἡγιασμέ-

100 703 184 762 νων,
203 679 241 745 ἐκ
257 684 327 746 τοῖν
344 681 579 764 καρπωμάτων
597 679 653 748 καί
668 681 733 748 άπδ
750 687 819 748 τοῖν
835 684 957 771 δάρων
973 684 1029 750 καλ
1043 683 1110 750 άπό
1127 692 1227 756 *τῶν

99 784 237 846 θυσιαῑν
259 779 316 848 καί
332 777 398 848 άπδ
417 783 527 868 πάσης
543 787 768 868 πλημμελείας
789 785 846 850 καὶ
864 783 942 866 περὶ
958 783 1147 872 άμαρτιων,
1171 790 1228 856 καλ

101 881 163 948 ὅσα
195 881 388 949 ἀποδίδωσί
407 907 465 968 μοι
492 883 560 952 άπδ
579 884 717 950 πάντων
737 889 806 952 ταῖν
827 883 951 970 άγίαν,
981 885 1035 952 σοὶ
1055 889 1147 954 ἔσται
1169 889 1227 956 καὶ

100 995 171 1060 τοῖς
193 985 280 1062 υίοίς
300 1001 364 1050 σου
384 985 425 1051 ἐν
443 989 491 1073 τῷ
515 983 600 1074 ἁγίῳ
621 987 792 1071 φάγεσθαι
817 985 917 1053 αῦτά·
953 987 1010 1054 καὶ
1031 987 1102 1073 μετ’
1129 987 1260 1073 δλίγασ

99 1089 204 1152 Πᾶσα
224 1083 358 1170 άπαρηη
379 1086 495 1153 ε’λαίου
519 1087 607 1154 καλλ·
628 1094 726 1154 οίνοο
750 1087 807 1154 καί
821 1095 839 1134 *
854 1092 967 1172 σίτου,
994 1089 1058 1157 ὅσα
1076 1086 1121 1156 α”ν
1141 1093 1227 1157 δοῦσι

99 1191 227 1275 κυρίμ,
248 1187 303 1254 σοὶ
324 1189 454 1254 δέδωκα
474 1185 578 1273 αῦτά,
600 1188 714 1255 καὶτὰ
734 1190 1018 1276 πρωτογευήματα
1039 1192 1150 1259 πάντα
1172 1210 1227 1258 σοι

99 1289 253 1356 δέδωκα·
273 1290 330 1356 καὶ
345 1289 399 1356 σολ
415 1290 488 1376 ἐρεῖ
497 1295 567 1358 πᾶν
578 1289 756 1377 ἀνάθημα·
778 1291 1025 1377 *πρωτότοκον
1037 1292 1226 1380 άνθράκου

100 1390 157 1456 καλ
172 1390 319 1474 κτήνους
333 1396 490 1478 καθαροῦ
510 1391 567 1458 καὶ
580 1391 778 1479 ἀκαθάρτου
800 1393 857 1459 καὶ
872 1398 997 1472 θυσίας
1018 1394 1075 1461 καὶ
1096 1402 1225 1481 στηθν-

99 1495 179 1558 νίου
197 1492 255 1558 καλ
268 1495 447 1579 βραχίονος
462 1495 574 1573 δεξιοῦ
587 1505 657 1572 τοῖς
680 1496 805 1579 ἱερεῦσι
827 1497 1056 1582 προσανήκειν
1078 1497 1136 1563 καλ
1155 1509 1226 1575 τοῖς
1244 1511 1277 1564 10

48 1615 84 1664 ω.
101 1598 234 1671 λοιποῖς
243 1605 314 1671 τοῖς
323 1597 578 1680 παραμένουσιν
586 1593 871 1674 αῦτοῑςΛευίταις.
888 1599 902 1686 ΙΙ
916 1596 1082 1664 άκοάσατε
1093 1604 1109 1638 *
1120 1602 1226 1666 ταῦτα

100 1694 157 1762 καὶ
177 1692 288 1781 ὑμεῖς,
318 1697 354 1762 ολ
373 1700 487 1764 λαλκοί
496 1745 505 1780 ,
533 1694 554 1782 ἡ
582 1698 722 1782 ἐκλεκτή
751 1701 912 1784 ἐκκλησία
939 1704 1001 1766 τοῦ
1026 1703 1129 1765 θεοῦ·
1168 1697 1226 1765 καὶ

101 1796 169 1882 γὰρ
187 1795 206 1865 ὁ
221 1803 302 1876 λαός
317 1798 483 1885 πρότερον
502 1804 589 1866 θεοῦ
604 1797 683 1876 λαδς
700 1798 757 1866 καλ
783 1804 885 1880 ἔθνος
905 1801 1004 1885 ἅγιον
1024 1797 1223 1885 ὠνομάζετο,

101 1899 159 1966 καὶ
169 1895 266 1985 ὑμεῖς
280 1887 344 1966 οὖν
355 1901 429 1966 ἐστὲ
446 1899 525 1985 άγία
542 1901 615 1987 ίερά
629 1903 790 1987 ἐκκλησία
804 1907 865 1968 τοῦ
879 1905 995 1968 θεοῦ*
1009 1901 1224 1988 άπογεγραμ-

99 2003 185 2087 με’νη
201 2004 241 2067 ἐν
255 1999 402 2088 οὐρανῷ,
422 2005 598 2087 βασίλειον
614 2004 805 2088 ἱεράτευμα,
828 2007 928 2081 ἔθνος
943 2004 1058 2088 ἅγιον,
1080 2002 1160 2082 λαός
1177 2007 1225 2082 είς
1242 2016 1275 2068 15

99 2109 334 2190 περιποίησιν,
358 2108 376 2146 *
398 2105 515 2190 νύμφη
536 2105 833 2190 κεκαλλωπισμένη
852 2109 960 2192 κυρίη)
976 2111 1023 2196 τῷ
1044 2110 1127 2193 θεῷ.
1166 2108 1224 2174 ἐκ-

99 2209 224 2290 κλησία
244 2207 389 2290 μεγάλη,
419 2206 576 2292 ἐκλεκτή,
607 2207 719 2292 πιστή,
749 2203 772 2272 ά
800 2207 968 2294 πρότερον
1000 2208 1130 2294 ἐρρήθη
1158 2211 1225 2274 νῦν

101 2308 279 2388 ἐνωτίζου·
301 2305 512 2393 άφαιρέματα
534 2309 591 2375 καί
608 2309 747 2374 δεκάται
768 2310 825 2375 καὶ
847 2307 995 2394 άπαρχαλ
1015 2312 1061 2394 τῷ
1076 2307 1229 2394 άρχιερελ

99 2413 226 2498 χριστῷ
258 2409 316 2475 καλ
346 2421 416 2488 τοῖς
440 2414 697 2497 λειτουργοῦσιν
729 2409 830 2498 αὐτῷ.
881 2409 1019 2476 δεκάται
1055 2414 1223 2495 σωτηρίου

101 2509 187 2596 άρηη
225 2509 388 2595 ὀνόματος
418 2509 535 2598 Ἰησοῦ.
584 2511 705 2592 ἄκουε,
746 2509 819 2598 ἱερά
852 2510 1017 2596 καθολική
1050 2511 1222 2596 ἐκκλησία,
1240 2523 1275 2574 20

98 2611 120 2700 ἡ
148 2612 213 2698 την
242 2613 455 2698 δεκάπληγον
484 2613 714 2699 ἐκπεφευγυῖα
742 2615 799 2680 καὶ
828 2611 891 2699 την
917 2615 1104 2696 δεκάλογον
1133 2615 1224 2698 εἰλη-

100 2727 187 2802 φυῖα
209 2715 268 2780 καὶ
295 2710 356 2780 τὸν
380 2715 487 2799 νόμον
513 2722 731 2801 μεμαθηκυῖα
754 2714 812 2781 καὶ
832 2713 895 2801 τήν
916 2718 1030 2782 πίστιν
1059 2739 1223 2802 κεκρατη-

100 2829 182 2885 κυτα
207 2816 265 2884 καὶ
289 2816 345 2884 ἐπὶ
375 2815 436 2883 τδν
456 2819 474 2858 *
492 2816 623 2903 Ἰησοῦν
651 2829 894 2884 πεπιστευκυλα
925 2817 981 2884 καὶ
1006 2815 1069 2902 τήν
1095 2818 1224 2884 δεκάδα

100 2921 273 3004 ἐγνωκυία
295 2917 352 2985 καὶ
373 2918 429 2986 ἐπὶ
450 2923 498 3008 τῷ
519 2923 619 3003 ίιῦτα,
645 2917 727 3002 ὅπερ
757 2917 850 2986 ἐστίν
871 2917 956 3007 άρχη
978 2917 1143 3004 ὀνόματος
1159 2917 1223 3003 Ἰη-

99 3025 181 3106 σοῦ,
213 3033 456 3088 πεπιστενκυῖα
484 3021 541 3087 καὶ
559 3020 598 3086 τὸ
618 3018 723 3105 ὄνομα
746 3019 853 3087 αὐτοῦ
874 3020 1145 3105 ἐπονομαζομένη
1166 3019 1223 3086 καλ
1240 3031 1274 3082 25

168 3195 274 3248 enum
294 3195 339 3259 ιε,
361 3194 459 3260 υΙιε
477 3197 581 3248 Petra
599 3195 664 3260 κο

100 3369 113 3420 1
134 3364 226 3420 ταῦτα
242 3383 267 3417 ιτ
282 3363 316 3432 ΙΙ
338 3360 416 3418 ἔσται
432 3371 480 3432 γει
496 3365 500 3434 Ι
515 3369 531 3419 2
549 3359 742 3434 καρπαμάτων
759 3381 783 3414 w
798 3362 803 3428 Ι
823 3369 839 3416 2
859 3361 910 3416 καί
927 3365 1003 3430 prius
1075 3355 1133 3415 άπὸ
1152 3363 1223 3416 alto·

100 3467 160 3504 rum
176 3449 212 3515 >
229 3467 244 3502 τ
264 3452 268 3515 Ι
293 3453 310 3502 2
333 3445 450 3504 πάντων
473 3449 534 3518 [εἰσ]
552 3449 587 3517 «Ιμ
604 3457 636 3517 γλ
661 3449 666 3518 Ι
690 3441 889 3502 λάποδίδωαί
905 3451 968 3514 ιιΧ,
994 3438 1178 3500 άπαδίδωσίν
1194 3467 1222 3514 x,

99 3529 281 3590 άκοδιδάααί
297 3542 344 3602 γτλ
360 3539 364 3602 Ι
379 3538 396 3588 5
414 3530 546 3604 φάγισθε
565 3541 612 3602 γτλ
627 3535 663 3601 Ιθ
680 3529 765 3588 δάσει
785 3553 803 3586 τ
818 3535 855 3600 x!
876 3536 893 3586 8
911 3533 956 3588 σολ
975 3519 1037 3599 ἐρεῖ
1051 3550 1138 3600 wxyz,
1156 3547 1222 3586 σνν-

99 3619 177 3690 ἐρρει
191 3629 204 3674 t
218 3621 222 3689 Ι
237 3622 255 3674 8
271 3612 411 3688 άκάθεμα
423 3629 470 3686 γει
485 3623 489 3686 Ι
504 3621 522 3673 8
539 3619 599 3674 κάν
616 3621 651 3686 -Ι-
667 3627 714 3688 γτι
729 3622 733 3682 Ι
748 3621 773 3672 9.
788 3621 821 3672 10
837 3618 1000 3688 στηθηκίοα
1018 3625 1046 3672 τι
1060 3619 1064 3684 Ι
1080 3620 1113 3671 10
1131 3615 1223 3686 λεριῦ-

99 3723 148 3761 σικ
164 3726 182 3760 x
198 3709 202 3774 Ι
218 3708 253 3760 10
268 3700 426 3775 προσήκειν
443 3723 481 3770 w,
499 3698 676 3774 κροσακήκει
695 3711 706 3757 t
725 3704 730 3772 Ι
751 3706 781 3757 11
801 3706 902 3766 λυποῖς
920 3721 944 3754 w
963 3703 968 3772 Ι
989 3705 1019 3758 11
1038 3696 1159 3758 άκοάετε
1175 3711 1224 3771 yzt
1324 3699 1332 3718 '

128 3794 160 3844 12
177 3790 292 3845 λαοικσλ
310 3809 325 3843 τ
345 3791 349 3852 Ι
370 3793 403 3844 12
422 3785 558 3859 ἐκκλεκτῆ
575 3807 590 3842 ι
609 3797 614 3852 Ι
635 3793 668 3844 12
693 3783 828 3857 ἐκκλησία
847 3783 963 3857 ἐκλεκτὴ
982 3791 1017 3841 W
1037 3789 1042 3856 Ι
1063 3791 1095 3844 13
1117 3781 1222 3857 ὄνομά-

98 3880 162 3942 teto
180 3878 273 3942 τι11ι1
292 3871 357 3942 [ερά
375 3875 598 3943 >γι114τοῦ
615 3875 690 3929 θεοῦ
709 3881 774 3927 ante
793 3869 929 3942 ἐκκλησία
946 3892 994 3941 γι,
1019 3881 1083 3927 ante
1103 3867 1167 3940 λερά
1185 3881 1197 3927 ι
1215 3873 1221 3940 Ι

100 3967 133 4016 14
151 3961 202 4016 καλ
221 3957 287 4027 ἱερά
304 3962 339 4027 -Ι-
354 3979 389 4028 γτ
409 3959 415 4031 Ι
436 3961 468 4012 16
485 3956 729 4027 κεκαλλωπισμένη
747 3977 765 4025 y
792 3960 796 4025 Ι
824 3961 855 4010 17
874 3952 992 4027 ἐκλεκτή
1009 3977 1065 4023 wx,
1085 3952 1221 4026 ἐκκλησία

97 4049 195 4102 deleta
213 4047 324 4114 virgula
341 4047 469 4113 sequenti
486 4052 533 4111 yzt
553 4045 557 4112 Ι
584 4047 615 4098 17
635 4039 743 4112 ἐρρέθη
760 4051 808 4110 yzt
832 4043 837 4112 Ι
858 4045 890 4096 18
907 4037 1068 4106 ἐνστίζουι
1093 4044 1098 4108 Ι
1123 4044 1155 4095 18
1172 4039 1222 4094 καλ

99 4135 217 4186 alterum
235 4133 271 4196 >
287 4137 336 4198 γτλ
354 4132 359 4193 Ι
381 4131 413 4182 19
431 4129 639 4198 λυτονργοῦσιν
657 4147 672 4181 τ
691 4128 696 4197 Ι
721 4129 755 4182 20
772 4127 929 4197 καθολικῆι
947 4147 971 4180 w
996 4128 1000 4189 Ι
1026 4131 1059 4179 22
1077 4125 1127 4179 καλ
1144 4129 1221 4194 prius

98 4225 174 4286 ιγτι,
193 4211 212 4286 ἡ
232 4237 256 4270 w
272 4219 324 4282 122
343 4215 448 4284 κίστην
462 4218 502 4282 γΖ
518 4216 523 4281 Ι
537 4219 571 4268 22
589 4213 640 4266 καλ
659 4216 774 4268 alterum
787 4219 860 4280 τγτλ,
879 4205 898 4282 ἡ
916 4231 940 4264 w
955 4215 959 4278 Ι
975 4213 1008 4264 23
1026 4205 1128 4276 κάριον
1143 4209 1178 4277 «Ι-
1195 4227 1220 4260 w

99 4309 102 4368 Ι
124 4305 159 4355 23
176 4300 228 4356 καὶ
248 4303 365 4354 alterum
440 4301 474 4352 25
485 4303 693 4354 πεπιοτινκυῖα
709 4301 745 4364 >
760 4305 808 4366 γτλ
823 4299 828 4364 Ι
842 4300 877 4350 24
893 4296 944 4350 καλ
960 4314 992 4358 x,
1009 4287 1027 4362 ἡ
1046 4311 1070 4346 w
1085 4293 1090 4359 Ι
1105 4295 1138 4346 25
1159 4284 1221 4347 ὄνο-

95 4383 245 4456 *amira
257 4403 316 4451 ττι
