3128 4972
649 461 776 522 ...43
821 493 863 504 ..

148 649 333 714 afferebant
349 684 391 696 —
408 646 510 711 verba
527 645 615 710 enim
635 645 686 723 ..τῇ
704 641 803 724 πράτγ
821 643 914 726 ἡμέρᾳ
931 646 988 705 τῶν
1006 639 1122 721 όζόμων
1139 640 1357 722 προσελθόντες

151 783 177 848 οἱ
194 777 330 864 μαθηταὶ
349 781 429 845 εἶπον
445 782 486 859 τῷ
503 783 617 861 σωτῆρι,
635 782 691 843 ποῦ
706 778 802 850 θελεις
815 777 1003 860 ε’τοιμάσομόν
1017 802 1062 843 σοι
1074 786 1175 860 φαγεῖν
1188 775 1222 841 τὸ
1237 777 1338 860 πάσχα
1345 803 1356 848 ,·

150 920 166 984 ό
184 917 214 982 di
232 916 307 1000 πρὸς
320 915 370 981 τόν
384 923 461 981 δεῖνα
476 914 624 980 άπόστειλο
638 915 836 999 παραγγείλας
849 914 944 990 εἰπεῖν,
957 913 1030 998 πρὸς
1044 912 1075 978 σὲ
1093 915 1166 978 ποιά
1185 911 1220 978 τό
1237 911 1355 998 πάσχει*

152 1064 168 1106 e
184 1043 362 1105 Matthaeo
380 1043 444 1122 (26,
459 1041 497 1104 17
509 1041 573 1122 sq.)
590 1045 669 1102 sunt
684 1037 826 1124 repetita
841 1076 899 1117 -,
917 1037 964 1101 ita
980 1037 1081 1101 etiam
1098 1035 1284 1122 Apolinarii
1299 1036 1356 1099 ad·

150 1159 313 1225 versorios
334 1159 511 1222 Matthaeo
533 1157 622 1222 nisos
644 1181 716 1224 esse
739 1157 861 1222 seimus
883 1158 1075 1242 (,,όαγγοῦνται
1099 1159 1260 1222 Ματθαῖον
1281 1149 1357 1217 οότα

151 1279 237 1360 λέγειν
252 1277 293 1348 ὡς
307 1275 517 1362 mopsuest).
535 1317 577 1327 —
595 1277 723 1343 Deinde
740 1287 851 1342 autem
868 1299 908 1342 ex
924 1277 1060 1341 Eusebii
1078 1276 1188 1342 verbis
1208 1284 1355 1362 apparet,

151 1398 357 1465 adversarios
373 1399 450 1463 inde
466 1398 654 1481 collegisse,
671 1397 831 1481 sibiipsis
847 1419 977 1482 quoque
994 1397 1081 1461 diem
1098 1405 1252 1480 quartum
1268 1395 1356 1461 deoi-

151 1544 241 1583 mum
265 1541 338 1583 esse
362 1519 616 1582 observandum.
662 1518 735 1582 Hoc
761 1518 845 1582 enim
879 1518 930 1581 his
960 1509 1030 1601 ejus
1060 1517 1169 1581 verbis
1197 1516 1358 1600 probatur

150 1645 190 1722 (e.
203 1641 265 1722 8.):
283 1635 310 1700 εἰ
322 1636 356 1699 όό
367 1661 409 1707 τις
424 1632 496 1700 εἴποι
511 1661 536 1698 κ.
549 1660 573 1697 τ.
585 1640 619 1709 l,
634 1635 751 1716 ἐροῦμεν
766 1633 809 1699 ότι
821 1638 908 1699 τοῦτο
922 1634 1113 1716 παράγγελμα
1128 1632 1178 1696 οὐκ
1192 1631 1276 1705 ἔστιν,
1288 1629 1354 1693 ἀλλ’

151 1765 262 1848 ἱστορία
282 1763 455 1847 πράγματος
472 1761 682 1852 συμβεβηκότος
700 1762 777 1827 κατά
793 1761 844 1828 τὸν
863 1765 914 1827 τοῦ
937 1762 1078 1843 σωτηρίου
1099 1762 1221 1831 πάθους
1246 1759 1358 1841 καιρόν·

152 1894 248 1974 ἕτερον
263 1891 296 1955 de'
307 1892 382 1956 ἐστιν
394 1890 428 1956 τὸ
445 1891 575 1956 παλαιάν
591 1895 694 1974 πρᾶξιν
710 1896 878 1974 διηγεῖσθαι,
896 1886 944 1953 καὶ
962 1890 1057 1972 ἕτερον
1073 1887 1294 1970 τὸνομοθετεῖν
1311 1882 1359 1952 καὶ

149 2023 209 2083 τοῖς
218 2009 293 2092 μετά
305 2015 399 2075 ταῦτα
412 2012 609 2094 παραγγελίας
620 2011 852 2091 καταλιμπάνειν.
877 2012 970 2077 Quae
985 2013 1085 2078 verba
1099 2013 1231 2089 docent,
1244 2011 1357 2076 adver·

150 2135 254 2199 sorios
280 2133 413 2212 dixisse,
432 2133 508 2217 quio
524 2131 687 2198 Dominus
712 2134 764 2198 die
788 2141 905 2216 quarto
930 2131 1055 2216 deeimo
1077 2135 1201 2216 paseha
1220 2131 1356 2216 egisset,

151 2253 226 2318 ideo
256 2253 320 2318 sibi
349 2253 429 2339 ipsis
459 2275 589 2338 quoque
618 2255 705 2317 huno
736 2253 824 2317 diem
853 2275 924 2316 esse
955 2253 1200 2317 celebrandum.
1246 2248 1357 2315 Quare

152 2374 317 2439 Eusebius
331 2381 455 2452 monet,
469 2375 531 2437 hoe
548 2395 620 2437 esse
637 2373 870 2451 historiam,
882 2394 988 2456 neque
1003 2372 1249 2448 mandatum
1268 2369 1358 2435 aliud
1417 2401 1422 2410 ·

154 2495 240 2557 enim
257 2516 329 2558 esse
345 2493 466 2558 referre
483 2493 667 2572 historiam,
686 2493 776 2557 aliud
792 2493 887 2556 edere
907 2494 1074 2557 mundata.
1112 2497 1223 2575 Atque
1243 2491 1357 2555 eodem

154 2614 250 2678 modo
271 2612 373 2678 etiam
392 2613 568 2698 Hippolyti
587 2613 765 2677 adversarii
788 2613 1051 2678 contendebant:
1076 2608 1189 2688 ἐποίησε
1207 2607 1240 2671 τὸ
1258 2607 1358 2690 πάσχα

155 2747 171 2811 ό
195 2745 323 2830 Χριστός
345 2746 411 2810 τότε
435 2751 469 2827 τῇ
495 2747 587 2830 ἡμέρᾳ
613 2743 662 2811 καὶ
687 2747 813 2812 ἔπαθεν·
839 2746 891 2810 διὸ
918 2744 1009 2826 uolui
1036 2753 1091 2810 δεῖ
1115 2744 1153 2810 ὃν
1178 2743 1316 2827 τρόπον
1343 2743 1359 2807 ὁ

154 2867 276 2949 κύριος
298 2866 479 2947 ἐποίησεν,
502 2864 593 2930 οὕτω
616 2877 740 2931 ποιεῖν.
760 2908 801 2917 -
824 2867 974 2952 Denique
994 2869 1157 2934 Eusebius
1181 2867 1250 2951 ipse
1274 2869 1358 2930 hane

155 2989 416 3052 adversariorum
432 2989 705 3054 consuetudinem
722 2989 822 3052 simili
839 2989 935 3052 modo
953 3012 1016 3072 quo
1034 2988 1249 3072 Hippolytus,
1268 2989 1358 3070 Apo·

154 3107 306 3188 linarius,
338 3108 492 3172 Clemens
521 3109 706 3194 impugnat.
760 3109 894 3172 Etenim
923 3119 956 3171 et
986 3107 1020 3170 hi
1052 3115 1086 3172 et
1116 3107 1173 3170 ille
1206 3116 1353 3184 monent,

155 3228 355 3292 ludaeorum
378 3230 502 3312 pasoho
526 3227 659 3292 minime
683 3230 799 3293 eodem
822 3227 875 3293 die
899 3250 970 3292 esso
994 3235 1175 3311 peractum,
1202 3249 1265 3310 quo
1290 3227 1358 3290 Do·

155 3347 261 3411 minus
286 3370 380 3412 susm
402 3347 586 3412 instituerit
610 3369 763 3425 coenam,
795 3350 854 3412 sed
876 3356 1034 3432 sequente
1059 3347 1169 3433 pot-ius
1193 3347 1246 3413 die
1275 3347 1359 3410 illud

155 3467 280 3530 factum
305 3489 388 3546 esse,
413 3491 476 3552 quo
500 3467 661 3531 Dominus
687 3469 776 3532 eruoi
799 3467 843 3532 sit
866 3467 997 3533 affixus.
1044 3468 1153 3533 Quare
1177 3467 1355 3532 Dominum

156 3609 219 3650 non
249 3588 450 3651 Judseorum
482 3587 540 3652 sed
572 3610 668 3652 suum
700 3588 777 3652 novi
808 3588 1004 3652 testamenti
1035 3592 1158 3672 paseha
1190 3587 1355 3665 habuisse,

156 3729 261 3790 neque
292 3708 408 3771 eodem
437 3729 508 3771 cum
534 3708 669 3773 ludaeis
700 3707 768 3786 die,
800 3709 858 3772 sed
886 3717 962 3772 ante
993 3710 1078 3772 hune
1108 3708 1194 3773 diem
1203 3734 1212 3786 3
1244 3708 1291 3772 ita
1318 3717 1357 3770 ut

156 3826 416 3892 adversariorum
439 3829 644 3892 consuetudo
664 3829 881 3893 fundamento
901 3837 1011 3892 eareat
1027 3850 1091 3912 quo
1108 3828 1245 3892 nitatur.
1285 3826 1360 3893 Qua

157 3945 190 4009 in
211 3969 246 4011 re
270 3949 332 4010 hoo
357 3970 486 4030 quoque
512 3949 593 4011 bene
618 3955 669 4011 est
692 3947 1036 4027 animadvertendum,
1062 3947 1244 4012 Eusebium
1266 3969 1359 4010 suam

157 4065 389 4131 defendentem
413 4067 613 4132 sententiam
637 4068 754 4133 eodem
777 4068 827 4132 uti
849 4069 922 4132 loeo
946 4069 1111 4146 Joanneo,
1137 4089 1234 4151 quem
1259 4067 1359 4131 etiam

158 4185 311 4250 Clemens
335 4185 581 4251 Alexandrinus
604 4187 758 4268 adhibet,
783 4190 893 4253 locum
918 4187 990 4252 dioo
1015 4189 1103 4272 (Joh.
1127 4191 1177 4266 18,
1199 4191 1268 4270 28):
1294 4182 1360 4261 „uui

158 4316 239 4383 αὐτοὶ
257 4319 309 4385 oin
327 4320 464 4402 εἰσῆλθον
481 4321 521 4393 εἰς
538 4320 572 4387 τό
590 4323 772 4406 πραιτώριον,
791 4318 837 4387 ἵνα
855 4321 893 4404 μὴ
906 4328 1069 4404 μιανθῶσιν
1083 4320 1150 4387 ἀλλ’
1167 4319 1214 4386 ἵνα
1229 4321 1358 4406 φάγωσιν
