2998 4972
275 429 338 495 260
552 497 557 509 Ι
1256 441 1274 484 ς
1297 426 1395 476 12-11

275 591 376 675 γέτω,
400 591 619 676 παυσαμένου
645 594 707 657 τοῦ
733 591 920 669 ψάλλοντος
945 592 949 678 Ι
976 589 1233 675 Μεταλαβόντες
1253 593 1319 656 τοῦ
1347 602 1438 664 τι-13

274 698 355 778 μίαν
382 693 534 778 σώματος
559 693 701 760 καὶτοῦ
733 697 846 778 τιμίου
876 694 1015 777 α’ίματος
1043 693 1105 756 τοῦ
1131 696 1269 777 χριστοῦ
1295 690 1396 777 εὐχα-

275 795 485 880 ριστήσωμεν
513 799 560 884 τῷ
587 792 830 875 καταξιωσαντι
855 792 942 881 ήμάς
967 797 1170 879 μεταλαβεῖν
1194 799 1262 860 νῦν
1288 793 1397 878 ἁγίων

275 895 380 962 αὐτοῦ
400 900 611 982 μυστηρίων,
641 898 697 964 καί
725 898 1011 982 παρακαλέσωμεν
1031 895 1076 982 μή
1105 898 1152 973 είς
1173 901 1292 980 κρίμα,
1317 894 1393 960 ἀλλ’

240 1001 323 1076 σείς
343 1001 513 1084 σωτηρίαν
533 996 629 1085 ήμῦν
650 1001 826 1083 γενέσθαι,
856 1001 902 1076 είς
924 995 1093 1086 ἀφέλειαν
1113 1002 1221 1083 ψυχῆς
1243 999 1300 1064 καὶ
1328 997 1397 1064 σοι’-

274 1123 392 1185 ματος,
427 1103 474 1177 είς
497 1099 656 1186 φυλακήν
678 1099 865 1186 εὐσεβείας,
900 1102 947 1177 είς
970 1098 1095 1183 ἄφεσιν
1127 1096 1317 1184 ἀμαρτιῦν,
1351 1103 1398 1176 είς

275 1201 362 1286 ζωήν
389 1207 451 1267 τοῦ
477 1203 658 1344 μέλλοντος
683 1206 813 1280 αίῦνος.
860 1201 1087 1287 ἐγειρωμεθα·
1119 1201 1158 1267 ἐν
1184 1203 1295 1287 χάριτι
1322 1227 1396 1288 χρι-

276 1307 358 1370 στοῦ
376 1303 550 1381 ἑαυτοῦς*
571 1308 618 1392 τῷ
634 1306 727 1392 μόνω
748 1302 922 1390 ἀγεννήτω
948 1307 1022 1391 θεῷ
1043 1303 1168 1391 καὶτῷ
1188 1305 1314 1391 χριστῷ
1333 1301 1396 1368 αὐ-

274 1409 335 1470 τοῦ
357 1406 602 1491 παραθύμεθα.
648 1403 745 1472 καλ“
730 1430 748 1472 ο
776 1408 958 1482 ἐπίσκοπος
985 1403 1220 1490 εὐχαριστείτω
1243 1413 1262 1451 *
1292 1408 1298 1492 Ι
1328 1405 1396 1471 Δέ-
1406 1417 1440 1478 11

225 1523 258 1576 10
275 1526 382 1574 σποτα
403 1505 515 1602 δῦεδς
537 1502 859 1592 ὁπαντοκράτωρ,”
844 1531 863 1572 ο
882 1505 991 1593 πατήρ
1013 1511 1075 1573 τοῦ
1092 1511 1230 1594 χριστοῦ
1247 1524 1314 1573 σου
1336 1509 1396 1572 τοῦ

276 1595 460 1695 εὐλογητοῦ
488 1611 622 1692 παιδός,
654 1605 765 1674 ὁτῶν
797 1607 871 1694 μετ’
900 1605 1085 1694 εὐθύτητος
1118 1609 1396 1734 ἐπικαλουμένων

276 1729 315 1778 σε
333 1711 493 1798 ἐπήκοος,
516 1709 613 1778 ὁκαὶ
636 1715 705 1777 νῦν
727 1709 935 1777 σιωπώντων
957 1711 1178 1795 ἐπιστάμενος
1199 1709 1259 1788 τὰς
1277 1711 1395 1777 ἐντεῦ-

275 1815 357 1894 ξεις·
393 1812 655 1901 εὐχαριστοῦμέν
679 1830 733 1879 σοι
764 1810 814 1878 ὅτι
840 1815 1046 1898 κατηξίωσας
1073 1810 1160 1898 ήμᾶς
1191 1817 1395 1899 μεταλαβείν

274 1921 343 1981 τῦν
364 1914 470 2001 ἀγίων
489 1933 554 1982 σου
570 1919 780 2001 μυστηρίων,
808 1911 832 1979 ἀ
853 1915 1023 2002 παρέσχου
1042 1911 1125 2000 ήμῑν
1153 1918 1199 1992 είς
1219 1918 1395 2001 πληροφο-

224 2031 256 2083 15
275 2020 354 2101 ρίαν
377 2019 446 2082 των
469 2020 579 2094 καλοῖς
608 2018 847 2101 ἐγνωσμένων,
872 2019 918 2093 είς
937 2016 1097 2102 φυλακήν
1124 2021 1183 2101 τῆς
1211 2015 1393 2101 εὐσεβείας,

276 2120 323 2196 είς
346 2117 471 2204 ἄφεσιν
490 2119 796 2204 πλημμελημάτων·
826 2115 877 2184 ὐτι
901 2116 940 2184 τὸ
963 2117 1069 2202 ὄνομα
1086 2123 1149 2184 τοῦ
1170 2123 1310 2203 χριστοῦ
1331 2137 1394 2183 σου

276 2220 489 2305 ἐπικέκληται
510 2218 565 2306 ἐφ’
587 2216 689 2306 ήμάς,
713 2219 770 2286 καὶ
792 2220 845 2287 σοί
870 2219 1164 2309 προσῳκειῦμεθα.
1210 2218 1229 2286 ὁ
1249 2226 1395 2305 χωρίσας

272 2319 360 2408 ήμάς
387 2327 445 2407 τῆς
466 2327 535 2389 τῶν
564 2322 698 2407 ἀσεβῦν
719 2329 915 2406 κοινωνίας,
944 2321 1074 2388 ἕνωσον
1099 2320 1187 2409 ήμάς
1213 2322 1298 2408 μετὰ
1327 2327 1394 2388 τοῖν

274 2426 549 2510 καθωσιωμένων
575 2442 646 2506 σοι,
677 2424 839 2510 στήρισον
857 2422 944 2509 ήμάς
971 2426 1009 2490 ἐν
1029 2429 1071 2510 τῇ
1098 2423 1243 2512 ἀληθείᾳ
1271 2429 1314 2510 τῇ
1336 2424 1395 2490 τοῦ

225 2539 261 2590 20
278 2524 377 2611 ἁγίου
397 2526 587 2611 πνεύματος
609 2526 833 2612 ἐπιφοιτήσει,
858 2525 899 2592 τά
921 2525 1134 2610 ἀγνοούμενα
1155 2524 1392 2606 ἀποκάλυψον,

274 2627 314 2692 τά
348 2631 505 2694 λείποντα
533 2627 885 2713 προσαναπλήρωσον,
916 2627 957 2693 τά
986 2629 1181 2713 ἐγνωσμένα
1209 2627 1392 2715 κράτυνον.

275 2729 352 2806 τούς
385 2729 484 2813 ίερεῐς
516 2727 676 2813 ἀμώμους
710 2729 864 2815 φύλαξον
900 2730 938 2795 έν
966 2735 1007 2815 τῇ
1035 2735 1171 2818 λατρεία
1199 2748 1280 2797 σου·
1317 2730 1393 2808 τούς

273 2834 422 2915 βασιλεῖς
443 2828 648 2916 διατήρησιν
674 2832 712 2897 ἐν
740 2831 874 2917 εἰρήνη,
901 2829 979 2909 τοῦς
1003 2832 1167 2917 ἄρχοντας
1194 2833 1234 2898 έν
1263 2834 1392 2902 δικαιο-

274 2932 378 3019 σύνη,
406 2929 484 3010 τοῦς
505 2930 606 3016 ἀέρας
627 2933 665 2999 ἐν
688 2931 866 3020 εὐκρασία,
897 2932 975 3011 τοῦς
1000 2933 1149 3021 καρπούς
1178 2934 1217 3000 ἐν
1237 2933 1389 3022 εὐφορία,

222 3053 256 3104 25
274 3033 334 3100 τδν
361 3033 490 3119 κόσμον
526 3033 564 3100 ἐν
592 3047 761 3119 παναρκεῑ
782 3040 941 3123 προνοίᾳ·
975 3036 1016 3102 τά
1041 3041 1125 3121 ἔθνη
1156 3035 1199 3102 τά
1228 3035 1390 3122 πολεμικά

274 3137 442 3222 πράυνον,
464 3133 503 3201 τά
525 3138 763 3222 πεπλανημένα
784 3139 1003 3222 ἐπίστρεψον·
1029 3137 1089 3204 τὸν
1105 3137 1188 3204 λαόν
1210 3155 1276 3204 σου
1298 3137 1389 3223 ἀγίν-

274 3253 353 3303 σον·
376 3236 455 3314 τοῦς
478 3237 517 3304 ἐν
538 3245 708 3326 παρθενίᾳ
728 3239 951 3325 διαιήρησον,
980 3239 1058 3318 τούς
1085 3240 1124 3306 ἐν
1151 3240 1248 3329 γάμῳ
1268 3239 1390 3326 διαφό-

274 3341 377 3418 λαξον
400 3339 439 3405 έν
461 3344 587 3424 πίστει,
616 3339 695 3418 τοῦς
718 3341 757 3407 ἐν
785 3339 903 3428 ἁγνεία
929 3341 1189 3427 ένδυνάμωσον·
1219 3341 1261 3408 τά
1290 3343 1389 3429 νήπια

273 3438 435 3524 ἀδρανον,
459 3440 538 3519 τοῦς
559 3447 723 3520 νεοτελεϊς
742 3447 943 3528 βεβαίωσον,
965 3441 1044 3521 τοῦς
1059 3443 1098 3510 ἐν
1112 3445 1292 3530 κατηχήσει
1315 3449 1389 3510 παί-

222 3558 257 3611 30
274 3541 399 3607 δευσον
420 3541 476 3608 καὶ
497 3547 556 3628 τῆς
576 3545 730 3629 μυήσεως
746 3543 859 3624 ἀξίους
874 3545 1068 3625 ἀνάδειξον·
1093 3544 1149 3612 καὶ
1164 3545 1294 3624 πάντας
1308 3544 1391 3632 ἡμᾶς

275 3643 502 3729 ἐπισυνάγαγε
522 3648 568 3723 είς
588 3642 651 3731 τήν
671 3651 740 3712 των
756 3643 914 3730 οὐρανῦν
931 3651 1109 3732 βασιλείαν
1132 3648 1170 3714 έν
1189 3653 1315 3736 χριστῷ
1331 3647 1391 3732 Ἰη-

274 3748 338 3810 σοῦ
358 3749 405 3834 τῷ
424 3750 532 3834 κυρίῳ
551 3743 662 3832 ἡμῶν·
684 3746 764 3833 μεθ’
785 3738 828 3813 οὐ
846 3766 900 3814 σοι
922 3749 1019 3832 δόξα,
1041 3748 1118 3834 τιμή
1136 3748 1193 3815 καὶ
1214 3751 1315 3836 σέβας
1334 3748 1391 3816 καί

273 3848 320 3933 τῷ
338 3843 422 3934 ἁγίῳ
443 3848 609 3934 πνεύματι
630 3852 677 3927 είς
698 3847 777 3927 τούς
798 3853 938 3930 αίῦνας·
967 3849 1068 3938 ἀμήν.
1113 3850 1170 3918 καί
1193 3849 1213 3917 ὁ
1234 3853 1391 3928 διάκονος

341 4004 441 4054 2Ροιτ
458 4020 477 4054 α
499 4005 520 4068 1,
541 4005 573 4056 19

272 4139 289 4188 δ
308 4131 378 4204 ίμῖτ
395 4145 426 4204 yt
446 4140 450 4204 Ι
470 4139 485 4188 λ
505 4130 683 4206 έγειροίμεδα
701 4147 743 4204 xt,
763 4134 932 4210 ἀναστῶμεν
948 4159 966 4208 y
986 4143 990 4208 Ι
1009 4143 1026 4193 8
1044 4143 1081 4194 τῦ
1100 4143 1161 4196 θεῶ
1178 4143 1213 4211 Ἰ-
1231 4149 1260 4208 tl
1280 4144 1298 4194 11
1313 4137 1391 4208 λέγει

273 4219 307 4288 Ι·
323 4237 341 4286 y
360 4224 365 4288 Ι
387 4223 419 4274 10
435 4216 635 4290 παντοκράτωρ
654 4231 666 4274 t
685 4225 689 4288 Ι
713 4227 740 4276 11
761 4219 952 4295 έυλογημέτσυ
969 4245 987 4292 γ
1011 4229 1015 4292 Ι
1042 4229 1070 4279 11
1093 4221 1320 4296 έπίκαλοῦμενῦτ
1333 4245 1349 4277 x
1384 4228 1390 4294 Ι

275 4303 306 4353 17
324 4305 574 4376 προσαιτειοίμιθα
592 4325 627 4375 xy
648 4309 652 4376 Ι
673 4309 705 4360 19
723 4308 949 4380 καδοσιωμίνων
965 4331 982 4364 x
1001 4310 1007 4381 Ι
1028 4313 1060 4364 19
1077 4307 1212 4381 στήριξοτ
1229 4321 1240 4363 t
1260 4316 1265 4381 Ι
1283 4314 1312 4363 21
1330 4313 1392 4363 λει-

273 4381 385 4453 πόμενα
404 4407 419 4440 x
435 4393 488 4451 122
507 4388 689 4459 διαφύλαξον
705 4402 737 4461 yt
752 4399 756 4460 Ι
771 4398 803 4446 24
821 4389 930 4461 α’έαρας
948 4417 963 4448 x
979 4400 983 4463 Ι
998 4399 1032 4448 25
1050 4399 1222 4450 παταλκείῑ
