3052 4974
289 391 329 455 ιο
1338 383 1411 453 μιν

289 552 438 632 κτιρμοίν
463 565 528 614 σου
557 546 682 632 οἳρισας
705 547 888 631 μετάνοιαν
918 545 1128 633 ἁμαρτωλοῖς
1156 552 1203 629 εἰς
1224 553 1410 633 σωτηρίαν.

289 648 332 717 σύ
359 638 439 732 οὖν,
467 650 564 733 κύριε
590 646 609 717 δ
636 648 716 726 θεὸς
743 652 812 714 τόν
839 650 997 730 δικαίων,
1025 647 1088 716 ούκ
1116 641 1201 719 ἔθου
1224 651 1410 734 μετάνοιαν

288 753 447 835 δικαίοις,
472 755 519 840 τῷ
535 748 683 835 Ἀβραάμ
704 748 761 815 καί
775 748 886 819 Ἰσαάκ
908 749 964 819 καί
981 749 1108 836 Ἰακώβ,
1131 761 1199 830 τοίς
1217 749 1278 836 ούχ
1298 748 1411 836 ἡμαρ-

288 854 406 939 τηκόσι
433 870 504 938 σοι,
532 851 608 918 ἀλλ’
631 855 716 918 ἕδου
743 853 925 936 μετάνοιαν
954 849 1005 920 ἐπ’
1032 852 1106 936 ἐμοΙ
1134 856 1181 940 τῷ
1208 849 1409 940 ἁμαρτωλῷ,

255 956 375 1022 ὅδιότι
400 953 551 1040 ἥμαρτον
573 950 658 1037 ὑπὲρ
682 951 830 1040 άρυδμδν
857 954 996 1038 ψάμμου
1021 954 1206 1038 θαλάσσης.
1252 954 1409 1038 ἐπλήθυ-

289 1079 354 1122 ναν
376 1058 415 1121 αἰ
436 1053 573 1141 ἀνομίαι
591 1079 676 1139 μου,
705 1060 722 1098 *
746 1055 803 1121 καί
832 1051 944 1121 ούκέτι
972 1053 1039 1139 εἰμὶ
1060 1055 1150 1136 ἄξιος
1172 1053 1324 1124 ἀτενίσαι
1350 1055 1409 1122 καί

290 1159 377 1226 ἰδεῖν
395 1156 433 1224 ιδ
454 1156 540 1236 ύιΙιος
560 1161 621 1224 τοῦ
642 1155 792 1242 ούρανοῦ
812 1155 878 1222 άπδ
900 1156 1055 1242 πλήθους
1075 1161 1144 1224 τόν
1165 1157 1308 1224 ἀδικιῶν
1326 1181 1408 1242 μου,

289 1259 605 1345 κατακαμπτόμευος
632 1263 746 1348 πολλῷ
771 1259 884 1346 δεσμῷ
909 1258 1068 1344 σιδήρου,
1099 1260 1185 1326 διότι
1207 1261 1409 1347 παράργισα

288 1361 349 1429 τδν
370 1363 485 1448 θυμόν
506 1379 569 1432 σου
592 1360 649 1428 καί
669 1359 707 1427 τὸ
728 1358 880 1445 πουηρδν
902 1361 1049 1442 εὐιόπιόν
1071 1379 1135 1430 σου
1159 1363 1300 1448 ἐποίησα
1325 1361 1409 1450 στή-

241 1469 273 1522 10
289 1482 350 1541 σας
374 1464 588 1548 βδελύγματα
620 1461 677 1530 καὶ
706 1461 883 1547 κληδόνας
911 1467 1196 1548 προσογδίσματα.
1249 1464 1305 1532 καί
1341 1468 1410 1530 νῦν

289 1569 394 1634 κλίνω
416 1565 501 1650 γόνυ
523 1567 663 1650 καρδίας
684 1571 713 1648 *,
728 1567 742 1651 ΙΙ
757 1563 916 1648 δεόμενος
939 1566 997 1650 τῆς
1025 1563 1116 1650 παρά
1140 1570 1203 1632 σοῦ
1224 1564 1453 1654 γρηστότη]2

287 1691 354 1745 τος.
400 1664 587 1753 ἡμάρτηκα,
609 1667 717 1752 κύριε,
735 1663 921 1754 ἡμάρτηκα,
943 1664 1000 1748 κμί
1019 1665 1077 1746 τάς
1096 1667 1238 1754 άνομίας
1253 1691 1321 1752 μου
1340 1667 1409 1752 ἐγό

287 1769 459 1854 γιυοόσκω·
483 1768 557 1835 ἀλλ’
575 1772 731 1854 αἰτοῦμαι
748 1767 907 1852 δεόμενός
922 1785 985 1835 σου
996 1765 1095 1848 ”Aves
1107 1793 1174 1854 μοι,
1198 1770 1304 1855 κύριε,
1328 1768 1410 1846 άυες
1521 1833 1522 1860 ,

288 1894 362 1955 μοι,
393 1869 450 1938 καὶ
470 1869 515 1954 μή
544 1871 776 1957 συναπολέσης
802 1893 844 1954 με
869 1881 941 1948 ταῖς
965 1869 1119 1958 άυομίαις
1139 1895 1223 1956 μου,
1252 1871 1338 1956 μηδὲ
1360 1873 1410 1947 εἰς
1521 1875 1522 1884 ’

240 1979 271 2033 15
287 1971 348 2038 τόν
367 1973 476 2040 αἰάυα
493 1975 637 2057 μηνίσας
658 1972 804 2059 τηρήσῃς
823 1971 864 2038 τά
885 1973 973 2040 κακά
985 1996 1054 2057 μοι,
1076 1975 1160 2060 μηδὲ
1182 1974 1410 2059 καταδικάσῃς

288 2099 330 2160 με
353 2077 391 2140 ἐν
412 2085 482 2151 τοίς
503 2075 706 2151 κατωτάτοις
726 2078 784 2159 τῆς
802 2078 874 2160 γῆς.
919 2073 969 2140 ὅτι
990 2072 1033 2140 σύ
1053 2071 1084 2140 εἰ
1090 2123 1100 2160 ,
1121 2075 1213 2158 θεός,
1237 2073 1317 2152 θεὸς
1337 2078 1410 2139 τοῖν

288 2176 560 2261 μετανοούντων,
584 2175 640 2242 καί
663 2177 702 2244 ἐν
725 2174 799 2260 ἐμοὶ
820 2177 939 2256 δείξεις
959 2180 1072 2242 πάσαν
1092 2174 1155 2260 τήν
1176 2173 1410 2260 άγαθωσύνηυ

288 2296 370 2363 σου,
399 2277 449 2346 δτι
469 2277 608 2358 ἀνάξιον
628 2277 708 2346 ὄντα
734 2277 852 2355 τάσεις
872 2301 913 2362 με
939 2276 1023 2344 κατά
1041 2277 1079 2342 τὸ
1100 2275 1187 2344 πολύ
1209 2277 1300 2354 ἔλεός
1325 2295 1408 2344 σου·

288 2381 346 2466 καί
371 2383 493 2451 αἰνέσω
519 2398 557 2448 σε
583 2380 640 2448 διά
669 2378 793 2457 παντὸς
820 2380 838 2418 *
869 2379 977 2454 πάσας
999 2377 1059 2456 τάς
1085 2375 1209 2466 ἡμέρας
1236 2383 1295 2464 τῆς
1322 2383 1410 2464 ζωῆς

238 2486 272 2538 ²0
288 2507 372 2568 μου,
403 2482 453 2550 ὅτι
475 2484 513 2553 σὲ
535 2479 637 2566 ὑμνεῖ
655 2485 746 2548 πάσα
774 2478 960 2565 ἡδύυαμις
987 2484 1056 2546 τόν
1081 2479 1238 2564 ούραυύυ
1264 2478 1321 2548 καί
1343 2484 1410 2546 σού
1521 2519 1522 2538 ι

290 2583 383 2650 ἐστιν
402 2581 423 2668 ἡ
440 2584 521 2663 δόξα
537 2586 584 2664 εἰς
601 2582 679 2660 τούς
696 2585 834 2660 αἰοῐυας·
858 2579 957 2666 άμὴυ.
992 2581 1049 2649 καὶ
1070 2582 1237 2668 ἐπήκουσε
1256 2587 1315 2670 τῆς
1332 2607 1408 2668 φω-
1521 2599 1522 2608 ’

289 2689 351 2770 τῆς
371 2682 476 2752 αύτοῦ
498 2683 615 2769 κύριος
640 2685 697 2750 καί
718 2681 923 2772 ᾦκτείρησεν
942 2681 1062 2750 αὐτόν·
1094 2683 1151 2750 καί
1173 2685 1305 2768 ἐγένετο
1328 2681 1409 2770 περί
1521 2667 1522 2752 f

288 2784 394 2854 αύτδν
414 2785 498 2872 φλὸξ
520 2784 643 2871 πυρός,
665 2785 722 2852 καὶ
742 2787 911 2871 ἐτάκησαυ
934 2785 1043 2852 πάντα
1064 2785 1105 2852 τά
1126 2786 1204 2872 περὶ
1228 2783 1332 2852 αύτδν
1352 2789 1409 2854 σί·

288 2891 390 2976 δηρα·
427 2886 484 2956 καί
514 2888 631 2955 ἰάσατο
658 2886 774 2972 κύριος
801 2884 861 2952 τὸν
888 2891 1081 2974 Μανασσῆν
1109 2889 1148 2954 ἐκ
1172 2891 1230 2972 τῆς
1255 2891 1409 2968 θλίψεως

237 2997 271 3052 25
288 2990 394 3060 αύτού
415 2990 473 3062 καὶ
492 2990 696 3074 ἐπέστρεψεν
717 2985 822 3056 αύτδυ
848 2991 895 3067 εἰς
911 2986 1127 3076 Ἱερουσαλὴμ
1149 2987 1205 3056 ἐπὶ
1223 2987 1286 3074 τῆν
1306 2993 1408 3074 βασὶ-

288 3099 384 3164 λείαν
405 3091 519 3162 αὐτοῦ.
557 3091 614 3162 καί
636 3095 722 3178 ἔγνω
742 3095 929 3177 Μανασσῆς
950 3091 1000 3158 ότι
1026 3091 1143 3178 κύριος
1171 3089 1271 3168 αύτός
1296 3091 1368 3158 ἐστι
1389 3097 1407 3133 *

286 3197 367 3276 θεὸς
391 3197 511 3283 μόνος,
541 3194 598 3264 καὶ
621 3195 802 3279 ἐλάτρευσε
823 3193 916 3281 μόνῳ
939 3201 956 3237 *
978 3197 1086 3282 κυρίῳ
1108 3197 1155 3281 τῷ
1179 3198 1251 3282 θεῷ
1277 3192 1316 3259 ἐν
1343 3193 1407 3282 ὅλῃ

289 3301 411 3386 καρδίᾳ
429 3296 534 3368 αύτού
552 3298 608 3364 καὶ
633 3299 672 3364 ἐν
692 3297 752 3382 ὅλη
773 3299 815 3382 τῆ
838 3300 929 3382 ψυχῆ
947 3293 1052 3362 αύτού
1073 3295 1182 3372 πάσας
1204 3293 1261 3372 τάς
1281 3292 1408 3382 ἡμέρας

287 3405 345 3485 τῆς
370 3404 452 3483 ζωῆς
477 3397 597 3483 αὐτού,
629 3398 686 3465 καὶ
715 3400 875 3482 ἐλογίσδη
903 3399 1045 3474 δίκαιος·
1077 3396 1134 3462 καὶ
1155 3401 1301 3481 περιεῖλε
1328 3393 1408 3473 τούς

237 3501 271 3554 30
287 3497 391 3576 θεούς
411 3497 489 3577 τούς
508 3500 706 3586 ἀλλοτρίους
728 3497 784 3565 καί
798 3497 836 3565 τδ
854 3496 1005 3582 γλυπτδυ
1028 3498 1062 3578 ἐξ
1085 3505 1182 3566 οἴκου
1203 3501 1327 3582 κυρίου
1348 3496 1407 3564 καὶ

286 3675 342 3728 3.4
359 3666 555 3742 ἡμαρτηκόσιν
572 3693 589 3726 x
604 3672 608 3740 Ι
623 3673 641 3725 δ
663 3665 743 3739 κύριε
766 3664 938 3740 ἐπλήθυναν
956 3663 989 3722 αἰ
1005 3660 1125 3736 άνομίαι
1143 3687 1199 3738 μου
1216 3669 1250 3737 -Ι-
1268 3675 1291 3736 t,
1318 3672 1405 3724 sulum

287 3754 368 3826 κύριε
385 3758 419 3826 -Ι-
435 3777 460 3821 τ,
479 3761 596 3812 sirecte
615 3776 645 3812 τε
662 3759 768 3812 habent
785 3773 856 3823 quae
876 3757 1007 3808 adnotavi
1027 3754 1032 3824 Ι
1052 3755 1068 3806 8
1091 3747 1346 3823 κατακοπτόμενος
1364 3773 1378 3807 z
1401 3757 1403 3773 “

287 3840 481 3914 Θιταρόργισα
499 3862 515 3895 x
531 3845 535 3909 Ι
552 3845 580 3896 11
601 3860 657 3910 μου
674 3842 708 3910 -Ι-
724 3842 823 3908 γίΙῐδ
841 3833 906 3894 ἀλλ’
923 3842 957 3906 >
973 3857 1007 3906 γε
1023 3839 1027 3908 Ι
1045 3839 1076 3892 14
1093 3838 1143 3892 καί
1159 3841 1193 3906 >
1211 3858 1244 3908 γε
1260 3839 1264 3906 Ι
1282 3840 1314 3892 16
1332 3833 1406 3904 εἰ)

286 3929 401 3996 γτεΙΠ
419 3922 451 3982 ἐν
469 3947 493 3993 x,
514 3921 561 3982 ἐπ’
578 3925 644 3995 γτιΙ
663 3929 691 3978 17
711 3926 810 3991 δεῖξας
827 3945 841 3978 τ
857 3926 862 3994 Ι
879 3928 909 3978 17
927 3926 1025 3978 πάσαν
1042 3927 1076 3990 >
1093 3922 1143 3992 γιΙ
1164 3925 1194 3976 17
1213 3915 1406 3991 άγαθοσύυητ

286 4032 319 4068 xz
335 4019 340 4075 Ι
359 4014 389 4066 72
407 4005 492 4070 ἐείσω
510 4030 524 4064 ι
544 4013 548 4077 Ι
569 4013 601 4064 19
619 4005 651 4065 ἐν
667 4011 701 4079 -Ι-
718 4019 764 4077 γιι
784 4011 788 4079 Ι
811 4012 841 4063 19
859 4004 966 4071 πάσαις
984 4013 1047 4070 ταῖς
1063 4002 1184 4078 ἡμέραις
1201 4017 1248 4076 γει
1263 4009 1267 4079 Ι
1282 4010 1316 4062 29
1334 4001 1352 4077 ἡ
1370 4011 1406 4074 >

286 4117 320 4166 γε
340 4099 345 4168 Ι
365 4100 396 4151 21,
422 4090 580 4164 ἐπήκουσεν
599 4115 617 4149 x
643 4095 647 4162 Ι
674 4100 706 4148 22
731 4090 828 4163 κύριος
852 4104 916 4149 ante
940 4095 991 4164 τῆς
1008 4096 1038 4146 21
1057 4112 1091 4160 γε
1119 4094 1123 4162 Ι
1149 4096 1182 4147 22
1205 4085 1353 4160 άικτειρευ
1371 4111 1404 4152 w,

286 4181 465 4252 οἰκτείρησεν
481 4201 499 4236 x
524 4183 529 4246 Ι
555 4185 589 4234 24
606 4175 708 4234 ἰάσατο
727 4184 836 4248 nyzt‚
856 4175 993 4247 ἐρρύσατο
1012 4197 1034 4230 w
1061 4179 1066 4248 Ι
1093 4181 1125 4232 25
1145 4171 1326 4247 άιιέστρεψεκ
1342 4197 1377 4244 γε
1398 4176 1402 4245 Ι

286 4269 320 4322 26
338 4263 414 4323 ἐστιν
426 4271 477 4320 Wx
492 4270 497 4333 Ι
512 4269 545 4319 26
563 4260 578 4319 δ
595 4266 629 4334 -Ι-
647 4285 663 4320 x
679 4267 683 4334 Ι
698 4269 730 4318 27
750 4260 918 4332 ἐλάτρευσεν
934 4272 964 4316 xt
982 4267 987 4331 Ι
1006 4267 1039 4316 27
1057 4265 1106 4318 τιόι
1123 4267 1158 4330 -Ι-
1175 4283 1198 4316 w
1214 4268 1219 4332 Ι
1234 4265 1266 4316 27
1285 4263 1324 4332 τρῖ
1342 4263 1406 4330 θεῷ

285 4353 319 4417 >
337 4369 361 4403 w
392 4355 445 4418 128
462 4354 497 4421 τη·
513 4356 547 4418 >
564 4371 581 4404 x
596 4355 600 4418 Ι
615 4353 649 4404 29
666 4354 810 4418 περιεῖλεν
826 4369 844 4402 x
860 4349 863 4416 Ι
879 4351 912 4402 30
930 4350 999 4402 οἰκιο
1017 4353 1037 4402 Ζ
