2998 4972
106 417 125 467 η
143 399 245 454 33’-35
1161 409 1220 472 271

104 564 162 634 ῦιά
184 565 224 633 τὸ
241 564 304 651 τιΙν
322 563 415 651 ἀραν
438 562 710 651 εὐαγγελίζεσθαι
731 565 793 654 την
810 573 1002 653 παρουσίαν
1022 574 1081 656 τῆς
1100 567 1224 654 ἡμέρας

105 671 152 747 είς
172 670 336 754 ἐργασίαν
357 671 426 734 τάν
446 671 508 736 τοῦ
528 667 639 754 φωτὸς
659 672 778 754 ἔργων.
822 674 854 738 εί
873 668 917 756 μή
934 669 1082 738 δυνατὸν
1105 670 1144 737 έν
1166 672 1224 746 έκ-,

104 772 228 857 κλησίηι
249 768 306 836 oui
325 766 403 846 τοῦς
424 768 586 848 ἀπίστους
608 772 772 857 προῖέναι,
796 771 870 838 κατ’
893 768 988 840 οίκον
1007 771 1173 855 συνάξεις,
1196 761 1223 838 ἀ

104 874 280 954 ἐπίσκοπε,
303 873 361 938 ἰ’να
382 869 426 956 μη
450 873 636 957 είσέρχηται
655 870 795 958 εὐσεβὴς
810 877 856 952 είς
875 873 1058 959 ἐκκλησίαν
1078 871 1221 957 ἀσεβεῖν.

103 972 165 1058 οὐχ
193 969 335 1050 ὁπόσος
352 971 417 1059 γάρ
445 972 505 1039 τὸν
526 972 713 1058 ἄνθρωπον
732 972 874 1059 ἁγιάζει,
903 975 978 1042 ἀλλ’
1003 972 1021 1041 ὁ
1042 974 1257 1061 ἀνθρωποςσ

102 1075 164 1142 τὸν
185 1074 307 1142 τόκον·
334 1074 396 1142 έάν
420 1076 458 1142 δέ
487 1073 621 1159 ἀσεβεῖς
649 1077 809 1162 κατέχωσι
831 1075 891 1143 τὸν
913 1075 1034 1160 τόιιον,
1062 1076 1224 1161 φευκτέος

102 1196 159 1245 σοι
180 1180 266 1244 ἔστω
294 1175 351 1242 ὃιά
372 1174 411 1242 τὸ
432 1180 650 1262 βεβηλοῦσθαι
676 1173 735 1246 ὑπ’
759 1175 881 1246 αῦτῦυ.
926 1175 971 1257 ἀς
992 1177 1057 1264 γάρ
1084 1180 1120 1244 οί
1138 1175 1224 1245 ῦσιοι

104 1280 206 1363 έερεῖς
227 1275 433 1363 ἀγιάζουσιν,
457 1277 562 1356 οὕτως
583 1281 620 1344 οί
631 1279 762 1365 ἐναγεῖς
783 1285 988 1365 μιαίνουσιν.
1034 1283 1065 1346 εί
1080 1280 1163 1366 μήτε
1185 1279 1224 1346 έν

102 1387 187 1470 οῖκῳ
200 1380 268 1466 ἅμα
282 1379 365 1466 μήτε
380 1381 419 1447 έν
432 1380 593 1469 ἐκκλησία
605 1388 901 1468 συναθροισθῆναι
913 1383 1073 1465 δυνατόν,
1085 1381 1225 1458 ἕκαστος

102 1481 188 1566 παρ’
210 1481 320 1570 ἑαυτῷ
338 1482 509 1563 ψαλλέτω,
532 1480 807 1570 ἀναγινωσκέτω,
837 1487 1095 1572 προσευχέσθω,
1121 1479 1145 1568 ἢ
1167 1481 1223 1550 καί
1243 1499 1275 1555 10

101 1585 171 1670 ἀμα
191 1579 298 1668 ῦῦοῆ
324 1596 428 1668 τρεῖς·
459 1583 544 1650 ὅπου
565 1584 631 1673 γάρ
654 1581 698 1652 ἀν
719 1577 798 1671 ὦσι,
828 1586 934 1674 φησίν
956 1583 975 1653 ὁ
998 1585 1131 1670 κύριος,
1160 1583 1223 1648 ῦῦο

101 1683 124 1771 ἢ
148 1698 241 1772 τρεῖς
262 1688 467 1771 συνηγμένοι
491 1687 529 1754 έν
551 1692 598 1774 τῷ
620 1685 764 1772 ὀνόματί
779 1713 862 1774 μου,
893 1689 966 1756 ἐκεῖ
986 1691 1052 1773 είμι
1073 1688 1112 1752 έν
1133 1688 1223 1774 μέσμ

102 1786 227 1856 αὐτῶν.
261 1785 377 1865 πιστὸς
398 1787 481 1873 μετὰ
499 1790 751 1875 κατηχονμένου
766 1791 849 1877 μήτε
867 1789 941 1856 κατ’
966 1786 1061 1858 οἶκον
1076 1804 1223 1876 προσευ-

100 1893 232 1975 χέσθω·
257 1887 299 1954 οῦ
319 1887 384 1975 γάρ
404 1890 538 1956 δίκαιον
559 1889 620 1958 τὸν
640 1894 856 1978 μεμνημένον
882 1891 964 1978 μετοὶ
987 1895 1047 1958 τοῦ
1069 1888 1223 1975 ἀμυήτου

101 1991 394 2077 συμμολῦνεσθαι.
440 1988 581 2078 εὐσεβής
605 1993 689 2079 μετά
717 1995 888 2079 αἱρετικοῦ
912 1994 994 2080 μήτε
1022 1991 1096 2061 κατ’
1125 1988 1221 2058 οίκου
1239 2009 1272 2062 15

101 2095 432 2179 συμπροσευχέσθω·
455 2098 505 2172 τίς
524 2092 590 2181 γάρ
611 2100 774 2165 κοινωνία
796 2095 883 2183 φωτὶ
904 2095 987 2183 πρὸς
1002 2095 1136 2174 σκότοςς
1166 2117 1222 2160 ιιι-

101 2191 222 2280 στόςῆ
245 2194 344 2279 αιστή
366 2193 500 2273 δούλοις
524 2201 760 2283 συναφθέντες
777 2194 800 2283 ἦ
817 2197 1085 2284 ἀφιστάσθωσαν
1099 2191 1122 2281 ιΙ
1136 2193 1222 2262 ἀπο-

52 2306 91 2368 34
101 2299 360 2382 βαλλέσθωσαν.
382 2299 386 2384 Ι
406 2296 497 2382 κάγώ
511 2296 675 2385 Ἰάκωβος,
693 2298 840 2385 ἀδελφὸς
853 2301 917 2384 μέν
932 2304 993 2367 τοῦ
1009 2301 1146 2384 χριστοῦ
1161 2320 1223 2363 κα-

100 2399 143 2467 τά
162 2399 285 2485 σάρκα,
303 2400 426 2477 δοῦλος
446 2399 483 2466 δὲ
502 2395 547 2478 ἀς
561 2406 648 2467 θεοῦ
661 2405 879 2487 μονογενοῦς,
900 2403 1081 2479 ἐπίσκοπος
1102 2399 1140 2466 ἀλ
1161 2397 1219 2466 ὑπ’

100 2500 292 2570 αὐτοῦτοῦ
317 2506 439 2586 κυρίου
466 2501 523 2569 καί
542 2508 611 2569 τοῖν
627 2499 1084 2589 ἀποστόλωνῖίεροσολῦμων
1110 2525 1222 2590 χειρο
1239 2517 1273 2570 νο

99 2607 277 2690 τονηθείς,
298 2602 379 2670 τάδε
401 2603 488 2689 φημὶ
505 2601 664 2690 Ἑσπέρας
681 2606 881 2691 γενομένης,
903 2610 1142 2693 συναθροίσας
1160 2601 1223 2688 τιΙν

101 2705 306 2792 ἐκκλησίαν,
336 2695 363 2770 ἀ
391 2706 567 2774 έπίσκοπε·
597 2705 654 2774 καί
676 2707 758 2792 μετά
785 2705 822 2773 τὸ
845 2707 994 2792 ῥηθῆναι
1023 2706 1082 2774 τὸν
1105 2705 1222 2772 έιιιλῦ-

99 2831 201 2895 χνιον
221 2805 356 2892 ψαλμὸν
377 2809 618 2894 προσηιωνήσει
640 2805 657 2874 ὁ
679 2809 837 2887 διάκονος
861 2807 947 2897 ὑπὲρ
968 2814 1036 2876 τοῖν
1058 2831 1223 2894 κατηχοῦ-

99 2913 217 2996 μένων
242 2907 300 2978 καὶ
320 2910 565 2995 χειμαζομένων
587 2910 644 2976 καί
666 2914 735 2976 τάν
754 2913 990 2997 φωτιζομέυων
1014 2909 1071 2978 καί
1094 2913 1163 2976 τάν
1184 2910 1223 2976 έν

100 3015 281 3098 μετανοίᾳ,
308 3007 354 3088 ἀς
375 3015 590 3097 προείπομεν.
635 3011 717 3097 μετά
738 3013 775 3080 δέ
800 3011 839 3080 τῦ
861 3012 1078 3096 ἀπολυθῆναι
1100 3008 1223 3090 αῦτοῦς
1239 3027 1273 3080 25

101 3112 302 3190 ὁῦιάκονος
331 3113 401 3200 έρεῖ
417 3110 512 3181 Ὅσοι
540 3120 669 3198 πιστοί,
701 3115 880 3200 θεηθιῦμεν
905 3117 967 3179 τοῦ
994 3117 1131 3199 κυρίου·
1166 3112 1222 3178 καί

50 3221 90 3283 35
100 3215 186 3304 μετὰ
202 3213 239 3282 τὰ
255 3218 500 3300 προσφωνῆσαι
515 3213 619 3282 αὐτὸν
633 3215 673 3281 τά
688 3220 747 3300 τῆς
765 3215 898 3301 πρώτης
918 3211 1016 3300 εὐχῆς
1031 3216 1104 3299 έρεί
1120 3217 1124 3302 Ι
1145 3217 1223 3282 Σῦ-

101 3337 168 3384 σον
190 3316 247 3384 καί
260 3316 452 3402 ἀνάστησον
467 3314 563 3402 ἡμεῖς,
578 3316 701 3401 ὁθεός,
724 3316 780 3384 διὰ
797 3321 859 3384 τοῦ
873 3321 1011 3405 χριστοῦ
1027 3335 1100 3382 σου.
1137 3315 1222 3384 ἀνα-

102 3421 245 3496 στάντες
264 3418 480 3504 αἰτησαίμεθα
507 3419 548 3485 τά
577 3419 651 3505 έλέη
677 3423 739 3486 τοῦ
768 3424 890 3505 κυρίου
916 3417 973 3486 καί
994 3416 1073 3497 τοῦς
1095 3421 1221 3504 οίκτιρ-

101 3519 188 3606 μοῦς
209 3518 327 3603 αῦτοῦ,
349 3519 409 3586 τὸν
431 3519 575 3606 ἄγγελον
594 3520 654 3588 τὸν
672 3521 728 3589 ἐπὶ
750 3519 807 3608 τῆς
830 3521 977 3610 εἰρήνης,
999 3520 1040 3588 τὰ
1062 3519 1148 3588 καλά
1165 3520 1222 3587 καί
1239 3537 1273 3592 30

102 3623 143 3690 τῦ
162 3625 397 3709 συμφέροντα,
428 3629 603 3709 χριστιαυά
630 3622 671 3690 τά
699 3625 794 3710 τέλη,
827 3621 888 3709 τιΙν
915 3624 1061 3710 ἑσπέραν
1082 3623 1138 3690 καί
1161 3622 1223 3708 την

175 3795 204 3848 ιι
224 3797 313 3848 matth
333 3796 373 3856 18,
391 3793 493 3864 ²011ss
511 3797 564 3849 cor
582 3796 599 3863 μ
616 3797 640 3862 ο,
662 3797 693 3848 ιι

103 3946 165 4002 λεί
230 3965 247 4016 p
265 3949 328 4012 276,
348 3939 509 4017 3ἀμὴν>
528 3968 551 4000 w
575 3958 639 4003 καῖε
663 3952 745 4002 finem
768 3950 914 4004 solii137·
944 3951 949 4014 Ι
980 3945 1152 4017 3κροῖέται
1171 3943 1220 4001 ῦιά

103 4029 171 4096 τοῦς
188 4025 328 4094 ἀπίστους
349 4039 380 4098 yt
405 4031 411 4102 Ι
436 4037 454 4086 4
476 4029 633 4104 εἰσέρχεται
650 4053 668 4087 x
694 4037 698 4102 Ι
730 4036 747 4088 6
770 4029 926 4102 φενκταίάς
943 4041 973 4087 ιῖ
991 4036 1017 4100 Ιο
1036 4033 1063 4102 t]
1093 4033 1099 4101 Ι
1126 4021 1222 4099 θάμα

101 4120 167 4184 >t
195 4121 201 4184 Ι
232 4119 263 4170 10
280 4109 558 4185 ἀναγινωσκέσθωγ
586 4120 591 4186 1
623 4120 651 4173 ll
676 4110 795 4186 ἀν>ῖ
823 4121 827 4181 Ι
858 4122 888 4172 ll
908 4108 977 4172 ἀσίκ
995 4137 1026 4180 x,
1048 4113 1132 4171 είσιῖ
1156 4118 1162 4180 Ι
1190 4117 1220 4167 ΙΙ

104 4201 195 4272 φηολτ
212 4196 228 4256 ὁ
246 4197 344 4268 κῦριος
360 4204 424 4268 >t
448 4205 452 4268 Ι
481 4205 511 4256 16
529 4201 731 4272 προσευχέσθω
748 4223 765 4257 1
791 4203 796 4273 Ι
821 4207 852 4258 17
871 4203 970 4258 δοῦλοι
988 4207 1023 4268 tl
1047 4201 1130 4254 18.19
1148 4194 1221 4254 κατά

103 4283 197 4355 σοι’ρκα
216 4289 267 4340 τοῦ
279 4288 394 4355 χριστοῦ
411 4295 443 4355 γε
463 4290 467 4352 Ι
487 4289 521 4342 20
538 4287 588 4342 καί
605 4289 661 4342 τάν
674 4284 885 4355 ἀποσιόλαν>
901 4309 919 4356 y
938 4295 943 4351 Ι
962 4289 1004 4340 ²0.
1017 4287 1048 4338 21
1069 4302 1221 4355 χειροτονι-

103 4371 170 4434 θείς
189 4391 204 4424 x
225 4375 229 4435 Ι
248 4373 282 4425 ‘28
299 4370 315 4425 ὁ
334 4370 403 4435 θεός
420 4375 490 4440 >y
