3128 4972
675 452 891 517 „74-

175 644 285 710 posse.
330 624 475 688 loannes
513 623 601 688 euim
638 622 752 688 eadem
784 621 1023 708 perspicuitate
1053 621 1173 702 relert,
1213 620 1385 692 Christum

177 743 266 808 cruci
288 742 426 808 allisum
448 765 520 808 esse
544 743 597 810 die
621 742 899 828 quartodecimo,
925 765 990 827 qua
1011 741 1188 828 synoptico
1210 742 1386 827 evangelia

175 863 334 942 referunt,
360 865 423 928 hoc
445 864 573 928 factum
596 885 668 928 esse
692 863 744 928 die
767 862 896 927 decimo
920 862 1049 948 quinto.
1087 861 1164 928 Qua
1186 861 1227 926 de
1249 883 1285 927 re
1309 883 1385 927 oum

176 984 337 1048 hocloco
361 1006 427 1048 non
450 984 592 1068 amplius
614 983 777 1068 disputari
792 982 911 1068 possit,
936 981 1122 1048 sententiae
1145 1003 1238 1046 meae
1260 989 1385 1047 testem

176 1111 211 1168 et
226 1110 395 1168 auctorem
410 1124 453 1168 es
468 1103 621 1168 omnibns
636 1125 737 1168 unum
754 1106 930 1168 Buaarruu
945 1104 1090 1183 afferam,
1116 1101 1172 1187 qui
1189 1103 1274 1167 hanc
1290 1102 1385 1168 diffe-

174 1222 316 1288 rentiam
338 1223 431 1288 nullo
456 1223 554 1288 modo
578 1222 664 1288 solvi
685 1245 784 1309 posse
803 1223 975 1289 evidenter
996 1222 1078 1287 rnihi
1101 1222 1233 1288 videtur
1248 1222 1384 1287 demon·

141 1375 146 1421 ,ι
176 1343 332 1409 strasse¹.
347 1381 380 1392 -
395 1342 461 1408 Sed
477 1365 516 1408 ea
530 1365 661 1428 quoque
678 1343 857 1418 sententia,
880 1366 978 1428 quam
993 1343 1123 1428 primo
1139 1342 1214 1408 loco
1234 1340 1382 1426 exposui,

175 1465 309 1543 Bonan,
334 1463 587 1543 Hruoauruuou,
611 1463 763 1543 aliorum,
788 1463 921 1528 minime
937 1470 1030 1529 recto
1053 1484 1125 1528 esse
1141 1461 1224 1527 mihi
1238 1461 1382 1526 videtur.

144 1582 147 1627 ¹¹
175 1584 375 1649 Persuasum
398 1583 485 1648 enim
508 1585 632 1664 habeo,
663 1583 907 1650 controversiae
930 1581 1097 1668 paschalis
1120 1581 1261 1647 historia
1281 1583 1384 1646 Joan·

144 1690 147 1754 l
175 1702 229 1768 nei
257 1703 422 1789 evangelii
449 1703 658 1768 authentiam
680 1727 888 1789 nequaquam
911 1703 1061 1788 infringi.
1107 1703 1193 1768 Sane
1216 1700 1321 1782 enim,
1350 1701 1384 1766 si

175 1823 318 1888 Asiani
351 1826 547 1891 sollemne
580 1847 689 1888 suum
722 1824 915 1909 paschale
950 1823 990 1888 in
1021 1820 1252 1888 memoriam
1282 1819 1384 1888 'ulti-

176 1964 260 2007 mae
300 1946 399 2010 lesu
436 1943 590 2009 Christi
633 1965 778 2010 coenae
821 1943 1131 2023 instituissent,
1176 1963 1277 2028 grave
1320 1943 1384 2007 hoo

176 2071 409 2146 argumeutmn
441 2072 549 2143 esset,
587 2085 651 2148 quo
683 2071 837 2148 quartum
869 2036 1079 2149 evangelium
1109 2086 1176 2128 non
1207 2085 1227 2127 a
1256 2063 1384 2126 Joaune

176 2183 329 2266 apostolo
356 2183 541 2268 profectum
571 2206 643 2250 esse
670 2185 876 2269 probaretur.
923 2186 1007 2248 Rem
1036 2190 1149 2250 autem
1176 2205 1243 2248 non
1272 2182 1321 2247 ita
1347 2203 1384 2247 se

176 2303 314 2382 habere,
350 2324 368 2368 e
400 2304 680 2369 commentatione
712 2311 828 2368 nostra
858 2303 1043 2389 apparebit.
1088 2303 1264 2387 Nusquam
1295 2303 1384 2368 enim

174 2422 326 2504 refertur,
344 2423 545 2490 Asianorum
559 2423 735 2490 sollemnia
749 2423 784 2489 in
799 2423 990 2490 memoriam
1007 2423 1144 2489 ultimae
1160 2424 1240 2488 Jesu
1257 2423 1384 2488 Christi

175 2563 297 2608 coenae
321 2565 392 2608 esse
415 2543 583 2610 instituta.
621 2544 930 2609 Demonstravimus
954 2543 1077 2630 potius,
1101 2543 1274 2631 probabile
1297 2565 1382 2624 essa,

175 2662 318 2728 Asianos
348 2665 473 2749 pascha
507 2687 604 2730 suum
632 2665 848 2731 christianum
881 2663 939 2728 illo
967 2663 1021 2728 die
1049 2663 1251 2744 celebrasse,
1284 2687 1382 2749 quo·

174 2783 276 2847 niam
305 2784 423 2868 hujus
452 2783 534 2850 diei
563 2784 795 2850 observatio
820 2777 1077 2870 praescripta
1106 2793 1194 2851 erat
1222 2783 1380 2850 veteris

173 2904 412 2970 testamenti
446 2905 553 2990 lege;
588 2926 695 2990 neque
724 2904 857 2968 omnino
885 2906 972 2969 hanc
999 2904 1257 2970 celebrationem
1284 2904 1381 2970 insti·

173 3030 307 3090 tuentes
329 3024 493 3090 rationem
514 3046 571 3090 eos
594 3025 750 3090 habuisse
767 3023 1003 3108 chronologiae
1025 3023 1250 3110 evangelicae.
1283 3025 1381 3090 Hauc

172 3144 277 3228 igitur
305 3145 564 3212 celebrationem
591 3146 736 3211 Joannes
768 3145 941 3230 apostolus
968 3145 1185 3223 observabat3
1220 3144 1274 3210 cui
1301 3166 1380 3211 con·

173 3264 341 3329 suetudini
357 3274 508 3352 apertum
524 3273 577 3333 est
591 3265 724 3332 minime
739 3287 934 3351 repugnare,
960 3265 1048 3350 quod
1070 3265 1105 3331 in
1128 3265 1302 3350 evangelio
1312 3255 1379 3330 'suo

172 3382 292 3464 refert,
321 3384 492 3451 Christum
521 3394 640 3471 quarto
669 3387 797 3453 decimo
827 3386 881 3451 die
909 3391 1051 3450 mortem
1080 3384 1233 3450 subiisse.
1278 3386 1379 3472 Poly·

173 3524 290 3589 carpus
314 3504 400 3569 enim
424 3513 459 3570 et
473 3507 669 3592 Polycrates
691 3507 775 3572 nihil
798 3505 957 3586 tolerunt,
981 3504 1046 3570 nisi
1060 3506 1222 3570 loannem
1245 3511 1379 3591 aposto-

172 3624 242 3688 lum
276 3623 469 3691 observasse
502 3627 591 3690 hunc
624 3625 710 3692 diem
745 3633 900 3711 quartum
928 3625 1106 3691 decimum.
1150 3625 1234 3691 Ideo
1266 3633 1379 3690 autem

172 3745 261 3810 hunc
284 3743 371 3809 diem
400 3767 476 3810 eum
498 3747 708 3826 observasse,
738 3745 815 3831 quia
838 3745 953 3810 eodem
978 3745 1140 3810 Dominus
1162 3752 1277 3811 noster
1299 3745 1378 3810 ulti·

171 3886 258 3929 mam
281 3885 419 3931 coenam
441 3866 610 3947 habuerit,
635 3887 798 3951 nusquam
820 3865 973 3930 refertur.
1019 3867 1142 3932 Postea
1165 3889 1262 3947 sane,
1286 3869 1379 3953 Apo·

171 3984 280 4050 linarii
303 3992 338 4051 et
356 3986 543 4073 Polycratis
565 3986 782 4088 temporibus,
808 4009 882 4051 cum
900 3985 972 4071 jam
994 3985 1082 4052 inter
1103 3986 1276 4072 utriusque
1299 4009 1378 4053 con·

172 4105 357 4172 suetudinis
380 4107 571 4173 defensores
595 4107 765 4172 contentio
790 4113 905 4172 exorta
928 4113 1028 4188 esset,
1057 4105 1175 4173 Asiani
1198 4108 1240 4174 ad
1263 4107 1378 4174 delen·

258 4347 268 4382 ¹
293 4347 442 4431 Boicroqe
456 4371 512 4412 aar
526 4347 686 4415 Bra-Kril.
708 4376 738 4435 p.
755 4353 892 4416 33-37.
917 4353 978 4414 107
984 4356 1096 4416 -134.
