<?xml version="1.0" encoding="UTF-8"?>
<!DOCTYPE html PUBLIC "-//W3C//DTD XHTML 1.0 Transitional//EN"
    "http://www.w3.org/TR/xhtml1/DTD/xhtml1-transitional.dtd">
<html xmlns="http://www.w3.org/1999/xhtml" xml:lang="en" lang="en">
 <head>
  <title>
</title>
<meta http-equiv="Content-Type" content="text/html;charset=utf-8" />
  <meta name='ocr-system' content='tesseract 3.04.00' />
  <meta name='ocr-capabilities' content='ocr_page ocr_carea ocr_par ocr_line ocrx_word'/>
</head>
<body>
  <div class='ocr_page' id='page_1' title='image "./decontroversiis00schgoog_0235.png"; bbox 0 0 2994 4972; ppageno 0'>
   <div class='ocr_carea' id='block_1_1' title="bbox 83 424 1198 497">
    <p class='ocr_par' dir='ltr' id='par_1_1' title="bbox 83 424 1198 497">
     <span class='ocr_line' id='line_1_1' title="bbox 83 424 1198 497; baseline -0.004 5"><span class='ocrx_word' id='word_1_1' title='bbox 83 443 96 478; x_wconf 64' lang='grc' dir='ltr'><em>ε</em></span> <span class='ocrx_word' id='word_1_2' title='bbox 115 424 131 476; x_wconf 89' lang='lat'>⁷</span> <span class='ocrx_word' id='word_1_3' title='bbox 1142 429 1198 497; x_wconf 79' lang='lat'><em>131</em></span> 
     </span>
    </p>
   </div>
   <div class='ocr_carea' id='block_1_2' title="bbox 34 587 1302 3332">
    <p class='ocr_par' dir='ltr' id='par_1_2' title="bbox 34 587 1302 3332">
     <span class='ocr_line' id='line_1_2' title="bbox 80 587 1204 678; baseline 0.004 -21"><span class='ocrx_word' id='word_1_4' title='bbox 80 595 162 658; x_wconf 91' lang='grc' dir='ltr'><em>λίαν</em></span> <span class='ocrx_word' id='word_1_5' title='bbox 182 589 288 658; x_wconf 80' lang='grc' dir='ltr'><em>αὐτοῦ</em></span> <span class='ocrx_word' id='word_1_6' title='bbox 308 589 371 678; x_wconf 88' lang='grc' dir='ltr'><em>τήν</em></span> <span class='ocrx_word' id='word_1_7' title='bbox 391 589 535 678; x_wconf 79' lang='grc' dir='ltr'><em>ἀψευδῆ,</em></span> <span class='ocrx_word' id='word_1_8' title='bbox 557 589 613 658; x_wconf 83' lang='grc' dir='ltr'><em>καὶ</em></span> <span class='ocrx_word' id='word_1_9' title='bbox 635 589 816 678; x_wconf 79' lang='grc' dir='ltr'><strong><em>ἀναστήσει</em></strong></span> <span class='ocrx_word' id='word_1_10' title='bbox 836 587 922 678; x_wconf 82' lang='grc' dir='ltr'><em>ήμᾶς</em></span> <span class='ocrx_word' id='word_1_11' title='bbox 945 589 1009 658; x_wconf 89' lang='grc' dir='ltr'><em>σύν</em></span> <span class='ocrx_word' id='word_1_12' title='bbox 1031 599 1113 660; x_wconf 83' lang='grc' dir='ltr'><em>πᾶσι</em></span> <span class='ocrx_word' id='word_1_13' title='bbox 1135 609 1204 674; x_wconf 79' lang='grc' dir='ltr'><em>τοῖς</em></span> 
     </span>
     <span class='ocr_line' id='line_1_3' title="bbox 80 690 1204 783; baseline 0.004 -25"><span class='ocrx_word' id='word_1_14' title='bbox 80 693 142 760; x_wconf 87' lang='grc' dir='ltr'><em>ἀπ’</em></span> <span class='ocrx_word' id='word_1_15' title='bbox 166 697 290 771; x_wconf 70' lang='grc' dir='ltr'><em>αίοίνος</em></span> <span class='ocrx_word' id='word_1_16' title='bbox 312 701 526 780; x_wconf 78' lang='grc' dir='ltr'><em>νοιμηθεῑσιν</em></span> <span class='ocrx_word' id='word_1_17' title='bbox 545 695 730 778; x_wconf 77' lang='grc' dir='ltr'><em>τοιούτους,</em></span> <span class='ocrx_word' id='word_1_18' title='bbox 752 695 861 761; x_wconf 76' lang='grc' dir='ltr'><em>ὁποῖοι</em></span> <span class='ocrx_word' id='word_1_19' title='bbox 885 690 1080 782; x_wconf 84' lang='grc' dir='ltr'><em>ύπάρχομεν</em></span> <span class='ocrx_word' id='word_1_20' title='bbox 1103 696 1141 762; x_wconf 86' lang='grc' dir='ltr'><em>έν</em></span> <span class='ocrx_word' id='word_1_21' title='bbox 1161 702 1204 783; x_wconf 81' lang='grc' dir='ltr'><em>τῇ</em></span> 
     </span>
     <span class='ocr_line' id='line_1_4' title="bbox 80 792 1203 882; baseline 0.001 -20"><span class='ocrx_word' id='word_1_22' title='bbox 80 801 150 862; x_wconf 81' lang='grc' dir='ltr'><em>νῦν</em></span> <span class='ocrx_word' id='word_1_23' title='bbox 170 801 299 882; x_wconf 82' lang='grc' dir='ltr'><em>μορφῇ,</em></span> <span class='ocrx_word' id='word_1_24' title='bbox 322 797 429 882; x_wconf 76' lang='grc' dir='ltr'><em>μηδὲν</em></span> <span class='ocrx_word' id='word_1_25' title='bbox 452 797 585 874; x_wconf 78' lang='grc' dir='ltr'><em>ἐλλιπὲς</em></span> <span class='ocrx_word' id='word_1_26' title='bbox 608 801 745 882; x_wconf 82' lang='grc' dir='ltr'><em>ἔχοντας</em></span> <span class='ocrx_word' id='word_1_27' title='bbox 767 792 790 881; x_wconf 84' lang='grc' dir='ltr'><em>ή</em></span> <span class='ocrx_word' id='word_1_28' title='bbox 813 797 876 881; x_wconf 84' lang='grc' dir='ltr'><em>τήν</em></span> <span class='ocrx_word' id='word_1_29' title='bbox 891 797 1041 882; x_wconf 74' lang='grc' dir='ltr'><em>φθοράν,</em></span> <span class='ocrx_word' id='word_1_30' title='bbox 1065 799 1203 882; x_wconf 88' lang='grc' dir='ltr'><em>έπείπερ</em></span> 
     </span>
     <span class='ocr_line' id='line_1_5' title="bbox 80 897 1204 984; baseline 0.004 -22"><span class='ocrx_word' id='word_1_31' title='bbox 80 897 254 982; x_wconf 73' lang='grc' dir='ltr'><em>ἄφθαρτοι</em></span> <span class='ocrx_word' id='word_1_32' title='bbox 283 897 552 984; x_wconf 84' lang='grc' dir='ltr'><em>ἀναστησόμεθα.</em></span> <span class='ocrx_word' id='word_1_33' title='bbox 604 897 668 964; x_wconf 84' lang='grc' dir='ltr'><em>κάν</em></span> <span class='ocrx_word' id='word_1_34' title='bbox 694 922 730 964; x_wconf 87' lang='grc' dir='ltr'><em>τε</em></span> <span class='ocrx_word' id='word_1_35' title='bbox 757 898 822 984; x_wconf 88' lang='grc' dir='ltr'><em>γάρ</em></span> <span class='ocrx_word' id='word_1_36' title='bbox 855 899 894 964; x_wconf 86' lang='grc' dir='ltr'><em>έν</em></span> <span class='ocrx_word' id='word_1_37' title='bbox 923 899 1060 983; x_wconf 76' lang='grc' dir='ltr'><em>πελάγει</em></span> <span class='ocrx_word' id='word_1_38' title='bbox 1087 905 1204 966; x_wconf 89' lang='grc' dir='ltr'><em>τελευ-</em></span> 
     </span>
     <span class='ocr_line' id='line_1_6' title="bbox 80 996 1237 1088; baseline 0.005 -23"><span class='ocrx_word' id='word_1_39' title='bbox 80 1000 239 1086; x_wconf 83' lang='grc' dir='ltr'><em>τήσωμεν</em></span> <span class='ocrx_word' id='word_1_40' title='bbox 266 996 332 1066; x_wconf 82' lang='grc' dir='ltr'><em>κάν</em></span> <span class='ocrx_word' id='word_1_41' title='bbox 355 1000 393 1066; x_wconf 91' lang='grc' dir='ltr'><em>έν</em></span> <span class='ocrx_word' id='word_1_42' title='bbox 421 1003 466 1086; x_wconf 80' lang='grc' dir='ltr'><em>μή</em></span> <span class='ocrx_word' id='word_1_43' title='bbox 494 1002 736 1085; x_wconf 77' lang='grc' dir='ltr'><em>ἃιασπαρύμεν</em></span> <span class='ocrx_word' id='word_1_44' title='bbox 771 997 837 1066; x_wconf 85' lang='grc' dir='ltr'><em>κάν</em></span> <span class='ocrx_word' id='word_1_45' title='bbox 858 997 925 1066; x_wconf 80' lang='grc' dir='ltr'><em>ὑπὸ</em></span> <span class='ocrx_word' id='word_1_46' title='bbox 946 998 1122 1088; x_wconf 78' lang='grc' dir='ltr'><em>θηρίωνή</em></span> <span class='ocrx_word' id='word_1_47' title='bbox 1144 1000 1237 1088; x_wconf 81' lang='grc' dir='ltr'><em>ὀρ-5</em></span> 
     </span>
     <span class='ocr_line' id='line_1_7' title="bbox 82 1099 1201 1190; baseline 0.004 -24"><span class='ocrx_word' id='word_1_48' title='bbox 82 1103 172 1168; x_wconf 86' lang='grc' dir='ltr'><em>νέων</em></span> <span class='ocrx_word' id='word_1_49' title='bbox 199 1103 483 1186; x_wconf 76' lang='grc' dir='ltr'><em>(λιασπασθτδμεν,</em></span> <span class='ocrx_word' id='word_1_50' title='bbox 511 1101 692 1187; x_wconf 76' lang='grc' dir='ltr'><em>ἀναστήσει</em></span> <span class='ocrx_word' id='word_1_51' title='bbox 720 1099 806 1187; x_wconf 81' lang='grc' dir='ltr'><em>ἡμᾶς</em></span> <span class='ocrx_word' id='word_1_52' title='bbox 836 1107 878 1188; x_wconf 77' lang='grc' dir='ltr'><em>τῇ</em></span> <span class='ocrx_word' id='word_1_53' title='bbox 909 1101 1015 1168; x_wconf 83' lang='grc' dir='ltr'><em>αὐτοῦ</em></span> <span class='ocrx_word' id='word_1_54' title='bbox 1042 1106 1201 1190; x_wconf 78' lang='grc' dir='ltr'><em>δυνάμει·</em></span> 
     </span>
     <span class='ocr_line' id='line_1_8' title="bbox 81 1202 1202 1294; baseline 0.004 -25"><span class='ocrx_word' id='word_1_55' title='bbox 81 1203 132 1269; x_wconf 81' lang='grc' dir='ltr'><em>ὅτι</em></span> <span class='ocrx_word' id='word_1_56' title='bbox 158 1202 178 1270; x_wconf 99' lang='lat'><em>6</em></span> <span class='ocrx_word' id='word_1_57' title='bbox 204 1209 270 1281; x_wconf 78' lang='grc' dir='ltr'><em>πᾶς</em></span> <span class='ocrx_word' id='word_1_58' title='bbox 295 1206 420 1290; x_wconf 81' lang='grc' dir='ltr'><em>κόσμος</em></span> <span class='ocrx_word' id='word_1_59' title='bbox 446 1208 488 1290; x_wconf 79' lang='grc' dir='ltr'><em>τῇ</em></span> <span class='ocrx_word' id='word_1_60' title='bbox 514 1208 576 1270; x_wconf 86' lang='grc' dir='ltr'><em>τού</em></span> <span class='ocrx_word' id='word_1_61' title='bbox 603 1207 690 1270; x_wconf 82' lang='grc' dir='ltr'><em>θεοῦ</em></span> <span class='ocrx_word' id='word_1_62' title='bbox 716 1205 890 1289; x_wconf 80' lang='grc' dir='ltr'><em>συνέχεται</em></span> <span class='ocrx_word' id='word_1_63' title='bbox 916 1211 1012 1290; x_wconf 86' lang='grc' dir='ltr'><em>χειρί.</em></span> <span class='ocrx_word' id='word_1_64' title='bbox 1047 1207 1126 1294; x_wconf 73' lang='grc' dir='ltr'><em>θρίξ</em></span> <span class='ocrx_word' id='word_1_65' title='bbox 1154 1209 1202 1290; x_wconf 76' lang='grc' dir='ltr'><em>δέ,</em></span> 
     </span>
     <span class='ocr_line' id='line_1_9' title="bbox 81 1301 1207 1394; baseline 0.004 -23"><span class='ocrx_word' id='word_1_66' title='bbox 81 1311 201 1392; x_wconf 88' lang='grc' dir='ltr'><em>φησίν,</em></span> <span class='ocrx_word' id='word_1_67' title='bbox 226 1306 264 1372; x_wconf 79' lang='grc' dir='ltr'><em>ἐκ</em></span> <span class='ocrx_word' id='word_1_68' title='bbox 279 1311 338 1391; x_wconf 82' lang='grc' dir='ltr'><em>τῆς</em></span> <span class='ocrx_word' id='word_1_69' title='bbox 353 1309 502 1392; x_wconf 75' lang='grc' dir='ltr'><em>κεφαλῆς</em></span> <span class='ocrx_word' id='word_1_70' title='bbox 519 1301 615 1391; x_wconf 77' lang='grc' dir='ltr'><em>ὑμῶν</em></span> <span class='ocrx_word' id='word_1_71' title='bbox 633 1304 674 1371; x_wconf 91' lang='grc' dir='ltr'><em>ού</em></span> <span class='ocrx_word' id='word_1_72' title='bbox 692 1305 736 1391; x_wconf 86' lang='grc' dir='ltr'><em>μή</em></span> <span class='ocrx_word' id='word_1_73' title='bbox 753 1305 925 1390; x_wconf 89' lang='grc' dir='ltr'><em>ἀπόληται.</em></span> <span class='ocrx_word' id='word_1_74' title='bbox 972 1307 1025 1373; x_wconf 80' lang='grc' dir='ltr'><em>διὸ</em></span> <span class='ocrx_word' id='word_1_75' title='bbox 1046 1323 1207 1394; x_wconf 82' lang='grc' dir='ltr'><em>παραινεῖ</em></span> 
     </span>
     <span class='ocr_line' id='line_1_10' title="bbox 81 1405 1201 1496; baseline 0.006 -24"><span class='ocrx_word' id='word_1_76' title='bbox 81 1409 193 1491; x_wconf 83' lang='grc' dir='ltr'><em>λέγων</em></span> <span class='ocrx_word' id='word_1_77' title='bbox 221 1407 276 1474; x_wconf 82' lang='grc' dir='ltr'><em>Ἐν</em></span> <span class='ocrx_word' id='word_1_78' title='bbox 303 1414 344 1494; x_wconf 81' lang='grc' dir='ltr'><em>τῇ</em></span> <span class='ocrx_word' id='word_1_79' title='bbox 371 1405 527 1494; x_wconf 80' lang='grc' dir='ltr'><em>ὑπομονῇ</em></span> <span class='ocrx_word' id='word_1_80' title='bbox 550 1405 648 1492; x_wconf 79' lang='grc' dir='ltr'><em>ὑμῶν</em></span> <span class='ocrx_word' id='word_1_81' title='bbox 677 1405 849 1492; x_wconf 72' lang='grc' dir='ltr'><em>μνήσασθε</em></span> <span class='ocrx_word' id='word_1_82' title='bbox 878 1406 936 1486; x_wconf 88' lang='grc' dir='ltr'><em>τάς</em></span> <span class='ocrx_word' id='word_1_83' title='bbox 963 1408 1072 1494; x_wconf 70' lang='grc' dir='ltr'><em>ψυχάς</em></span> <span class='ocrx_word' id='word_1_84' title='bbox 1096 1409 1201 1496; x_wconf 73' lang='grc' dir='ltr'><em>ὑμῶν.</em></span> 
     </span>
     <span class='ocr_line' id='line_1_11' title="bbox 81 1508 1302 1599; baseline 0.004 -23"><span class='ocrx_word' id='word_1_85' title='bbox 81 1509 161 1594; x_wconf 76' lang='grc' dir='ltr'><em>περὶ</em></span> <span class='ocrx_word' id='word_1_86' title='bbox 180 1511 218 1576; x_wconf 75' lang='grc' dir='ltr'><em>δὲ</em></span> <span class='ocrx_word' id='word_1_87' title='bbox 240 1516 299 1595; x_wconf 81' lang='grc' dir='ltr'><em>τῆς</em></span> <span class='ocrx_word' id='word_1_88' title='bbox 316 1515 385 1576; x_wconf 75' lang='grc' dir='ltr'><em>τῶν</em></span> <span class='ocrx_word' id='word_1_89' title='bbox 401 1515 536 1595; x_wconf 77' lang='grc' dir='ltr'><em>νεκρῶν</em></span> <span class='ocrx_word' id='word_1_90' title='bbox 558 1508 772 1587; x_wconf 75' lang='grc' dir='ltr'><em>ἀναστάσεως</em></span> <span class='ocrx_word' id='word_1_91' title='bbox 794 1509 923 1593; x_wconf 81' lang='grc' dir='ltr'><em>καὶτῆς</em></span> <span class='ocrx_word' id='word_1_92' title='bbox 938 1514 1203 1599; x_wconf 76' lang='grc' dir='ltr'><em>τάνμαρτύρων</em></span> <span class='ocrx_word' id='word_1_93' title='bbox 1223 1530 1254 1580; x_wconf 87' lang='grc'><em>111</em></span> <span class='ocrx_word' id='word_1_94' title='bbox 1299 1519 1302 1526; x_wconf 86' lang='grc'><strong><em>’</em></strong></span> 
     </span>
     <span class='ocr_line' id='line_1_12' title="bbox 80 1609 1204 1704; baseline 0.005 -28"><span class='ocrx_word' id='word_1_95' title='bbox 80 1614 354 1696; x_wconf 77' lang='grc' dir='ltr'><em>μισθαποδοσίας</em></span> <span class='ocrx_word' id='word_1_96' title='bbox 379 1613 466 1696; x_wconf 91' lang='grc' dir='ltr'><em>λέγει</em></span> <span class='ocrx_word' id='word_1_97' title='bbox 497 1609 646 1697; x_wconf 76' lang='grc' dir='ltr'><em>Γαβριὴλ</em></span> <span class='ocrx_word' id='word_1_98' title='bbox 674 1617 721 1698; x_wconf 75' lang='grc' dir='ltr'><em>τῷ</em></span> <span class='ocrx_word' id='word_1_99' title='bbox 744 1611 876 1696; x_wconf 77' lang='grc' dir='ltr'><em>Δανιὴλ</em></span> <span class='ocrx_word' id='word_1_100' title='bbox 899 1611 966 1677; x_wconf 76' lang='grc' dir='ltr'><em>Καὶ</em></span> <span class='ocrx_word' id='word_1_101' title='bbox 994 1614 1113 1704; x_wconf 80' lang='grc' dir='ltr'><em>πολλοὶΙ</em></span> <span class='ocrx_word' id='word_1_102' title='bbox 1135 1620 1204 1682; x_wconf 81' lang='grc' dir='ltr'><em>τάν</em></span> 
     </span>
     <span class='ocr_line' id='line_1_13' title="bbox 81 1709 1204 1800; baseline 0.004 -22"><span class='ocrx_word' id='word_1_103' title='bbox 81 1709 338 1800; x_wconf 79' lang='grc' dir='ltr'><em>κεκοιμημένων</em></span> <span class='ocrx_word' id='word_1_104' title='bbox 367 1713 405 1780; x_wconf 87' lang='grc' dir='ltr'><em>έκ</em></span> <span class='ocrx_word' id='word_1_105' title='bbox 434 1718 495 1798; x_wconf 80' lang='grc' dir='ltr'><em>γῆς</em></span> <span class='ocrx_word' id='word_1_106' title='bbox 522 1714 673 1799; x_wconf 82' lang='grc' dir='ltr'><em>χείματος</em></span> <span class='ocrx_word' id='word_1_107' title='bbox 700 1713 964 1798; x_wconf 88' lang='grc' dir='ltr'><em>ἀναστήσονται,</em></span> <span class='ocrx_word' id='word_1_108' title='bbox 1002 1717 1039 1780; x_wconf 86' lang='grc' dir='ltr'><em>οί</em></span> <span class='ocrx_word' id='word_1_109' title='bbox 1062 1717 1125 1800; x_wconf 73' lang='grc' dir='ltr'><em>μὲν</em></span> <span class='ocrx_word' id='word_1_110' title='bbox 1157 1721 1204 1795; x_wconf 85' lang='grc' dir='ltr'><em>είς</em></span> 
     </span>
     <span class='ocr_line' id='line_1_14' title="bbox 81 1813 1202 1902; baseline 0.003 -20"><span class='ocrx_word' id='word_1_111' title='bbox 81 1817 172 1902; x_wconf 81' lang='grc' dir='ltr'><em>ζωήν</em></span> <span class='ocrx_word' id='word_1_112' title='bbox 193 1817 344 1900; x_wconf 82' lang='grc' dir='ltr'><em>αίοίνιον,</em></span> <span class='ocrx_word' id='word_1_113' title='bbox 368 1817 405 1881; x_wconf 88' lang='grc' dir='ltr'><em>οί</em></span> <span class='ocrx_word' id='word_1_114' title='bbox 430 1817 467 1882; x_wconf 80' lang='grc' dir='ltr'><em>δὲ</em></span> <span class='ocrx_word' id='word_1_115' title='bbox 490 1819 536 1893; x_wconf 88' lang='grc' dir='ltr'><em>είς</em></span> <span class='ocrx_word' id='word_1_116' title='bbox 560 1813 725 1900; x_wconf 79' lang='grc' dir='ltr'><em>αἰσχύνην</em></span> <span class='ocrx_word' id='word_1_117' title='bbox 748 1819 804 1881; x_wconf 80' lang='grc' dir='ltr'><em>καί</em></span> <span class='ocrx_word' id='word_1_118' title='bbox 830 1813 1023 1901; x_wconf 76' lang='grc' dir='ltr'><em>ὀνειδισμὸν</em></span> <span class='ocrx_word' id='word_1_119' title='bbox 1045 1819 1202 1884; x_wconf 83' lang='grc' dir='ltr'><em>αίοίνιον·</em></span> 
     </span>
     <span class='ocr_line' id='line_1_15' title="bbox 82 1913 1204 2008; baseline 0.003 -24"><span class='ocrx_word' id='word_1_120' title='bbox 82 1919 140 1984; x_wconf 82' lang='grc' dir='ltr'><em>καὶ</em></span> <span class='ocrx_word' id='word_1_121' title='bbox 170 1920 207 1985; x_wconf 84' lang='grc' dir='ltr'><em>ολ</em></span> <span class='ocrx_word' id='word_1_122' title='bbox 225 1923 400 1995; x_wconf 87' lang='grc' dir='ltr'><em>συνίοντες</em></span> <span class='ocrx_word' id='word_1_123' title='bbox 423 1917 657 2002; x_wconf 78' lang='grc' dir='ltr'><em>ἐκλάμψουσιν</em></span> <span class='ocrx_word' id='word_1_124' title='bbox 682 1913 727 1994; x_wconf 77' lang='grc' dir='ltr'><em>ἀς</em></span> <span class='ocrx_word' id='word_1_125' title='bbox 755 1913 773 1982; x_wconf 95' lang='lat'><em>6</em></span> <span class='ocrx_word' id='word_1_126' title='bbox 797 1916 892 2001; x_wconf 84' lang='grc' dir='ltr'><em>ἥλιος</em></span> <span class='ocrx_word' id='word_1_127' title='bbox 918 1919 975 1984; x_wconf 80' lang='grc' dir='ltr'><em>καὶ</em></span> <span class='ocrx_word' id='word_1_128' title='bbox 1002 1917 1046 1997; x_wconf 75' lang='grc' dir='ltr'><em>ολς</em></span> <span class='ocrx_word' id='word_1_129' title='bbox 1070 1917 1091 2008; x_wconf 87' lang='grc' dir='ltr'><em>ή</em></span> <span class='ocrx_word' id='word_1_130' title='bbox 1119 1927 1204 2007; x_wconf 91' lang='grc' dir='ltr'><em>λαμ-</em></span> 
     </span>
     <span class='ocr_line' id='line_1_16' title="bbox 34 2016 1255 2109; baseline 0.003 -23"><span class='ocrx_word' id='word_1_131' title='bbox 34 2051 84 2096; x_wconf 64' lang='lat'><em>22</em></span> <span class='ocrx_word' id='word_1_132' title='bbox 97 2021 225 2106; x_wconf 88' lang='grc' dir='ltr'><em>πρύτης</em></span> <span class='ocrx_word' id='word_1_133' title='bbox 245 2020 306 2086; x_wconf 82' lang='grc' dir='ltr'><em>τοῦ</em></span> <span class='ocrx_word' id='word_1_134' title='bbox 326 2020 554 2106; x_wconf 81' lang='grc' dir='ltr'><em>στερεύματος</em></span> <span class='ocrx_word' id='word_1_135' title='bbox 575 2019 632 2086; x_wconf 77' lang='grc' dir='ltr'><em>καί</em></span> <span class='ocrx_word' id='word_1_136' title='bbox 650 2016 694 2097; x_wconf 78' lang='grc' dir='ltr'><em>ἀς</em></span> <span class='ocrx_word' id='word_1_137' title='bbox 716 2021 752 2085; x_wconf 85' lang='grc' dir='ltr'><em>οί</em></span> <span class='ocrx_word' id='word_1_138' title='bbox 768 2017 913 2107; x_wconf 87' lang='grc' dir='ltr'><em>ἀστέρες.</em></span> <span class='ocrx_word' id='word_1_139' title='bbox 959 2018 1003 2098; x_wconf 74' lang='grc' dir='ltr'><em>ὥς</em></span> <span class='ocrx_word' id='word_1_140' title='bbox 1025 2029 1205 2109; x_wconf 86' lang='grc' dir='ltr'><em>φωστῆρας</em></span> <span class='ocrx_word' id='word_1_141' title='bbox 1223 2039 1255 2090; x_wconf 82' lang='grc'><strong>15</strong></span> 
     </span>
     <span class='ocr_line' id='line_1_17' title="bbox 82 2119 1202 2210; baseline 0.003 -22"><span class='ocrx_word' id='word_1_142' title='bbox 82 2128 205 2188; x_wconf 87' lang='grc' dir='ltr'><em>τοίνυν</em></span> <span class='ocrx_word' id='word_1_143' title='bbox 232 2121 418 2207; x_wconf 77' lang='grc' dir='ltr'><em>έκλάμυειυ</em></span> <span class='ocrx_word' id='word_1_144' title='bbox 444 2121 523 2200; x_wconf 82' lang='grc' dir='ltr'><em>τοὺς</em></span> <span class='ocrx_word' id='word_1_145' title='bbox 551 2119 669 2206; x_wconf 82' lang='grc' dir='ltr'><em>ἁγίους</em></span> <span class='ocrx_word' id='word_1_146' title='bbox 693 2135 855 2209; x_wconf 80' lang='grc' dir='ltr'><em>προεῖπεν</em></span> <span class='ocrx_word' id='word_1_147' title='bbox 879 2119 897 2188; x_wconf 95' lang='lat'><em>6</em></span> <span class='ocrx_word' id='word_1_148' title='bbox 924 2123 1018 2207; x_wconf 86' lang='grc' dir='ltr'><em>ἀγιος</em></span> <span class='ocrx_word' id='word_1_149' title='bbox 1035 2127 1202 2210; x_wconf 79' lang='grc' dir='ltr'><em>Γαβριήλ·</em></span> 
     </span>
     <span class='ocr_line' id='line_1_18' title="bbox 82 2222 1204 2314; baseline 0.004 -24"><span class='ocrx_word' id='word_1_150' title='bbox 82 2223 186 2301; x_wconf 78' lang='grc' dir='ltr'><em>αὐτὸς</em></span> <span class='ocrx_word' id='word_1_151' title='bbox 207 2223 273 2310; x_wconf 81' lang='grc' dir='ltr'><em>γάρ</em></span> <span class='ocrx_word' id='word_1_152' title='bbox 300 2223 337 2290; x_wconf 84' lang='grc' dir='ltr'><em>τὸ</em></span> <span class='ocrx_word' id='word_1_153' title='bbox 365 2227 519 2291; x_wconf 80' lang='grc' dir='ltr'><em>συνιέναι</em></span> <span class='ocrx_word' id='word_1_154' title='bbox 547 2223 610 2310; x_wconf 88' lang='grc' dir='ltr'><em>τήν</em></span> <span class='ocrx_word' id='word_1_155' title='bbox 636 2223 802 2309; x_wconf 78' lang='grc' dir='ltr'><em>ἀλήθειαν</em></span> <span class='ocrx_word' id='word_1_156' title='bbox 832 2222 1034 2310; x_wconf 85' lang='grc' dir='ltr'><em>ὁμολογῆσαι</em></span> <span class='ocrx_word' id='word_1_157' title='bbox 1058 2228 1204 2314; x_wconf 80' lang='grc' dir='ltr'><em>ἐμαρτύ-</em></span> 
     </span>
     <span class='ocr_line' id='line_1_19' title="bbox 82 2321 1202 2413; baseline 0.004 -21"><span class='ocrx_word' id='word_1_158' title='bbox 82 2345 190 2412; x_wconf 91' lang='grc' dir='ltr'><em>ρησεν</em></span> <span class='ocrx_word' id='word_1_159' title='bbox 201 2326 258 2392; x_wconf 80' lang='grc' dir='ltr'><em>παλ</em></span> <span class='ocrx_word' id='word_1_160' title='bbox 272 2324 310 2392; x_wconf 88' lang='grc' dir='ltr'><em>τὸ</em></span> <span class='ocrx_word' id='word_1_161' title='bbox 322 2325 413 2410; x_wconf 86' lang='grc' dir='ltr'><em>ίερὸν</em></span> <span class='ocrx_word' id='word_1_162' title='bbox 432 2325 537 2393; x_wconf 86' lang='grc' dir='ltr'><em>αὐτοῦ</em></span> <span class='ocrx_word' id='word_1_163' title='bbox 553 2326 668 2412; x_wconf 83' lang='grc' dir='ltr'><em>ὄνομα.</em></span> <span class='ocrx_word' id='word_1_164' title='bbox 697 2325 767 2392; x_wconf 81' lang='grc' dir='ltr'><em>*οὐ</em></span> <span class='ocrx_word' id='word_1_165' title='bbox 778 2326 886 2410; x_wconf 90' lang='grc' dir='ltr'><em>μόνον</em></span> <span class='ocrx_word' id='word_1_166' title='bbox 898 2327 934 2392; x_wconf 75' lang='grc' dir='ltr'><em>δὲ</em></span> <span class='ocrx_word' id='word_1_167' title='bbox 949 2339 1018 2404; x_wconf 84' lang='grc' dir='ltr'><em>τοῖς</em></span> <span class='ocrx_word' id='word_1_168' title='bbox 1032 2321 1202 2413; x_wconf 81' lang='grc' dir='ltr'><em>μάρτυσιν</em></span> 
     </span>
     <span class='ocr_line' id='line_1_20' title="bbox 85 2425 1204 2515; baseline 0.002 -19"><span class='ocrx_word' id='word_1_169' title='bbox 85 2429 287 2515; x_wconf 78' lang='grc' dir='ltr'><em>ἐπήγγελται</em></span> <span class='ocrx_word' id='word_1_170' title='bbox 302 2427 393 2514; x_wconf 80' lang='grc' dir='ltr'><em>*τήν</em></span> <span class='ocrx_word' id='word_1_171' title='bbox 402 2429 599 2512; x_wconf 88' lang='grc' dir='ltr'><em>ἀνάστασιν,</em></span> <span class='ocrx_word' id='word_1_172' title='bbox 616 2425 701 2494; x_wconf 87' lang='grc' dir='ltr'><em>ἀλλά</em></span> <span class='ocrx_word' id='word_1_173' title='bbox 714 2427 770 2493; x_wconf 80' lang='grc' dir='ltr'><em>καὶ</em></span> <span class='ocrx_word' id='word_1_174' title='bbox 783 2429 886 2493; x_wconf 81' lang='grc' dir='ltr'><em>πᾶσιν</em></span> <span class='ocrx_word' id='word_1_175' title='bbox 898 2435 915 2474; x_wconf 83' lang='grc'><strong><em>*</em></strong></span> <span class='ocrx_word' id='word_1_176' title='bbox 927 2425 1133 2515; x_wconf 75' lang='grc' dir='ltr'><em>ἀνθρώποις,</em></span> <span class='ocrx_word' id='word_1_177' title='bbox 1151 2435 1204 2498; x_wconf 80' lang='grc' dir='ltr'><em>ἀι-</em></span> 
     </span>
     <span class='ocr_line' id='line_1_21' title="bbox 84 2529 1255 2616; baseline 0.003 -20"><span class='ocrx_word' id='word_1_178' title='bbox 84 2537 195 2609; x_wconf 82' lang='grc' dir='ltr'><em>ιιαίοις</em></span> <span class='ocrx_word' id='word_1_179' title='bbox 211 2555 247 2598; x_wconf 85' lang='grc' dir='ltr'><em>τε</em></span> <span class='ocrx_word' id='word_1_180' title='bbox 266 2531 322 2597; x_wconf 83' lang='grc' dir='ltr'><em>καὶ</em></span> <span class='ocrx_word' id='word_1_181' title='bbox 338 2529 477 2614; x_wconf 75' lang='grc' dir='ltr'><em>ἀδίκοις,</em></span> <span class='ocrx_word' id='word_1_182' title='bbox 495 2529 677 2616; x_wconf 78' lang='grc' dir='ltr'><em>εὐσεβέσι*</em></span> <span class='ocrx_word' id='word_1_183' title='bbox 694 2529 750 2596; x_wconf 86' lang='grc' dir='ltr'><em>καὶ</em></span> <span class='ocrx_word' id='word_1_184' title='bbox 765 2531 977 2615; x_wconf 78' lang='grc' dir='ltr'><em>δυσσεβέσιν,</em></span> <span class='ocrx_word' id='word_1_185' title='bbox 998 2529 1045 2596; x_wconf 81' lang='grc' dir='ltr'><em>ἵν’</em></span> <span class='ocrx_word' id='word_1_186' title='bbox 1066 2532 1205 2612; x_wconf 78' lang='grc' dir='ltr'><em>ἕκαστος</em></span> <span class='ocrx_word' id='word_1_187' title='bbox 1221 2547 1255 2600; x_wconf 80' lang='grc'><em>20</em></span> 
     </span>
     <span class='ocr_line' id='line_1_22' title="bbox 84 2630 1206 2720; baseline 0.002 -20"><span class='ocrx_word' id='word_1_188' title='bbox 84 2633 125 2700; x_wconf 84' lang='grc' dir='ltr'><em>τά</em></span> <span class='ocrx_word' id='word_1_189' title='bbox 145 2633 230 2720; x_wconf 87' lang='grc' dir='ltr'><em>πρὸς</em></span> <span class='ocrx_word' id='word_1_190' title='bbox 251 2632 350 2714; x_wconf 79' lang='grc' dir='ltr'><em>ἀξίαν</em></span> <span class='ocrx_word' id='word_1_191' title='bbox 376 2638 461 2720; x_wconf 86' lang='grc' dir='ltr'><em>τίση.</em></span> <span class='ocrx_word' id='word_1_192' title='bbox 507 2631 576 2712; x_wconf 74' lang='grc' dir='ltr'><em>ἄξει</em></span> <span class='ocrx_word' id='word_1_193' title='bbox 603 2632 679 2717; x_wconf 86' lang='grc' dir='ltr'><em>γάρ,</em></span> <span class='ocrx_word' id='word_1_194' title='bbox 709 2637 825 2717; x_wconf 89' lang='grc' dir='ltr'><em>φησίν,</em></span> <span class='ocrx_word' id='word_1_195' title='bbox 855 2630 873 2699; x_wconf 95' lang='lat'><em>6</em></span> <span class='ocrx_word' id='word_1_196' title='bbox 898 2631 979 2710; x_wconf 83' lang='grc' dir='ltr'><em>θεὸς</em></span> <span class='ocrx_word' id='word_1_197' title='bbox 1003 2632 1140 2719; x_wconf 85' lang='grc' dir='ltr'><em>σύμπαν</em></span> <span class='ocrx_word' id='word_1_198' title='bbox 1166 2633 1206 2703; x_wconf 84' lang='grc' dir='ltr'><em>τὸ</em></span> 
     </span>
     <span class='ocr_line' id='line_1_23' title="bbox 85 2733 1205 2822; baseline 0.002 -20"><span class='ocrx_word' id='word_1_199' title='bbox 85 2743 214 2821; x_wconf 86' lang='grc' dir='ltr'><em>ποίημα</em></span> <span class='ocrx_word' id='word_1_200' title='bbox 231 2741 277 2814; x_wconf 85' lang='grc' dir='ltr'><em>είς</em></span> <span class='ocrx_word' id='word_1_201' title='bbox 292 2741 406 2820; x_wconf 84' lang='grc' dir='ltr'><em>κρίσιν</em></span> <span class='ocrx_word' id='word_1_202' title='bbox 422 2736 461 2801; x_wconf 87' lang='grc' dir='ltr'><em>έν</em></span> <span class='ocrx_word' id='word_1_203' title='bbox 482 2734 583 2802; x_wconf 82' lang='grc' dir='ltr'><em>παντὶ</em></span> <span class='ocrx_word' id='word_1_204' title='bbox 599 2736 858 2822; x_wconf 83' lang='grc' dir='ltr'><em>παρεωραμένφ,</em></span> <span class='ocrx_word' id='word_1_205' title='bbox 883 2733 945 2800; x_wconf 84' lang='grc' dir='ltr'><em>έάν</em></span> <span class='ocrx_word' id='word_1_206' title='bbox 966 2735 1131 2820; x_wconf 74' lang='grc' dir='ltr'><em>*ἀγαθὸν</em></span> <span class='ocrx_word' id='word_1_207' title='bbox 1148 2743 1205 2804; x_wconf 86' lang='grc' dir='ltr'><em>καλ</em></span> 
     </span>
     <span class='ocr_line' id='line_1_24' title="bbox 85 2834 1205 2923; baseline 0.001 -19"><span class='ocrx_word' id='word_1_208' title='bbox 85 2839 149 2904; x_wconf 87' lang='grc' dir='ltr'><em>ε’ἀν</em></span> <span class='ocrx_word' id='word_1_209' title='bbox 174 2839 337 2923; x_wconf 89' lang='grc' dir='ltr'><em>πονηρόν.</em></span> <span class='ocrx_word' id='word_1_210' title='bbox 382 2837 509 2922; x_wconf 84' lang='grc' dir='ltr'><em>ταύτην</em></span> <span class='ocrx_word' id='word_1_211' title='bbox 539 2838 575 2902; x_wconf 79' lang='grc' dir='ltr'><em>(λέ</em></span> <span class='ocrx_word' id='word_1_212' title='bbox 605 2835 669 2921; x_wconf 88' lang='grc' dir='ltr'><em>τήν</em></span> <span class='ocrx_word' id='word_1_213' title='bbox 698 2834 885 2902; x_wconf 81' lang='grc' dir='ltr'><em>ἀνάστασιν</em></span> <span class='ocrx_word' id='word_1_214' title='bbox 916 2841 960 2922; x_wconf 88' lang='grc' dir='ltr'><em>μή</em></span> <span class='ocrx_word' id='word_1_215' title='bbox 991 2839 1205 2916; x_wconf 85' lang='grc' dir='ltr'><em>πιστεύοντες</em></span> 
     </span>
     <span class='ocr_line' id='line_1_25' title="bbox 84 2937 1204 3025; baseline 0.001 -19"><span class='ocrx_word' id='word_1_216' title='bbox 84 2939 273 3006; x_wconf 74' lang='grc' dir='ltr'><em>*Ἰουδαῖοι</em></span> <span class='ocrx_word' id='word_1_217' title='bbox 294 2939 333 3006; x_wconf 87' lang='grc' dir='ltr'>τό</span> <span class='ocrx_word' id='word_1_218' title='bbox 356 2937 500 3006; x_wconf 86' lang='grc' dir='ltr'><em>παλαιὸν</em></span> <span class='ocrx_word' id='word_1_219' title='bbox 524 2944 641 3021; x_wconf 84' lang='grc' dir='ltr'><em>έλεγον</em></span> <span class='ocrx_word' id='word_1_220' title='bbox 661 2937 754 3024; x_wconf 76' lang='grc' dir='ltr'><em>Ξηρά</em></span> <span class='ocrx_word' id='word_1_221' title='bbox 777 2939 895 3022; x_wconf 88' lang='grc' dir='ltr'><em>γέγονε</em></span> <span class='ocrx_word' id='word_1_222' title='bbox 921 2939 962 3004; x_wconf 86' lang='grc' dir='ltr'><em>τά</em></span> <span class='ocrx_word' id='word_1_223' title='bbox 989 2937 1072 3005; x_wconf 83' lang='grc' dir='ltr'><em>ὀστᾶ</em></span> <span class='ocrx_word' id='word_1_224' title='bbox 1097 2937 1204 3025; x_wconf 79' lang='grc' dir='ltr'><em>ήμύν,</em></span> 
     </span>
     <span class='ocr_line' id='line_1_26' title="bbox 84 3033 1256 3128; baseline 0 -20"><span class='ocrx_word' id='word_1_225' title='bbox 84 3042 410 3128; x_wconf 80' lang='grc' dir='ltr'><em>ἀισπεφωνήκαμεν·</em></span> <span class='ocrx_word' id='word_1_226' title='bbox 449 3033 499 3118; x_wconf 87' lang='grc' dir='ltr'><em>οἷς</em></span> <span class='ocrx_word' id='word_1_227' title='bbox 531 3038 549 3106; x_wconf 88' lang='lat'><em>6</em></span> <span class='ocrx_word' id='word_1_228' title='bbox 582 3038 663 3118; x_wconf 80' lang='grc' dir='ltr'><em>θεὸς</em></span> <span class='ocrx_word' id='word_1_229' title='bbox 695 3039 893 3126; x_wconf 71' lang='grc' dir='ltr'><em>ἀποκρνθελς</em></span> <span class='ocrx_word' id='word_1_230' title='bbox 925 3043 988 3126; x_wconf 80' lang='grc' dir='ltr'><em>ἔφη</em></span> <span class='ocrx_word' id='word_1_231' title='bbox 1020 3040 1104 3106; x_wconf 78' lang='grc' dir='ltr'><em>Ἰδού</em></span> <span class='ocrx_word' id='word_1_232' title='bbox 1137 3037 1201 3125; x_wconf 75' lang='grc' dir='ltr'><em>ἐγώ</em></span> <span class='ocrx_word' id='word_1_233' title='bbox 1222 3059 1256 3109; x_wconf 79' lang='grc'><em>25</em></span> 
     </span>
     <span class='ocr_line' id='line_1_27' title="bbox 154 3177 1204 3249; baseline -0.003 -15"><span class='ocrx_word' id='word_1_234' title='bbox 154 3184 308 3246; x_wconf 64' lang='lat' dir='ltr'><strong>nuum,</strong></span> <span class='ocrx_word' id='word_1_235' title='bbox 330 3183 361 3234; x_wconf 83' lang='grc' dir='ltr'><em>ιε</em></span> <span class='ocrx_word' id='word_1_236' title='bbox 380 3181 563 3249; x_wconf 68' lang='lat' dir='ltr'>19Lu021,</span> <span class='ocrx_word' id='word_1_237' title='bbox 585 3181 641 3245; x_wconf 77' lang='grc' dir='ltr'><em>ιοι</em></span> <span class='ocrx_word' id='word_1_238' title='bbox 664 3183 692 3232; x_wconf 93' lang='grc' dir='ltr'><em>ιι</em></span> <span class='ocrx_word' id='word_1_239' title='bbox 712 3181 776 3230; x_wconf 71' lang='lat' dir='ltr'><em>nan</em></span> <span class='ocrx_word' id='word_1_240' title='bbox 795 3181 836 3244; x_wconf 83' lang='lat'><em>12,</em></span> <span class='ocrx_word' id='word_1_241' title='bbox 855 3179 909 3231; x_wconf 76' lang='grc' dir='ltr'><em>ει</em></span> <span class='ocrx_word' id='word_1_242' title='bbox 929 3177 933 3245; x_wconf 82' lang='grc' dir='ltr'>Ι</span> <span class='ocrx_word' id='word_1_243' title='bbox 953 3180 984 3230; x_wconf 85' lang='grc' dir='ltr'><em>ει</em></span> <span class='ocrx_word' id='word_1_244' title='bbox 1004 3181 1071 3230; x_wconf 63' lang='grc' dir='ltr'><em>εισι</em></span> <span class='ocrx_word' id='word_1_245' title='bbox 1090 3178 1204 3247; x_wconf 84' lang='grc' dir='ltr'><em>ιε,ιιΙ</em></span> 
     </span>
     <span class='ocr_line' id='line_1_28' title="bbox 153 3267 524 3332; baseline -0.011 -12"><span class='ocrx_word' id='word_1_246' title='bbox 153 3271 187 3320; x_wconf 98' lang='grc'><em>24</em></span> <span class='ocrx_word' id='word_1_247' title='bbox 206 3269 299 3320; x_wconf 78' lang='lat' dir='ltr'><strong>Ezech</strong></span> <span class='ocrx_word' id='word_1_248' title='bbox 317 3267 359 3332; x_wconf 84' lang='lat'><em>37,</em></span> <span class='ocrx_word' id='word_1_249' title='bbox 380 3268 475 3319; x_wconf 89' lang='grc'><strong>11.12.</strong></span> <span class='ocrx_word' id='word_1_250' title='bbox 492 3267 524 3318; x_wconf 94' lang='grc'><em>14</em></span> 
     </span>
    </p>
   </div>
   <div class='ocr_carea' id='block_1_3' title="bbox 11 3377 1207 4553">
    <p class='ocr_par' dir='ltr' id='par_1_3' title="bbox 11 3377 1207 4553">
     <span class='ocr_line' id='line_1_29' title="bbox 88 3377 1206 3455; baseline -0.002 -17"><span class='ocrx_word' id='word_1_251' title='bbox 88 3385 99 3438; x_wconf 92' lang='grc'><strong>1</strong></span> <span class='ocrx_word' id='word_1_252' title='bbox 119 3385 249 3455; x_wconf 78' lang='grc' dir='ltr'><em>συμπάσι</em></span> <span class='ocrx_word' id='word_1_253' title='bbox 266 3387 308 3438; x_wconf 78' lang='lat' dir='ltr'><em>ita</em></span> <span class='ocrx_word' id='word_1_254' title='bbox 327 3389 449 3439; x_wconf 79' lang='lat' dir='ltr'><strong>iunctum</strong></span> <span class='ocrx_word' id='word_1_255' title='bbox 467 3403 520 3450; x_wconf 73' lang='grc' dir='ltr'><em>οι,</em></span> <span class='ocrx_word' id='word_1_256' title='bbox 545 3383 690 3455; x_wconf 85' lang='grc' dir='ltr'><em>συμπάσιν</em></span> <span class='ocrx_word' id='word_1_257' title='bbox 707 3401 724 3435; x_wconf 81' lang='lat' dir='ltr'>x</span> <span class='ocrx_word' id='word_1_258' title='bbox 744 3385 748 3447; x_wconf 95' lang='grc' dir='ltr'>Ι</span> <span class='ocrx_word' id='word_1_259' title='bbox 768 3383 785 3432; x_wconf 89' lang='grc'><strong>2</strong></span> <span class='ocrx_word' id='word_1_260' title='bbox 803 3383 970 3450; x_wconf 79' lang='grc' dir='ltr'><em>κοιμηθεῖσι</em></span> <span class='ocrx_word' id='word_1_261' title='bbox 988 3383 1054 3449; x_wconf 66' lang='lat' dir='ltr'><em>yut!</em></span> <span class='ocrx_word' id='word_1_262' title='bbox 1074 3383 1091 3436; x_wconf 83' lang='lat'><strong>3</strong></span> <span class='ocrx_word' id='word_1_263' title='bbox 1108 3377 1206 3451; x_wconf 69' lang='grc' dir='ltr'><em>μηθὲν</em></span> 
     </span>
     <span class='ocr_line' id='line_1_30' title="bbox 11 3457 1206 3539; baseline -0.003 -14"><span class='ocrx_word' id='word_1_264' title='bbox 11 3483 15 3496; x_wconf 89' lang='grc'><strong>’</strong></span> <span class='ocrx_word' id='word_1_265' title='bbox 85 3481 132 3539; x_wconf 81' lang='lat' dir='ltr'><em>yzt</em></span> <span class='ocrx_word' id='word_1_266' title='bbox 152 3479 157 3532; x_wconf 88' lang='grc' dir='ltr'>Ι</span> <span class='ocrx_word' id='word_1_267' title='bbox 176 3473 194 3525; x_wconf 83' lang='grc'><strong>3</strong></span> <span class='ocrx_word' id='word_1_268' title='bbox 212 3465 339 3532; x_wconf 77' lang='grc' dir='ltr'><em>έλλειπες</em></span> <span class='ocrx_word' id='word_1_269' title='bbox 356 3477 386 3522; x_wconf 75' lang='grc' dir='ltr'><em>ιλ</em></span> <span class='ocrx_word' id='word_1_270' title='bbox 405 3465 466 3538; x_wconf 70' lang='grc' dir='ltr'><em>[τὶς</em></span> <span class='ocrx_word' id='word_1_271' title='bbox 484 3469 505 3537; x_wconf 82' lang='lat' dir='ltr'><em>t]</em></span> <span class='ocrx_word' id='word_1_272' title='bbox 527 3472 531 3536; x_wconf 97' lang='grc' dir='ltr'>Ι</span> <span class='ocrx_word' id='word_1_273' title='bbox 551 3471 567 3522; x_wconf 85' lang='lat'><strong>3</strong></span> <span class='ocrx_word' id='word_1_274' title='bbox 586 3466 699 3537; x_wconf 80' lang='grc' dir='ltr'><em>ἔχοντες</em></span> <span class='ocrx_word' id='word_1_275' title='bbox 717 3487 740 3518; x_wconf 89' lang='lat' dir='ltr'>w</span> <span class='ocrx_word' id='word_1_276' title='bbox 761 3469 766 3533; x_wconf 92' lang='grc' dir='ltr'>Ι</span> <span class='ocrx_word' id='word_1_277' title='bbox 786 3468 802 3519; x_wconf 87' lang='grc'><strong>3</strong></span> <span class='ocrx_word' id='word_1_278' title='bbox 820 3457 839 3535; x_wconf 83' lang='grc' dir='ltr'><em>ή</em></span> <span class='ocrx_word' id='word_1_279' title='bbox 855 3461 910 3534; x_wconf 86' lang='grc' dir='ltr'><em>τήν</em></span> <span class='ocrx_word' id='word_1_280' title='bbox 927 3461 1048 3534; x_wconf 78' lang='grc' dir='ltr'><em>φθοράν</em></span> <span class='ocrx_word' id='word_1_281' title='bbox 1065 3475 1128 3533; x_wconf 75' lang='lat' dir='ltr'><em>th,</em></span> <span class='ocrx_word' id='word_1_282' title='bbox 1147 3461 1206 3522; x_wconf 80' lang='grc' dir='ltr'><em>ἀπὸ</em></span> 
     </span>
     <span class='ocr_line' id='line_1_31' title="bbox 86 3544 1203 3626; baseline -0.004 -16"><span class='ocrx_word' id='word_1_283' title='bbox 86 3559 136 3626; x_wconf 76' lang='grc' dir='ltr'><em>τῆς</em></span> <span class='ocrx_word' id='word_1_284' title='bbox 155 3557 275 3625; x_wconf 74' lang='grc' dir='ltr'><em>φθοράς</em></span> <span class='ocrx_word' id='word_1_285' title='bbox 292 3575 326 3623; x_wconf 77' lang='grc' dir='ltr'><em>γε</em></span> <span class='ocrx_word' id='word_1_286' title='bbox 341 3557 346 3621; x_wconf 96' lang='grc' dir='ltr'>Ι</span> <span class='ocrx_word' id='word_1_287' title='bbox 361 3559 386 3606; x_wconf 89' lang='grc'><em>4.</em></span> <span class='ocrx_word' id='word_1_288' title='bbox 400 3557 416 3606; x_wconf 85' lang='grc'>5</span> <span class='ocrx_word' id='word_1_289' title='bbox 433 3553 700 3624; x_wconf 81' lang='grc' dir='ltr'><em>τετελεντήσαμενι</em></span> <span class='ocrx_word' id='word_1_290' title='bbox 716 3555 720 3616; x_wconf 94' lang='grc' dir='ltr'>Ι</span> <span class='ocrx_word' id='word_1_291' title='bbox 735 3553 752 3604; x_wconf 86' lang='grc'>6</span> <span class='ocrx_word' id='word_1_292' title='bbox 771 3544 874 3605; x_wconf 74' lang='grc' dir='ltr'><em>ἑαυτοῦ</em></span> <span class='ocrx_word' id='word_1_293' title='bbox 892 3561 939 3620; x_wconf 77' lang='grc' dir='ltr'><em>γτι</em></span> <span class='ocrx_word' id='word_1_294' title='bbox 953 3552 958 3621; x_wconf 92' lang='grc' dir='ltr'>Ι</span> <span class='ocrx_word' id='word_1_295' title='bbox 973 3555 988 3603; x_wconf 83' lang='grc'><strong>7</strong></span> <span class='ocrx_word' id='word_1_296' title='bbox 1007 3551 1076 3619; x_wconf 76' lang='grc' dir='ltr'><em>θρίξ</em></span> <span class='ocrx_word' id='word_1_297' title='bbox 1095 3549 1127 3606; x_wconf 70' lang='grc' dir='ltr'><em>δέ</em></span> <span class='ocrx_word' id='word_1_298' title='bbox 1140 3561 1203 3621; x_wconf 77' lang='lat' dir='ltr'><em>th,</em></span> 
     </span>
     <span class='ocr_line' id='line_1_32' title="bbox 85 3630 1204 3709; baseline -0.004 -13"><span class='ocrx_word' id='word_1_299' title='bbox 85 3641 135 3696; x_wconf 80' lang='grc' dir='ltr'><em>ταὶ</em></span> <span class='ocrx_word' id='word_1_300' title='bbox 153 3641 224 3708; x_wconf 73' lang='grc' dir='ltr'><em>θρὶξ</em></span> <span class='ocrx_word' id='word_1_301' title='bbox 242 3657 276 3709; x_wconf 77' lang='lat' dir='ltr'><em>yz</em></span> <span class='ocrx_word' id='word_1_302' title='bbox 296 3639 301 3708; x_wconf 91' lang='grc' dir='ltr'>Ι</span> <span class='ocrx_word' id='word_1_303' title='bbox 324 3639 341 3690; x_wconf 80' lang='grc'>8</span> <span class='ocrx_word' id='word_1_304' title='bbox 359 3639 449 3709; x_wconf 86' lang='grc' dir='ltr'><em>φησίν</em></span> <span class='ocrx_word' id='word_1_305' title='bbox 465 3640 500 3705; x_wconf 95' lang='grc'>&gt;</span> <span class='ocrx_word' id='word_1_306' title='bbox 516 3658 550 3706; x_wconf 76' lang='grc' dir='ltr'><em>γτ</em></span> <span class='ocrx_word' id='word_1_307' title='bbox 571 3643 575 3705; x_wconf 92' lang='grc' dir='ltr'>Ι</span> <span class='ocrx_word' id='word_1_308' title='bbox 599 3639 617 3690; x_wconf 82' lang='lat'>8</span> <span class='ocrx_word' id='word_1_309' title='bbox 634 3632 781 3702; x_wconf 80' lang='grc' dir='ltr'><em>ἀπάληται</em></span> <span class='ocrx_word' id='word_1_310' title='bbox 800 3655 824 3688; x_wconf 81' lang='lat' dir='ltr'><strong>w</strong></span> <span class='ocrx_word' id='word_1_311' title='bbox 844 3639 849 3705; x_wconf 91' lang='grc' dir='ltr'>Ι</span> <span class='ocrx_word' id='word_1_312' title='bbox 867 3637 884 3688; x_wconf 86' lang='grc'>9</span> <span class='ocrx_word' id='word_1_313' title='bbox 903 3630 982 3704; x_wconf 82' lang='grc' dir='ltr'><em>ύμύν</em></span> <span class='ocrx_word' id='word_1_314' title='bbox 997 3640 1113 3691; x_wconf 80' lang='lat' dir='ltr'>alterum</span> <span class='ocrx_word' id='word_1_315' title='bbox 1131 3647 1204 3705; x_wconf 79' lang='lat' dir='ltr'><strong>xyzt,</strong></span> 
     </span>
     <span class='ocr_line' id='line_1_33' title="bbox 87 3716 1207 3796; baseline -0.003 -17"><span class='ocrx_word' id='word_1_316' title='bbox 87 3721 168 3796; x_wconf 72' lang='grc' dir='ltr'><em>ἡμῶν</em></span> <span class='ocrx_word' id='word_1_317' title='bbox 186 3745 210 3778; x_wconf 83' lang='lat' dir='ltr'>w</span> <span class='ocrx_word' id='word_1_318' title='bbox 231 3727 235 3794; x_wconf 92' lang='grc' dir='ltr'>Ι</span> <span class='ocrx_word' id='word_1_319' title='bbox 259 3727 289 3778; x_wconf 90' lang='grc'><em>10</em></span> <span class='ocrx_word' id='word_1_320' title='bbox 307 3719 340 3777; x_wconf 63' lang='grc' dir='ltr'><em>δὲ</em></span> <span class='ocrx_word' id='word_1_321' title='bbox 358 3733 425 3790; x_wconf 66' lang='lat' dir='ltr'><em>mut,</em></span> <span class='ocrx_word' id='word_1_322' title='bbox 451 3719 505 3793; x_wconf 76' lang='grc' dir='ltr'><em>γάρ</em></span> <span class='ocrx_word' id='word_1_323' title='bbox 523 3723 577 3793; x_wconf 74' lang='grc' dir='ltr'><em>γτΙ</em></span> <span class='ocrx_word' id='word_1_324' title='bbox 598 3727 631 3776; x_wconf 88' lang='grc'><em>14</em></span> <span class='ocrx_word' id='word_1_325' title='bbox 649 3719 793 3783; x_wconf 82' lang='grc' dir='ltr'><em>συνιέντες</em></span> <span class='ocrx_word' id='word_1_326' title='bbox 810 3730 857 3790; x_wconf 80' lang='lat' dir='ltr'><em>yzt</em></span> <span class='ocrx_word' id='word_1_327' title='bbox 876 3721 881 3790; x_wconf 91' lang='grc' dir='ltr'>Ι</span> <span class='ocrx_word' id='word_1_328' title='bbox 903 3724 988 3775; x_wconf 79' lang='grc'><strong>1415</strong></span> <span class='ocrx_word' id='word_1_329' title='bbox 1006 3716 1024 3792; x_wconf 85' lang='grc' dir='ltr'><em>ή</em></span> <span class='ocrx_word' id='word_1_330' title='bbox 1043 3717 1207 3791; x_wconf 81' lang='grc' dir='ltr'><em>λαμπρότης</em></span> 
     </span>
     <span class='ocr_line' id='line_1_34' title="bbox 88 3800 1206 3878; baseline -0.004 -14"><span class='ocrx_word' id='word_1_331' title='bbox 88 3813 138 3865; x_wconf 75' lang='grc' dir='ltr'><em>τοτ’</em></span> <span class='ocrx_word' id='word_1_332' title='bbox 156 3808 350 3878; x_wconf 79' lang='grc' dir='ltr'><em>στερεοίματος</em></span> <span class='ocrx_word' id='word_1_333' title='bbox 368 3829 423 3876; x_wconf 85' lang='lat' dir='ltr'><em>wx,</em></span> <span class='ocrx_word' id='word_1_334' title='bbox 447 3805 479 3862; x_wconf 88' lang='grc' dir='ltr'><em>τὸ</em></span> <span class='ocrx_word' id='word_1_335' title='bbox 497 3805 640 3877; x_wconf 83' lang='grc' dir='ltr'><em>στερέωμα</em></span> <span class='ocrx_word' id='word_1_336' title='bbox 657 3815 704 3876; x_wconf 78' lang='grc' dir='ltr'><em>γτι</em></span> <span class='ocrx_word' id='word_1_337' title='bbox 719 3813 723 3869; x_wconf 88' lang='grc' dir='ltr'>Ι</span> <span class='ocrx_word' id='word_1_338' title='bbox 741 3809 772 3859; x_wconf 81' lang='grc'><strong>15</strong></span> <span class='ocrx_word' id='word_1_339' title='bbox 789 3800 827 3866; x_wconf 83' lang='grc' dir='ltr'><em>ἀς</em></span> <span class='ocrx_word' id='word_1_340' title='bbox 845 3809 921 3874; x_wconf 80' lang='lat' dir='ltr'>prius</span> <span class='ocrx_word' id='word_1_341' title='bbox 937 3809 971 3872; x_wconf 96' lang='lat'>&gt;</span> <span class='ocrx_word' id='word_1_342' title='bbox 989 3815 1020 3860; x_wconf 79' lang='grc' dir='ltr'><em>ιιι</em></span> <span class='ocrx_word' id='word_1_343' title='bbox 1039 3810 1043 3873; x_wconf 92' lang='grc' dir='ltr'>Ι</span> <span class='ocrx_word' id='word_1_344' title='bbox 1064 3810 1097 3860; x_wconf 85' lang='grc'><strong>16</strong></span> <span class='ocrx_word' id='word_1_345' title='bbox 1114 3803 1206 3862; x_wconf 85' lang='grc' dir='ltr'><em>πανά-</em></span> 
     </span>
     <span class='ocr_line' id='line_1_35' title="bbox 87 3883 1205 3964; baseline -0.004 -14"><span class='ocrx_word' id='word_1_346' title='bbox 87 3916 147 3964; x_wconf 84' lang='grc' dir='ltr'><em>γιος</em></span> <span class='ocrx_word' id='word_1_347' title='bbox 169 3905 218 3964; x_wconf 65' lang='grc' dir='ltr'><em>γει</em></span> <span class='ocrx_word' id='word_1_348' title='bbox 244 3897 249 3962; x_wconf 95' lang='grc' dir='ltr'>Ι</span> <span class='ocrx_word' id='word_1_349' title='bbox 279 3898 309 3948; x_wconf 83' lang='grc'><strong>17</strong></span> <span class='ocrx_word' id='word_1_350' title='bbox 334 3887 421 3955; x_wconf 84' lang='grc' dir='ltr'><em>αάτός</em></span> <span class='ocrx_word' id='word_1_351' title='bbox 488 3895 519 3946; x_wconf 89' lang='lat'><em>18</em></span> <span class='ocrx_word' id='word_1_352' title='bbox 538 3889 629 3962; x_wconf 82' lang='grc' dir='ltr'><em>ὄνομα</em></span> <span class='ocrx_word' id='word_1_353' title='bbox 646 3895 681 3958; x_wconf 96' lang='grc'>&gt;</span> <span class='ocrx_word' id='word_1_354' title='bbox 698 3895 743 3958; x_wconf 69' lang='lat' dir='ltr'><em>w!</em></span> <span class='ocrx_word' id='word_1_355' title='bbox 763 3895 794 3944; x_wconf 84' lang='grc'><strong>17</strong></span> <span class='ocrx_word' id='word_1_356' title='bbox 813 3883 912 3952; x_wconf 79' lang='grc' dir='ltr'><em>αύτοῖς</em></span> <span class='ocrx_word' id='word_1_357' title='bbox 934 3895 1000 3958; x_wconf 74' lang='grc' dir='ltr'><em>γιιΙ</em></span> <span class='ocrx_word' id='word_1_358' title='bbox 1020 3894 1049 3943; x_wconf 85' lang='grc'><strong>17</strong></span> <span class='ocrx_word' id='word_1_359' title='bbox 1068 3887 1205 3960; x_wconf 82' lang='grc' dir='ltr'><em>ὁμολογή-</em></span> 
     </span>
     <span class='ocr_line' id='line_1_36' title="bbox 87 3973 1206 4048; baseline -0.005 -14"><span class='ocrx_word' id='word_1_360' title='bbox 87 3999 133 4034; x_wconf 83' lang='grc' dir='ltr'><em>σαι</em></span> <span class='ocrx_word' id='word_1_361' title='bbox 151 3984 187 4047; x_wconf 93' lang='grc'>&gt;</span> <span class='ocrx_word' id='word_1_362' title='bbox 203 3987 250 4048; x_wconf 80' lang='lat' dir='ltr'><em>yzt</em></span> <span class='ocrx_word' id='word_1_363' title='bbox 265 3983 270 4046; x_wconf 92' lang='grc' dir='ltr'>Ι</span> <span class='ocrx_word' id='word_1_364' title='bbox 287 3983 328 4033; x_wconf 87' lang='grc'><strong>17.</strong></span> <span class='ocrx_word' id='word_1_365' title='bbox 344 3981 374 4033; x_wconf 86' lang='grc'><strong>18</strong></span> <span class='ocrx_word' id='word_1_366' title='bbox 397 3975 574 4046; x_wconf 75' lang='grc' dir='ltr'><em>ἐμαρτύρησε</em></span> <span class='ocrx_word' id='word_1_367' title='bbox 592 3985 639 4044; x_wconf 71' lang='grc' dir='ltr'><em>χιι</em></span> <span class='ocrx_word' id='word_1_368' title='bbox 659 3978 663 4043; x_wconf 92' lang='grc' dir='ltr'>Ι</span> <span class='ocrx_word' id='word_1_369' title='bbox 685 3978 717 4029; x_wconf 86' lang='grc'><strong>18</strong></span> <span class='ocrx_word' id='word_1_370' title='bbox 735 3975 784 4031; x_wconf 79' lang='grc' dir='ltr'><em>παλ</em></span> <span class='ocrx_word' id='word_1_371' title='bbox 801 3977 835 4046; x_wconf 91' lang='grc' dir='ltr'><em>-Ι-</em></span> <span class='ocrx_word' id='word_1_372' title='bbox 852 3995 877 4028; x_wconf 86' lang='lat' dir='ltr'><strong>w</strong></span> <span class='ocrx_word' id='word_1_373' title='bbox 892 3977 897 4046; x_wconf 94' lang='grc' dir='ltr'>Ι</span> <span class='ocrx_word' id='word_1_374' title='bbox 919 3977 950 4028; x_wconf 85' lang='lat'><em>18</em></span> <span class='ocrx_word' id='word_1_375' title='bbox 969 3973 1001 4029; x_wconf 68' lang='grc' dir='ltr'><em>δὲ</em></span> <span class='ocrx_word' id='word_1_376' title='bbox 1019 3978 1053 4041; x_wconf 95' lang='grc'>&gt;</span> <span class='ocrx_word' id='word_1_377' title='bbox 1071 3995 1094 4028; x_wconf 80' lang='lat' dir='ltr'><strong>w</strong></span> <span class='ocrx_word' id='word_1_378' title='bbox 1110 3981 1114 4042; x_wconf 96' lang='grc' dir='ltr'>Ι</span> <span class='ocrx_word' id='word_1_379' title='bbox 1131 3977 1163 4028; x_wconf 82' lang='grc'><em>11]</em></span> <span class='ocrx_word' id='word_1_380' title='bbox 1175 3975 1206 4028; x_wconf 87' lang='grc' dir='ltr'><em>τὸ</em></span> 
     </span>
     <span class='ocr_line' id='line_1_37' title="bbox 88 4052 1205 4134; baseline -0.007 -16"><span class='ocrx_word' id='word_1_381' title='bbox 88 4062 167 4134; x_wconf 75' lang='grc' dir='ltr'><em>ιἐρὸν</em></span> <span class='ocrx_word' id='word_1_382' title='bbox 185 4059 277 4118; x_wconf 81' lang='grc' dir='ltr'><em>αύτού</em></span> <span class='ocrx_word' id='word_1_383' title='bbox 296 4057 387 4132; x_wconf 78' lang='grc' dir='ltr'><em>ὄνομα</em></span> <span class='ocrx_word' id='word_1_384' title='bbox 404 4066 438 4132; x_wconf 87' lang='grc' dir='ltr'><em>-Ι-</em></span> <span class='ocrx_word' id='word_1_385' title='bbox 455 4083 479 4116; x_wconf 77' lang='grc' dir='ltr'><em>τι</em></span> <span class='ocrx_word' id='word_1_386' title='bbox 495 4065 499 4131; x_wconf 93' lang='grc' dir='ltr'>Ι</span> <span class='ocrx_word' id='word_1_387' title='bbox 517 4065 548 4116; x_wconf 82' lang='grc'><em>111</em></span> <span class='ocrx_word' id='word_1_388' title='bbox 565 4063 636 4117; x_wconf 81' lang='grc' dir='ltr'><em>πάσι</em></span> <span class='ocrx_word' id='word_1_389' title='bbox 654 4081 678 4113; x_wconf 82' lang='lat' dir='ltr'><strong>w</strong></span> <span class='ocrx_word' id='word_1_390' title='bbox 693 4061 698 4131; x_wconf 88' lang='grc' dir='ltr'>Ι</span> <span class='ocrx_word' id='word_1_391' title='bbox 715 4063 747 4114; x_wconf 85' lang='grc'><strong>19</strong></span> <span class='ocrx_word' id='word_1_392' title='bbox 763 4067 824 4122; x_wconf 84' lang='grc' dir='ltr'><em>τοῖς</em></span> <span class='ocrx_word' id='word_1_393' title='bbox 841 4062 875 4128; x_wconf 85' lang='grc' dir='ltr'><em>-Ι-</em></span> <span class='ocrx_word' id='word_1_394' title='bbox 891 4079 915 4112; x_wconf 82' lang='lat' dir='ltr'><strong>w</strong></span> <span class='ocrx_word' id='word_1_395' title='bbox 932 4062 984 4124; x_wconf 84' lang='grc'><em>120</em></span> <span class='ocrx_word' id='word_1_396' title='bbox 1002 4052 1147 4128; x_wconf 84' lang='grc' dir='ltr'><em>εύσεβέσιν</em></span> <span class='ocrx_word' id='word_1_397' title='bbox 1164 4079 1181 4110; x_wconf 81' lang='lat' dir='ltr'>x</span> <span class='ocrx_word' id='word_1_398' title='bbox 1201 4057 1205 4128; x_wconf 92' lang='grc' dir='ltr'>Ι</span> 
     </span>
     <span class='ocr_line' id='line_1_38' title="bbox 86 4139 1205 4218; baseline -0.008 -15"><span class='ocrx_word' id='word_1_399' title='bbox 86 4155 120 4204; x_wconf 85' lang='grc'><em>20</em></span> <span class='ocrx_word' id='word_1_400' title='bbox 136 4169 167 4204; x_wconf 86' lang='grc' dir='ltr'><em>τε</em></span> <span class='ocrx_word' id='word_1_401' title='bbox 185 4152 219 4218; x_wconf 72' lang='grc' dir='ltr'><em>Ι-</em></span> <span class='ocrx_word' id='word_1_402' title='bbox 237 4168 261 4201; x_wconf 85' lang='lat' dir='ltr'>w</span> <span class='ocrx_word' id='word_1_403' title='bbox 282 4149 287 4216; x_wconf 92' lang='grc' dir='ltr'>Ι</span> <span class='ocrx_word' id='word_1_404' title='bbox 305 4150 340 4202; x_wconf 87' lang='grc'><em>20</em></span> <span class='ocrx_word' id='word_1_405' title='bbox 359 4149 408 4202; x_wconf 84' lang='grc' dir='ltr'><em>ίνα</em></span> <span class='ocrx_word' id='word_1_406' title='bbox 427 4157 464 4201; x_wconf 79' lang='lat' dir='ltr'><em>wt</em></span> <span class='ocrx_word' id='word_1_407' title='bbox 482 4148 487 4218; x_wconf 89' lang='grc' dir='ltr'>Ι</span> <span class='ocrx_word' id='word_1_408' title='bbox 506 4151 538 4202; x_wconf 88' lang='grc'><em>21</em></span> <span class='ocrx_word' id='word_1_409' title='bbox 558 4143 592 4201; x_wconf 87' lang='grc' dir='ltr'><em>τά</em></span> <span class='ocrx_word' id='word_1_410' title='bbox 611 4155 678 4208; x_wconf 72' lang='grc' dir='ltr'><em>νει,</em></span> <span class='ocrx_word' id='word_1_411' title='bbox 701 4142 733 4199; x_wconf 79' lang='grc' dir='ltr'><em>τὸ</em></span> <span class='ocrx_word' id='word_1_412' title='bbox 751 4165 784 4215; x_wconf 82' lang='grc' dir='ltr'><em>γτ</em></span> <span class='ocrx_word' id='word_1_413' title='bbox 805 4147 808 4214; x_wconf 91' lang='grc'>1</span> <span class='ocrx_word' id='word_1_414' title='bbox 828 4149 859 4199; x_wconf 89' lang='grc'><em>21</em></span> <span class='ocrx_word' id='word_1_415' title='bbox 879 4147 944 4214; x_wconf 89' lang='grc' dir='ltr'><em>τίση</em></span> <span class='ocrx_word' id='word_1_416' title='bbox 962 4155 1029 4208; x_wconf 78' lang='lat' dir='ltr'><em>th,</em></span> <span class='ocrx_word' id='word_1_417' title='bbox 1050 4139 1123 4211; x_wconf 83' lang='grc' dir='ltr'><em>λάβη</em></span> <span class='ocrx_word' id='word_1_418' title='bbox 1140 4161 1174 4210; x_wconf 83' lang='lat' dir='ltr'><em>yz</em></span> <span class='ocrx_word' id='word_1_419' title='bbox 1201 4147 1205 4208; x_wconf 97' lang='grc' dir='ltr'>Ι</span> 
     </span>
     <span class='ocr_line' id='line_1_39' title="bbox 85 4222 1207 4302; baseline -0.008 -13"><span class='ocrx_word' id='word_1_420' title='bbox 85 4237 116 4288; x_wconf 84' lang='grc'><em>21</em></span> <span class='ocrx_word' id='word_1_421' title='bbox 139 4232 195 4301; x_wconf 75' lang='grc' dir='ltr'><em>ἔξει</em></span> <span class='ocrx_word' id='word_1_422' title='bbox 214 4239 276 4287; x_wconf 75' lang='grc' dir='ltr'><em>Υλτ</em></span> <span class='ocrx_word' id='word_1_423' title='bbox 297 4237 301 4301; x_wconf 91' lang='grc' dir='ltr'>Ι</span> <span class='ocrx_word' id='word_1_424' title='bbox 321 4237 354 4286; x_wconf 89' lang='grc'><em>22</em></span> <span class='ocrx_word' id='word_1_425' title='bbox 371 4236 492 4302; x_wconf 74' lang='grc' dir='ltr'><em>τε-Ι-γτ</em></span> <span class='ocrx_word' id='word_1_426' title='bbox 512 4237 517 4300; x_wconf 93' lang='grc' dir='ltr'>Ι</span> <span class='ocrx_word' id='word_1_427' title='bbox 536 4239 579 4285; x_wconf 89' lang='grc'><em>22.</em></span> <span class='ocrx_word' id='word_1_428' title='bbox 592 4234 626 4285; x_wconf 87' lang='grc'><em>23</em></span> <span class='ocrx_word' id='word_1_429' title='bbox 643 4231 692 4285; x_wconf 80' lang='grc' dir='ltr'><em>παλ</em></span> <span class='ocrx_word' id='word_1_430' title='bbox 712 4226 764 4284; x_wconf 75' lang='grc' dir='ltr'><em>ἐὰν</em></span> <span class='ocrx_word' id='word_1_431' title='bbox 781 4241 823 4296; x_wconf 79' lang='lat' dir='ltr'><em>xt,</em></span> <span class='ocrx_word' id='word_1_432' title='bbox 850 4225 903 4284; x_wconf 83' lang='grc' dir='ltr'><em>έάν</em></span> <span class='ocrx_word' id='word_1_433' title='bbox 919 4249 950 4283; x_wconf 89' lang='grc' dir='ltr'><em>τε</em></span> <span class='ocrx_word' id='word_1_434' title='bbox 967 4249 1016 4298; x_wconf 80' lang='lat' dir='ltr'><em>yz,</em></span> <span class='ocrx_word' id='word_1_435' title='bbox 1033 4222 1087 4281; x_wconf 78' lang='grc' dir='ltr'><em>ἒάν</em></span> <span class='ocrx_word' id='word_1_436' title='bbox 1103 4245 1127 4277; x_wconf 82' lang='lat' dir='ltr'><strong>w</strong></span> <span class='ocrx_word' id='word_1_437' title='bbox 1148 4227 1153 4295; x_wconf 92' lang='grc' dir='ltr'>Ι</span> <span class='ocrx_word' id='word_1_438' title='bbox 1173 4228 1207 4280; x_wconf 86' lang='grc'><em>23</em></span> 
     </span>
     <span class='ocr_line' id='line_1_40' title="bbox 85 4309 1205 4390; baseline -0.01 -17"><span class='ocrx_word' id='word_1_439' title='bbox 85 4319 177 4389; x_wconf 85' lang='grc' dir='ltr'><em>ταύτη</em></span> <span class='ocrx_word' id='word_1_440' title='bbox 194 4322 231 4390; x_wconf 82' lang='grc' dir='ltr'><em>τῆ</em></span> <span class='ocrx_word' id='word_1_441' title='bbox 247 4312 404 4373; x_wconf 82' lang='grc' dir='ltr'><em>ἀναστάσει</em></span> <span class='ocrx_word' id='word_1_442' title='bbox 422 4337 455 4386; x_wconf 75' lang='grc' dir='ltr'><em>γι</em></span> <span class='ocrx_word' id='word_1_443' title='bbox 477 4323 481 4385; x_wconf 98' lang='grc' dir='ltr'>Ι</span> <span class='ocrx_word' id='word_1_444' title='bbox 507 4320 540 4371; x_wconf 79' lang='grc'><em>23</em></span> <span class='ocrx_word' id='word_1_445' title='bbox 558 4314 591 4373; x_wconf 67' lang='grc' dir='ltr'><em>δὲ</em></span> <span class='ocrx_word' id='word_1_446' title='bbox 608 4319 642 4382; x_wconf 95' lang='grc'>&gt;</span> <span class='ocrx_word' id='word_1_447' title='bbox 660 4335 718 4384; x_wconf 80' lang='lat' dir='ltr'><em>wyz</em></span> <span class='ocrx_word' id='word_1_448' title='bbox 739 4316 742 4383; x_wconf 94' lang='grc' dir='ltr'>Ι</span> <span class='ocrx_word' id='word_1_449' title='bbox 762 4320 796 4368; x_wconf 87' lang='grc'><em>24</em></span> <span class='ocrx_word' id='word_1_450' title='bbox 815 4311 845 4368; x_wconf 85' lang='grc' dir='ltr'><em>οί</em></span> <span class='ocrx_word' id='word_1_451' title='bbox 860 4317 894 4383; x_wconf 92' lang='grc' dir='ltr'><em>-Ι-</em></span> <span class='ocrx_word' id='word_1_452' title='bbox 911 4333 935 4366; x_wconf 83' lang='lat' dir='ltr'><strong>w</strong></span> <span class='ocrx_word' id='word_1_453' title='bbox 955 4315 958 4382; x_wconf 92' lang='grc' dir='ltr'>Ι</span> <span class='ocrx_word' id='word_1_454' title='bbox 978 4318 1012 4366; x_wconf 92' lang='grc'><em>24</em></span> <span class='ocrx_word' id='word_1_455' title='bbox 1030 4309 1147 4380; x_wconf 84' lang='grc' dir='ltr'><em>γέγονεν</em></span> <span class='ocrx_word' id='word_1_456' title='bbox 1164 4329 1181 4362; x_wconf 83' lang='lat' dir='ltr'>x</span> <span class='ocrx_word' id='word_1_457' title='bbox 1201 4311 1205 4380; x_wconf 95' lang='grc' dir='ltr'>Ι</span> 
     </span>
     <span class='ocr_line' id='line_1_41' title="bbox 85 4401 451 4476; baseline -0.011 -16"><span class='ocrx_word' id='word_1_458' title='bbox 85 4409 119 4460; x_wconf 82' lang='grc'><em>25</em></span> <span class='ocrx_word' id='word_1_459' title='bbox 137 4401 402 4476; x_wconf 77' lang='grc' dir='ltr'><em>διαπεφοτήπαμεν</em></span> <span class='ocrx_word' id='word_1_460' title='bbox 418 4423 451 4472; x_wconf 83' lang='lat' dir='ltr'><em>yz</em></span> 
     </span>
     <span class='ocr_line' id='line_1_42' title="bbox 959 4483 1004 4553; baseline 0 -32"><span class='ocrx_word' id='word_1_461' title='bbox 959 4483 1004 4553; x_wconf 75' lang='lat'><em>9*</em></span> 
     </span>
    </p>
   </div>
   <div class='ocr_carea' id='block_1_4' title="bbox 0 0 1507 4972">
    <p class='ocr_par' dir='ltr' id='par_1_4' title="bbox 0 0 1507 4972">
     <span class='ocr_line' id='line_1_43' title="bbox 0 0 1507 4972; baseline 0 0"><span class='ocrx_word' id='word_1_462' title='bbox 0 0 1507 4972; x_wconf 95' lang='lat' dir='ltr'><em> </em></span> 
     </span>
    </p>
   </div>
  </div>
 </body>
</html>
