2998 4972
295 393 356 458 192
1276 382 1409 445 ‘²⁷4⁸

294 553 351 621 καὶ
371 557 464 640 θήλυ
490 551 648 638 έποίησεν
671 547 794 628 αῦτοῦς
814 547 871 618 καί
889 547 1073 635 εὐλόγησεν
1093 547 1217 629 αὐτοῦς
1238 552 1296 618 καὶ
1318 547 1410 618 εἶπεν

293 653 493 733 Αῦξάνεσθε
520 654 576 720 καί
606 652 825 739 κληθῦυεσθε
854 652 910 718 καί
938 652 1137 737 πληρώσατε
1168 651 1231 738 τήν
1261 657 1339 738 γῆν.
1383 657 1413 722 εί

294 761 412 824 τοίνυν
432 759 519 822 θεοῦ
544 754 705 841 βουλήσει
734 751 931 841 παραλλαγή
959 754 1138 838 σχημάτων
1164 755 1306 838 γέγονεν
1329 756 1410 840 πρὸς

293 859 427 941 γένεσιν
449 855 613 941 πλήθους,
636 855 702 942 ἀρα
725 854 809 922 κατὰ
830 853 892 939 τήν
915 851 1021 921 αὐτοῦ
1040 853 1180 939 γνοόμην
1203 852 1301 941 καλή
1326 875 1409 924 συν-

259 962 424 1034 5ἐλευσις
445 960 506 1022 τοῦ
527 955 670 1042 ἄρρενος
688 956 772 1042 πρὸς
792 955 830 1022 τὸ
848 960 957 1040 θῆλυ,
983 958 989 1042 Ι
1013 953 1125 1022 οὐκέτι
1139 957 1178 1022 δὲ
1200 955 1296 1043 καὶή
1319 959 1410 1042 παρὰ
1419 967 1454 1030 20

294 1059 401 1144 φῦσιν
426 1054 594 1143 βδελυκτή
629 1060 717 1142 μίξις
747 1053 771 1141 ή
803 1053 823 1144 ή
858 1057 1053 1142 παράνομος
1086 1060 1223 1144 πρᾶξις,
1262 1058 1411 1144 ἐχθρὰ*

292 1163 379 1226 θεοῦ
403 1154 612 1246 ῦπάρχουσα.
658 1158 714 1224 καί
732 1157 797 1243 γὰρ
817 1165 836 1203 *
854 1158 944 1244 παρά
964 1158 1069 1243 φύσιν
1092 1159 1184 1225 έοτὶν
1203 1157 1225 1244 ή
1244 1161 1412 1246 Σοδόμων

293 1258 448 1344 ἀσέλγεια
470 1259 527 1326 καί
545 1257 567 1345 ή
588 1259 671 1346 πρὸς
693 1259 815 1343 ἄλογα,
838 1259 1035 1344 παράνομον
1050 1262 1088 1326 δὲ
1107 1265 1237 1345 μοιχεία
1251 1261 1309 1328 καί
1326 1284 1412 1348 πορ-

293 1366 382 1428 νεία·
413 1351 462 1427 ἀν
487 1360 527 1428 τά
553 1362 617 1444 μὲν
641 1359 851 1446 ἀσεβήματα,
880 1359 920 1426 τά
945 1362 982 1426 δὲ
1007 1360 1121 1428 ἀδικίαι
1148 1362 1205 1428 καὶ
1234 1361 1273 1429 τὸ
1292 1368 1413 1430 τελευ-

245 1479 277 1532 Ιο
294 1475 390 1529 ταίον
407 1459 601 1550 ἀμάρτημα,
622 1459 802 1548 οὐδέτερον
819 1463 857 1528 δὲ
876 1459 989 1528 αὐτῶν
1010 1461 1222 1548 ἀτιμώρητον
1241 1462 1329 1530 κατά
1349 1464 1412 1549 τήν

294 1566 424 1630 οίκείαν
445 1563 612 1630 διάθεσιν.
657 1563 692 1628 οἵ
717 1585 752 1628 τε
774 1562 840 1651 γὰρ
862 1567 989 1650 προῖτοι
1017 1564 1175 1631 διάλυσιν
1197 1565 1327 1650 κόσμου
1346 1590 1412 1650 μη-

293 1667 473 1751 χανῦνται,
497 1663 537 1730 τῦ
561 1662 645 1730 κατά
659 1664 765 1749 φῦσιν
786 1661 877 1747 παρά
893 1664 999 1749 φύσιν
1014 1665 1259 1751 ἐπιχειροῦντες
1281 1678 1409 1732 ποιεῖν·

294 1767 330 1832 οί
347 1769 385 1834 δὲ
411 1766 564 1852 δεύτεροι
588 1768 624 1830 οἱ
645 1766 709 1850 μὲν
729 1763 908 1832 ἀδικοῦσιν
934 1765 1134 1850 ἀλλοτρίους
1158 1769 1287 1852 γάμους
1308 1771 1411 1851 φθεί-

294 1891 410 1955 ροντες
431 1867 488 1934 καὶ
514 1865 551 1933 τδ
579 1863 646 1932 ὑπὸ
671 1868 758 1933 θεοῦ
781 1867 966 1952 γενόμενον
992 1869 1030 1934 ἓν
1054 1869 1245 1955 διαιροῦσιν
1272 1870 1321 1945 είς
1347 1869 1412 1934 δύο

244 1987 276 2038 15
293 1969 371 2044 τούς
389 1992 425 2034 τε
441 1970 561 2045 παῖδας
575 1965 745 2044 ὑπόπτους
759 1977 777 2016 *
792 1966 928 2034 καὶτὸν
946 1967 1095 2053 φυσικὸν
1108 1969 1217 2054 ἀνδρα
1233 1967 1411 2054 εῦεπιβοῦ-

294 2073 432 2152 λευτον,
461 2067 484 2154 ή
504 2093 540 2134 τε
562 2073 703 2154 πορνεία
728 2067 844 2156 φθορὰ
864 2071 923 2155 τῆς
942 2071 1066 2147 οἰκείας
1087 2069 1158 2137 ἐστὶ
1182 2069 1324 2156 σαρκός,
1348 2068 1410 2136 οῦκ

294 2169 351 2237 έπί
378 2171 574 2258 παιδοποιίᾳ
601 2170 777 2256 γινομένη,
808 2164 883 2237 ἀλλ’
906 2166 1014 2257 ήδουῇ
1042 2173 1237 2257 χαριζομένη
1265 2170 1305 2238 τὸ
1331 2173 1409 2254 πᾶν,

292 2269 376 2356 ὅπερ
407 2271 499 2338 ἐστίν
521 2269 685 2356 ἀκρασίας
708 2271 896 2357 σύμβολον,
927 2269 1090 2338 ἀλλὀὐκ
1117 2271 1236 2356 ἀρετῆς
1258 2285 1408 2360 σημεῖον.

293 2371 520 2459 ἀπηγόρευται
548 2374 585 2438 δὲ
613 2385 682 2450 τοῖς
706 2373 820 2458 νόμοις
847 2372 980 2440 ἅπαντα
1006 2377 1120 2440 ταῦτα.
1166 2374 1249 2458 φησί
1276 2372 1343 2460 γάρ
1370 2374 1409 2440 τά

242 2489 276 2542 20
293 2473 390 2558 λόγια
421 2474 526 2551 οὕτως
554 2472 606 2540 Οῦ
641 2473 832 2561 κοιμηθήση
859 2473 943 2559 μετὰ
971 2472 1114 2560 ἀρρενος
1142 2478 1258 2560 κοίτην
1288 2501 1408 2560 γυναι-

293 2578 405 2658 κείαν,
438 2575 681 2661 έπικυτάρυτος
701 2575 766 2662 γάρ
789 2573 808 2641 ὁ
828 2580 978 2654 τοιοῦτος
1004 2576 1062 2643 καί
1089 2580 1198 2653 λίθοις
1225 2577 1407 2662 λιθοβολή-

293 2693 367 2742 σετε
396 2672 534 2760 αὐτούς,
570 2676 620 2743 ὄτι
646 2679 819 2762 βδέλυγμα
849 2677 1012 2762 ἐποίησαν
1039 2678 1057 2717 *
1093 2676 1132 2743 έν
1162 2677 1209 2766 τῷ
1234 2678 1322 2766 λαῷ·
1353 2677 1406 2742 καί

294 2777 355 2844 έάν
387 2801 436 2855 τις
470 2790 616 2862 γυναῖκα
648 2777 824 2861 ῦπανδρον
852 2778 974 2864 μιάνη,
1008 2777 1227 2846 ἀποκτείνατε
1262 2777 1405 2864 ἀμφοτέ-

293 2902 392 2962 ρους,
422 2876 567 2963 ἀνομίαν
593 2885 609 2919 *
639 2879 817 2965 ἐποίησαν,
846 2883 960 2963 ἔνοχοί
984 2883 1086 2964 εἰσιν,
1124 2878 1403 2947 ἀποθανέτιισαν·

241 2996 275 3048 25
293 2980 349 3048 καί
376 2980 449 3066 έξής
481 2978 554 3047 Οῦκ
586 2984 657 3047 ἔστι
688 2978 866 3067 πορνεύων
902 2980 941 3047 έν
975 2982 1062 3059 υίοίς
1091 2978 1222 3066 Ἰσραήλ
1253 2981 1311 3047 καί
1345 2979 1404 3046 οῦκ

359 3155 375 3204 2
394 3153 454 3206 Gen
473 3154 496 3218 l,
514 3153 547 3204 28
562 3153 567 3222 Ι
582 3153 616 3205 20
632 3155 716 3206 Lavit
734 3153 774 3216 18,
794 3153 827 3204 22
843 3152 878 3219 †
896 3152 941 3216 20,
964 3153 995 3205 13
1014 3161 1019 3220 1
1038 3154 1071 3204 22
1089 3155 1149 3205 Lev
1166 3153 1213 3216 20,
1234 3152 1267 3204 10
1283 3151 1317 3217 ·Ι-
1332 3154 1403 3203 Deut

357 3237 401 3304 22,
418 3237 519 3304 22125
536 3240 611 3291 Dent
627 3239 668 3302 23,
688 3237 729 3289 17.
749 3237 782 3288 18

292 3408 321 3456 iu
337 3407 374 3456 W
390 3407 419 3456 in
436 3423 545 3470 mura,
568 3406 654 3459 habet
672 3423 696 3456 w
719 3422 801 3473 super
823 3422 932 3458 versum
959 3407 964 3470 Ι
990 3406 1128 3472 ρ191,27
1146 3422 1164 3473 η
1183 3423 1266 3474 super
1284 3421 1400 3458 rasuram

291 3491 405 3540 duarum
422 3489 564 3542 literarum
582 3507 715 3558 capacem
732 3488 766 3556 -Ι-
784 3507 807 3540 w
828 3490 832 3554 Ι
855 3491 866 3542 1
886 3484 949 3542 εἷκε
968 3489 1022 3557 W}
1042 3491 1058 3542 3
1077 3487 1175 3557 γέγονε
1192 3490 1291 3558 32210
1308 3485 1402 3556 γέννη-

291 3586 337 3626 σιν
353 3589 372 3638 y
391 3575 396 3638 1
416 3573 432 3624 5
449 3561 552 3639 ἀρινυς
568 3591 593 3623 w
613 3571 617 3641 Ι
638 3575 654 3626 5
672 3567 727 3640 πρὸ
745 3576 780 3626 W
801 3575 805 3638 Ι
825 3575 841 3625 5
859 3564 912 3626 οῦκ
931 3569 989 3626 ἔστι
1007 3592 1032 3625 w
1051 3574 1056 3637 Ι
1076 3575 1093 3625 6
1111 3569 1268 3644 βδελλυκτή
1286 3591 1310 3624 w
1329 3575 1333 3636 Ι
1351 3561 1402 3638 δή

291 3662 364 3721 xyzt,
382 3656 432 3710 καλ
449 3675 474 3707 w
494 3659 498 3721 Ι
517 3658 535 3708 0
552 3653 606 3725 γάρ
625 3659 658 3726 -Ι-
676 3665 688 3712 t
707 3660 711 3723 Ι
729 3660 745 3709 7
765 3650 934 3726 ῦπάρχουσα
951 3659 986 3722 >
1002 3676 1026 3710 τι
1046 3659 1051 3722 Ι
1071 3660 1086 3708 7
1105 3657 1155 3712 καλ
1171 3659 1206 3726 †
1222 3675 1258 3725 yz
1273 3661 1277 3723 Ι
1291 3658 1308 3710 8
1324 3651 1398 3710 ἀσέλ·

291 3755 340 3806 για
358 3759 384 3806 x,
403 3732 530 3808 ἀμαρτία
548 3749 603 3808 yzt,
622 3748 741 3809 margot
760 3735 791 3796 έν
802 3737 877 3794 ἀλλα
889 3734 1022 3808 ἀσέλγεια
1037 3745 1042 3808 Ι
1057 3741 1074 3794 8
1091 3735 1155 3809 ή>
1167 3761 1190 3794 w
1205 3743 1242 3809 18
1261 3736 1335 3810 παρὰ
1354 3733 1395 3794 τό·

290 3840 383 3890 μονγι
398 3827 403 3891 Ι
420 3825 452 3876 10
465 3820 497 3877 δὲ
508 3827 542 3892 >
555 3845 578 3878 w
593 3827 597 3890 Ι
614 3827 646 3878 10
657 3819 828 3893 ἀτιμόριτσν
838 3845 860 3878 ιτ
876 3829 880 3892 Ι
898 3827 928 3878 13
941 3821 1076 3880 ἀδικοῦσι
1088 3831 1122 3880 W
1137 3829 1142 3892 Ι
1159 3828 1190 3878 15
1202 3825 1316 3881 ποιοῦσι
1326 3826 1398 3890 452

293 3909 298 3973 Ι
318 3907 402 3961 1510
420 3902 623 3978 έπιβσῦλευτον
641 3929 655 3962 z
671 3912 675 3977 Ι
693 3911 773 3964 10δὲ
792 3929 815 3962 w
831 3914 835 3978 Ι
853 3912 884 3964 10
896 3903 973 3965 ἐστίν
989 3929 1012 3962 w
1028 3913 1033 3976 Ι
1056 3913 1085 3962 11
1103 3908 1297 3964 παιδοποιίαν
1314 3913 1353 3972 w!
1369 3907 1399 3960 10

291 3999 333 4061 φη
351 4012 385 4059 w,
404 3992 494 4060 φησίν
510 4014 529 4046 x
547 3997 551 4060 Ι
573 3995 604 4045 19
622 3988 676 4061 γάρ
695 4003 758 4061 th,
778 3990 810 4048 δὲ
826 4013 862 4062 γε
877 4000 881 4062 Ι
896 3996 930 4047 20
948 3986 982 4048 ου’
999 4002 1073 4061 xm,
1091 3989 1131 4062 μή
1150 4013 1173 4046 w
1188 3995 1194 4060 Ι
1214 3996 1248 4046 20
1265 3985 1398 4062 κοιμηθη-

290 4092 333 4130 σει
351 4080 376 4129 Χ
395 4080 400 4144 Ι
419 4078 452 4130 20
470 4069 572 4145 ἀρενος
590 4097 622 4140 w,
641 4069 759 4145 ἄρσενος
777 4099 794 4132 x
814 4081 818 4148 Ι
839 4082 880 4132 21.
893 4083 927 4132 22
944 4073 1153 4148 λιθοβολήσατε
1171 4086 1219 4144 με
1238 4081 1242 4144 Ι
1262 4083 1294 4132 22
1311 4071 1350 4130 ὅτι
1364 4077 1399 4140 >

288 4169 337 4227 yzt
352 4164 355 4226 Ι
371 4165 404 4214 22
421 4156 516 4217 πάντα
535 4157 712 4230 κοιμώμενον
733 4159 806 4231 μετά
823 4158 945 4232 κτήνους
962 4157 1151 4218 ἀποκτείνατε
1165 4155 1261 4224 αῦτόν,
1280 4155 1399 4229 ἀνομίαι

295 4239 430 4314 έκυίησεν
450 4248 485 4312 -Ιν
501 4254 548 4312 yzt
562 4250 567 4313 Ι
582 4249 615 4300 24
633 4241 687 4314 γάρ
704 4248 739 4315 -Ιις
757 4267 780 4300 w
795 4251 800 4314 Ι
815 4251 848 4302 25
861 4241 927 4317 έξής
945 4255 1008 4314 ατί,
1026 4243 1090 4316 μετ’
1108 4239 1192 4315 ὀλίγα
1208 4266 1243 4315 yn
1259 4248 1263 4311 Ι
1278 4249 1310 4300 25
1327 4241 1399 4299 ἔστιν

289 4345 315 4392 x,
335 4326 414 4384 ἔσται
429 4336 477 4395 yzt
