3160 4976
83 365 151 456 ’νο

44 564 74 626 Π]
99 559 183 611 Πάλιν
204 558 303 622 ἔθηκαν
317 560 342 612 οί
355 559 499 614 ἀπόστολοι
519 563 625 615 πάντων
645 567 697 615 τῶν
712 561 923 634 ἐκπορευομένων
937 561 965 613 ἐκ
979 561 1074 614 τούτου
1088 565 1134 614 τοῦ
1147 561 1247 629 κόσμου
1267 559 1295 613 ἐν

98 653 230 723 μαρτυρίᾳ
249 651 342 723 ἀγαθῇ
360 658 407 713 τῆς
426 654 538 712 πίστεως
561 652 652 714 Ἰησοῦ
670 655 782 725 χριστοῦ
800 653 844 705 καὶ
864 659 896 723 τῇ
915 649 980 723 ὑπέρ
1000 655 1048 704 τού
1067 650 1194 720 όνόματος
1213 648 1295 703 αύτοῠ

97 740 191 809 θλίψει
204 747 285 794 ποιεῖν
299 747 388 809 μνείαν
402 751 433 815 τῇ
446 743 531 816 ἡμέρᾳ
543 746 590 795 τοῦ
605 743 686 813 γόνου
701 741 798 795 αὐτῶν.

43 809 77 870 Ηέ
98 831 181 882 Πάλιν
201 829 300 892 ἔθηκαν
319 831 344 882 οί
363 831 520 892 ἀπόστολοι,
541 831 603 884 ὅταν
621 831 782 884 ἀνίστωνται
801 831 839 892 είς
852 835 899 893 τὴν
916 831 1081 904 λειτουργίαν
1095 836 1142 892 τῆς
1155 829 1296 890 ἐκκλησίας

97 919 179 990 λέγειν
194 918 291 980 αὐτοὺς
303 921 351 980 τάς
365 920 438 990 ᾠδὰς
451 925 497 974 τοῦ
512 920 599 991 Δαβίδ
611 921 708 992 ίκάστη
722 921 806 992 ἡμέρᾳ
820 921 865 974 διὰ
877 923 921 974 τό·
942 920 1080 990 εύλογὴσω
1099 923 1144 973 τόν
1164 921 1253 992 κύριον
1268 918 1295 971 ἐν
1330 923 1344 962 ⁵

98 1010 174 1062 παντί
190 1013 272 1082 καιρῷ
286 1012 330 1061 καί
343 1007 388 1063 διά
402 991 498 1070 παντὸς
511 1011 539 1063 αέ
553 1011 665 1072 αίνέσεις
678 1009 760 1064 αύτού
775 1009 800 1062 ἐν
813 1013 852 1078 τῷ
866 1011 975 1078 στόματί
986 1011 1056 1079 μου·
1071 1011 1116 1062 καί
1128 1009 1155 1062 ἐν
1165 1011 1239 1063 νυκτὶ
1252 1028 1296 1077 με-

7 1171 8 1174 *
96 1097 201 1159 λετήσω
216 1099 260 1150 καί
274 1099 383 1170 ἐρῶκαὶ
397 1101 529 1162 ἀκουστὴν
544 1103 647 1162 ποιὴσω
662 1102 709 1160 τὴν
724 1103 813 1170 ρωνήν
828 1117 879 1167 μου
893 1099 1004 1153 ἐνώπιόν
1019 1119 1078 1154 σου.

60 1193 77 1232 1
99 1189 182 1242 Πάλιν
201 1188 300 1250 ἔθηκαν
320 1190 345 1242 οέ
362 1190 506 1244 ἀπόστολοι
525 1192 587 1250 τοὺς
603 1190 774 1260 κενουμένους
792 1194 839 1241 τοῦ
853 1196 967 1258 μαμωνᾶ
979 1191 1024 1242 καί
1037 1193 1072 1259 μὴ
1087 1189 1296 1258 μκταδιώκοντας

97 1276 186 1351 κέρδος
199 1277 326 1351 ἀργυρίου
341 1279 496 1349 ἐκλέγεσθαι
509 1282 554 1333 καί
567 1280 810 1354 προσεγγίζεσθαι·
831 1281 894 1351 πρός
907 1281 1071 1354 λιιτουργίαν
1084 1281 1218 1350 ἡγεμόνος.

38 1371 77 1410 m
99 1369 181 1420 Πάλιν
201 1367 301 1430 ἔθηκαν
321 1370 346 1422 οί
365 1369 509 1422 ἀπόστολοι
530 1370 600 1442 ίερέα
620 1369 739 1432 δήσαντα
757 1367 795 1428 ὡς
815 1368 846 1421 ἀν
861 1372 962 1437 τύχοι’
977 1368 1076 1431 ἀδίκως
1088 1373 1216 1441 τιμωρίαν
1230 1369 1296 1422 ἀνα·
1314 1385 1342 1420 ιο

98 1455 229 1526 δέχεσθαι
248 1457 371 1520 ἐνδίκως,
391 1462 435 1512 τόν
455 1458 483 1512 δέ
503 1458 615 1512 δεθέντα
633 1458 817 1528 ἀναδίχεσθαι
836 1461 880 1511 τόν
900 1459 995 1527 δεσμόν
1009 1456 1099 1518 ὡςτόν
1113 1460 1180 1511 κατά
1194 1459 1292 1528 λόγον·

98 1545 216 1600 δεθέντα.

39 1615 78 1696 κβ
98 1638 182 1689 Ιίοίλιν
196 1636 295 1702 ἔθηκαν
311 1637 336 1690 οί
349 1638 493 1692 ἀπόστολοι
511 1640 573 1699 τοὺς
587 1638 720 1698 είωθότας
733 1637 809 1700 δίκην
823 1638 936 1692 ἀκοῦσαι
950 1638 972 1692 εί
987 1640 1107 1709 μαίνοιτο
1120 1637 1160 1690 ἔτι
1174 1638 1294 1710 έπροσω-

98 1727 246 1788 πολήπτουν
268 1716 342 1799 [Δ]
363 1730 407 1782 καί
426 1727 599 1782 κατεδίκασαν
619 1733 662 1782 τόν
682 1729 777 1798 ἀθῷον
796 1731 841 1782 καί
859 1729 997 1798 η’θῲωσαν
1017 1731 1061 1780 τόν
1082 1727 1185 1796 ἔνοχον,
1205 1729 1294 1795 μηκέτι

97 1815 201 1869 ἀκούειν
217 1815 291 1878 δίκην
306 1818 408 1890 ἑτέραν,
427 1819 471 1870 καί
487 1818 636 1886 ἐπιτίμησιν
655 1818 869 1888 ἀναδεχομένους
886 1825 932 1880 τῆς
951 1817 1178 1891 προσωποληψίας
1197 1815 1294 1870 αὐτῶν.
1315 1829 1341 1868 15

41 1913 78 1972 κγ
98 1906 181 1957 ΙΙάλιν
195 1904 294 1968 ἔθηκαν
307 1907 332 1958 οί
342 1907 486 1960 ἀπόστολοι
498 1909 558 1968 τοὺς
570 1906 759 1980 ὑψηλόρρονας
769 1909 814 1960 καί
826 1909 985 1981 ἐπηρμένους
996 1909 1126 1978 ρυσιόεσει
1136 1907 1295 1970 ἀλαζονείας

96 1998 132 2062 μὴ
147 1994 345 2066 προσδέχεσθαι
359 1995 396 2056 είς
408 1998 583 2068 λειτουργίαν,
598 1996 665 2049 διότι
674 1999 704 2049 τό
715 1997 741 2049 ἐν
753 1998 907 2070 ἀνθρώποις
918 1995 1022 2067 ὑψηλόν
1034 1995 1173 2067 βδέλυγμα
1183 1995 1294 2048 ἐνώπιον

96 2087 143 2136 τού
156 2087 223 2136 θεοῦ
237 2085 325 2146 ἐστι’,
339 2084 375 2137 δι’
390 2086 407 2138 ἀ
421 2087 465 2138 καί
478 2086 579 2157 εἴρηται
593 2086 632 2138 ότι
646 2085 844 2140 ἀνταποδίδωσι
857 2093 911 2148 τοίς
924 2085 1143 2158 ύπερηρέινοις“.

39 2157 78 2218 κδ
98 2174 179 2226 Πάλιν
200 2173 300 2235 ἔθηκαν
321 2175 345 2227 οί
364 2175 510 2228 ἀπόστολοι
528 2173 594 2228 είναι
614 2180 763 2248 προστάτας
782 2177 825 2230 ἐπὶ
844 2179 897 2236 τοῖς
918 2176 1104 2248 πρεσβυτέροις
1123 2181 1175 2228 τῶν
1196 2175 1224 2227 ἐν
1235 2180 1295 2234 ταῖς

95 2264 200 2335 χώραις
213 2263 375 2326 ἐκκλησιῶν,
396 2264 438 2317 ίνα
456 2267 568 2337 γνωσθῇ
588 2266 601 2318 ό
616 2264 704 2318 αὐτῶν
719 2269 824 2320 πάντων
839 2271 949 2337 πρῶτος,
964 2264 996 2317 δι’
1010 2260 1041 2318 ού
1055 2265 1131 2317 αὐτοὶ
1145 2268 1238 2324 πάντες
1251 2263 1294 2315 ἐκ·
1313 2277 1341 2314 κο

96 2356 247 2414 ζητοῦνται.
266 2355 310 2405 καί
322 2355 373 2426 γὰρ
389 2355 515 2423 Σαμουὴλ
529 2354 613 2414 οὕτως
624 2355 788 2408 ἐπεσκέπτετο
800 2355 827 2408 έκ
836 2357 917 2409 τόπου
928 2354 966 2416 είς
975 2355 1053 2408 τόπον
1064 2355 1108 2406 καὶ
1118 2352 1294 2408 δεετάσσετο“.

41 2449 76 2488 κε
97 2444 180 2496 Πάλιν
194 2442 293 2505 ἔθηκαν
308 2443 333 2496 οί
347 2443 489 2497 ἀπόστολοι
503 2451 557 2504 τοῖς
571 2445 713 2515 βασιλεῦσι
726 2450 781 2504 τοῖς
794 2446 920 2514 μέλλουσι
933 2447 1069 2498 πιστεύσαι
1083 2443 1120 2504 είς
1130 2445 1175 2496 τόν
1184 2444 1295 2514 χριστόν

95 2530 192 2597 ἐξεῖναι
206 2533 341 2603 ἀναβᾶσις
360 2537 494 2595 σταθῆναι
513 2535 660 2609 ἔμπροσθεν
679 2539 726 2588 τοῦ
738 2537 936 2608 θυσιαστηρίου
955 2535 1020 2604 μετὰ
1033 2540 1086 2587 τῶν
1100 2534 1235 2603 ἡγεμόνων
1249 2538 1296 2594 τῆς

95 2622 248 2684 ἐκκλησίας,
268 2622 335 2676 διότι
355 2625 399 2676 καὶ
419 2624 507 2693 Δαβὶδ
524 2625 568 2677 καί
587 2625 612 2677 οί
631 2625 716 2694 ὅμοιοι
730 2623 811 2678 αύτού
825 2626 958 2694 γεγονότες
971 2622 1110 2694 ἀνέβαινον
1124 2627 1167 2675 καί
1182 2621 1295 2684 ἔστησαν

95 2711 242 2784 ἔμπροσθεν
256 2717 302 2766 τοῦ
316 2717 525 2788 θυσιαστηρίου.
1315 2723 1343 2762 κο

38 2808 76 2854 κζ
96 2802 178 2855 Πάλιν
193 2803 293 2864 ἔθηκαν
308 2804 333 2855 οί
346 2803 490 2857 ἀπόστολοι
504 2803 604 2874 μηδένα
616 2805 795 2878 παρατολμως
817 2806 949 2878 πράσσειν.
956 2825 980 2860 τι
999 2805 1025 2858 ἐν
1040 2802 1151 2874 ἐξουσία
1166 2805 1296 2875 ίερατείας

94 2889 194 2952 ἀδίκως
207 2893 250 2944 καί
263 2896 298 2960 μὴ
312 2895 379 2946 κατά
392 2894 480 2963 λόγον,
500 2895 560 2946 ἀλλ’
575 2894 602 2947 ἐν
616 2894 770 2965 δικαιοσύνη
783 2897 870 2967 χωρίς
885 2895 1047 2964 ἐγκλήματος
1056 2894 1295 2966 προσωποληψίας.

38 2963 80 3034 1:
95 2983 177 3035 Πάλιν
197 2982 297 3044 ἔθηκαν
319 2983 344 3034 οέ
361 2983 504 3036 ἀπόστολοι
524 2987 568 3036 τόν
587 2983 665 3055 ἀρτον
685 2991 732 3047 τῆς
752 2991 904 3057 προσφορᾶς
917 2985 983 3057 αὐτῇ
998 2993 1029 3057 τῇ
1042 2986 1128 3056 ἡμέρᾳ
1140 2979 1156 3052 ᾖ
1170 2985 1295 3036 πέσσιται

95 3071 277 3145 ἀναρίρισθαι
291 3072 333 3124 ἐπὶ
346 3075 374 3126 τό
388 3076 583 3146 θυσιαστήριον
597 3075 640 3128 καί
654 3077 689 3143 μὴ
704 3072 737 3126 δι’
751 3076 873 3147 ἡμερῶν,
893 3073 953 3148 ’ὅπερ
968 3073 1013 3126 οὐκ
1028 3074 1135 3138 ἔξεστιν.

92 3163 184 3214 Ταῦτα
197 3157 242 3214 οὖν
255 3165 340 3216 πάντα
351 3163 402 3233 ούχ
414 3162 519 3224 έαυτοίς
532 3165 632 3226 ἔθηκαν
647 3165 672 3216 οί
686 3164 840 3224 ἀπόστολοι,
856 3165 927 3218 ἀλλά
940 3171 996 3224 τοῖς
1006 3164 1148 3234 μέλλουσιν
1163 3163 1294 3236 ἔρχεσθαι
1314 3175 1341 3214 σο

93 3249 146 3316 μετ’
162 3249 268 3312 αύτούς.
294 3251 454 3323 εὐλαβοῦντο
472 3255 538 3326 γάρ,
566 3254 605 3307 ὅτι
629 3253 726 3325 ᾔδεσαν
748 3255 787 3308 ότι
807 3255 881 3308 λύκοι
902 3256 1009 3323 ἔμελλον
1030 3253 1190 3315 είσδυθῆναι
1213 3253 1294 3325 δοράν

93 3337 194 3406 ἀμνῶν.
209 3339 299 3402 αὐτοῖς
312 3344 363 3413 γάρ
376 3344 468 3415 ἤρκεσε
482 3346 510 3395 τό
525 3348 627 3413 πνεῦμα
639 3346 668 3397 τό
683 3345 851 3417 παράκλητον
865 3344 891 3397 έν
905 3344 997 3406 αὐτοῖς
1016 3345 1055 3398 ἔτι
1075 3342 1112 3404 όνς
1126 3343 1205 3405 ἔθηκε
1219 3319 1293 3412 [υ]

94 3431 128 3486 δι’
144 3431 231 3486 αὐτῶν
244 3432 354 3492 τούτους
366 3435 427 3493 τοὺς
439 3435 545 3503 νόμους,
564 3432 647 3494 οὕτως
661 3434 790 3504 όδηγὴσοι
804 3433 901 3494 αύτούς
915 3435 1039 3503 ἐννόμως.
1054 3434 1079 3485 οί
1091 3435 1143 3507 γάρ
1156 3434 1294 3504 εέληρότες

94 3524 165 3594 παρὰ
184 3526 231 3574 τοῦ
248 3524 339 3594 κυρίου
362 3523 437 3591 ἡμῶν
457 3521 567 3590 δύναμιν
588 3526 633 3576 καί
653 3523 778 3588 ἐξουσίαν
799 3523 846 3576 οὐκ
859 3521 962 3576 ε’δίοντο
978 3522 1019 3575 ἵνα
1033 3523 1093 3596 παρ’
1109 3523 1204 3596 ἐτέρων
1218 3525 1295 3591 νόμοι

94 3612 183 3673 αὐτοῖς
202 3615 326 3666 τεθῶσιν.
345 3613 389 3663 καί
407 3614 458 3684 γάρ
473 3614 578 3673 Ιίαύλος
597 3615 641 3666 καὶ
655 3616 787 3682 Τιμόθεος
806 3615 1001 3686 περιερχόμενοι
1021 3613 1047 3666 ἐν
1067 3618 1104 3682 τῷ
1124 3614 1229 3681 κλίματι
1248 3619 1295 3674 τῆς
1314 3623 1341 3662 ³5

94 3705 190 3775 Συρίας
208 3705 252 3754 καί
271 3711 317 3766 τῆς
338 3703 459 3762 Κιλικίας
479 3701 561 3762 αύτάς
580 3707 627 3762 τάς
648 3704 756 3763 ἐντολὰς
772 3705 816 3756 καί
829 3705 890 3762 τοὺς
903 3703 1000 3771 νόμους
1014 3707 1066 3754 τῶν
1080 3702 1237 3754 ἀποστόλων
1250 3705 1293 3753 καί

92 3797 145 3844 τῶν
163 3791 346 3866 πρεσβυτέρων
369 3799 420 3846 τῶν
441 3794 584 3862 γενομένων
608 3791 658 3844 ὑπό
680 3796 768 3864 χειρός
787 3801 839 3845 τῶν
860 3792 1016 3844 ἀποστόλων
1038 3789 1214 3864 παρεδίδοσαν
1235 3797 1295 3850 ταῖς

93 3881 302 3944 έκκλησίαιςτῶν
316 3883 448 3951 κλιμοίτοεν
459 3885 503 3936 καί
514 3882 658 3956 ἐκήρυσσον
669 3882 696 3934 έν
708 3883 798 3942 αὐτοῖς
808 3885 852 3935 καί
862 3881 1060 3952 εὐηγγελίζοντο
1069 3885 1090 3935 ⁸.
1102 3882 1127 3934 οί
1136 3882 1163 3934 δέ
1173 3883 1294 3948 μαθηταί

91 3974 155 4038 μετὰ
169 3975 215 4031 τὰς
228 3971 315 4036 τάξεις
329 3973 427 4032 ἐκείνας
444 3975 561 4033 καὶτοὺς
576 3974 673 4040 νόμους
688 3972 733 4031 οὓς
748 3972 848 4034 ἔθηκαν
864 3971 909 4024 οὐκ
923 3971 1052 4026 ἐπαύοντο
1066 3978 1113 4025 τού
1126 3973 1295 4043 κηρύγματος

173 4151 314 4192 6⁸Pan1m.
341 4157 411 4193 xxxiii
434 4157 455 4194 θ.
481 4155 521 4195 σεδ
544 4165 601 4204 qum
624 4157 747 4204 sequuntur
768 4155 870 4193 ἱατοιιέτο
890 4165 934 4192 non
953 4155 1029 4204 potul,
1054 4155 1083 4192 τό.
1097 4155 1180 4192 Palm.
1201 4153 1261 4192 Ικτνί
1282 4153 1293 4190 ἔ

92 4227 186 4263 lxxxviii
202 4229 221 4263 2.
240 4247 265 4254 -
285 4224 325 4264 9*
345 4228 536 4267 Ρεοιεᾱοὼιιοὶειι,
553 4239 621 4266 umor.
640 4230 675 4267 5³.
692 4249 717 4256 -
740 4224 790 4265 1⁰*
811 4237 823 4265 ο
843 4229 973 4267 conlectum
991 4227 1108 4276 scriptum.
1124 4247 1149 4254 -
1170 4229 1193 4265 11
1209 4221 1223 4249 ⁸
1243 4225 1293 4264 Aet.

94 4297 225 4336 xvlii14.—·
243 4295 284 4336 1³⁸
298 4299 349 4337 bue.
362 4301 411 4337 xvii
421 4301 441 4338 5.
450 4319 475 4328 -
491 4297 517 4324 ⁴¹¹
531 4301 611 4339 λὀοΙιιι.
623 4301 707 4339 11124.
716 4319 741 4328 -
756 4302 778 4336 21
787 4296 800 4323 ⁸
818 4301 871 4346 Ιειγς.
881 4311 894 4338 τ
904 4301 933 4339 vti
944 4301 1004 4338 ifl.—
1020 4301 1046 4338 36
1057 4296 1107 4342 τοὺς
1117 4294 1294 4352 γενομένοοτὶέ-

96 4369 144 4411 :3⁸⁸
162 4371 213 4410 Act.
231 4373 268 4410 κνί
283 4375 303 4410 4,
320 4373 375 4411 οιὶυο
390 4383 434 4411 non
451 4373 581 4420 indigebant
595 4373 690 4422 ειμοοιολί
702 4373 764 4410 ΡοιιΙί
779 4373 908 4419 luminibus,
924 4377 949 4410 ut
959 4371 1051 4410 Paulum
1062 4377 1083 4409 οι
1093 4371 1232 4409 Timotheum
1249 4379 1293 4408 cer·

94 4445 203 4484 ιίοείιιιιιιτι
220 4445 249 4482 νΙε
263 4447 380 4492 εσιοηιικπι
395 4445 531 4484 defecissent
546 4445 659 4496 (viduatur
671 4445 729 4482 enlm
744 4449 820 4482 ιιοειεο
836 4443 919 4482 ΙιοεειΙιιΙ
934 4453 1005 4491 paene
1020 4441 1126 4482 έιεοουείοί
1143 4441 1222 4490 fumo)
1239 4441 1294 4480 ιιΙΜΙ

94 4517 168 4562 egisse
184 4515 243 4554 εΙΙιιό
259 4525 324 4563 quum
345 4521 368 4554 ut
383 4515 478 4556 ετεδΙιεο
498 4518 540 4556 sibl
562 4518 590 4556 ab
604 4519 712 4565 εμυιοοΙΙυ
727 4519 789 4563 logos
805 4527 848 4555 non
864 4519 948 4554 ιεοειιοι
966 4527 1009 4554 non
1025 4519 1159 4562 everterent,
1176 4515 1215 4554 οεᾱ
1230 4513 1295 4553 cmm

95 4589 145 4624 alil*
161 4587 315 4625 observandas
331 4588 478 4636 imponerent.
