3160 4976
138 398 185 467 76

90 565 112 628 ιλ
131 571 234 654 Σίμων
257 571 352 634 εἶπεν·
382 580 493 654 τέκνον,
517 582 560 657 μή
586 581 669 659 γίνου
691 573 895 658 αίσχρολόγος
914 571 993 656 μηδέ
1012 572 1272 659 όφηλόφθαλμος.
1298 578 1332 636 ἐκ

131 683 193 764 γάρ
211 686 326 742 τούτων
342 683 477 765 μοιχείαι
494 689 640 766 γίνονται.

100 805 110 842 ι
132 785 285 870 Ἰάκωβος
302 788 396 850 εἶπεν·
414 794 524 860 τέκνον,
547 797 590 872 μή
607 796 691 874 γίνου
709 793 920 868 οίωνοσκόπος,
941 787 1042 859 ἐπειδή
1061 787 1169 872 όδηγεῖ
1181 793 1257 874 πρός
1274 797 1329 860 τήν

131 893 392 979 εἰδωλολατρείαν,
410 895 488 978 μηδὲ
506 896 650 968 ἐπαοιδὰς
666 895 744 978 μηδέ
760 897 988 978 μαθηματικός
1002 896 1082 978 μηδὲ
1094 899 1328 982 περικαθαίρων

128 1001 207 1084 μηδέ
223 1003 298 1068 θέλε
315 1007 396 1066 αὐτὰ
413 1003 525 1067 είδέναι
540 1004 620 1087 μηδὲ
637 1006 765 1068 άκοόειν.
784 1008 816 1066 ἐκ
832 1009 894 1088 γάρ
908 1009 1023 1066 τούτων
1041 1005 1188 1066 ἁπάντων
1201 1003 1327 1068 είδωλο-
1361 1031 1376 1070 ε

129 1109 268 1194 λατρείαι
284 1123 464 1194 γεννῶνται.

78 1244 110 1284 ιιι
130 1218 311 1290 Ναθαναήλ
328 1219 422 1282 εἶπεν·
440 1219 557 1298 τέκνον,
578 1227 620 1302 μή
639 1228 723 1304 γίνου
739 1219 891 1300 ψεύστης,
909 1219 1011 1290 ἐπειδή
1028 1220 1138 1304 ὁδηγεῖ
1152 1223 1184 1282 τό
1201 1220 1326 1302 ψεῦσμα

128 1327 176 1386 ἐπί
200 1332 253 1396 τήν
277 1325 409 1406 κλοπήν,
441 1334 518 1409 μήτε
542 1327 732 1414 φιλάργυρος
761 1334 837 1409 μήτε
866 1326 1034 1404 κενόδοξος.
1065 1330 1097 1389 ἐκ
1125 1333 1185 1412 γὰρ
1211 1333 1325 1390 τούτων

130 1434 276 1494 ἁπάντων
299 1433 408 1496 κλοπαί
432 1446 612 1520 γεννῶνται.
637 1440 737 1495 τέκνον
759 1439 803 1515 μή
826 1440 910 1518 γίνου
934 1439 1105 1518 γόγγνσος,
1130 1432 1232 1504 ἐπειδή
1256 1436 1326 1518 άγει

128 1543 204 1621 πρός
217 1547 271 1610 τήν
285 1539 499 1626 βλασφημίαν,
516 1548 593 1623 μήτε
607 1538 758 1611 αὐθάδης
770 1547 847 1622 μήτε
861 1545 1073 1627 πονηρόφρων.
1093 1544 1124 1602 ἐκ
1136 1547 1198 1626 γάρ
1211 1548 1325 1604 τούτων
1348 1569 1374 1606 ιο

129 1648 274 1708 ἁπάντων
298 1647 496 1736 βλασφημίαι
519 1659 698 1732 γεννῶνται.
725 1649 791 1710 ίσθι
813 1646 846 1710 δέ
866 1650 986 1733 πραΰς,
1010 1652 1074 1710 ἐπεί
1090 1659 1200 1732 πραεῖς
1214 1649 1325 1733 κληρο-

128 1762 254 1833 νομοῦσι
279 1762 333 1826 τήν
357 1755 518 1839 βασιλείαν
542 1766 604 1818 τῶν
629 1760 780 1840 οὐρανῶν.
814 1761 898 1840 γίνου
921 1756 1147 1840 μακρόθυμος,
1177 1755 1323 1839 ἐλεήμων,

127 1865 324 1944 είρηνοποιός,
337 1864 483 1948 καθαρός
495 1877 531 1946 τῇ
544 1863 657 1948 καρδίᾳ
670 1864 731 1925 άπό
744 1867 862 1934 παντός
876 1874 980 1932 κακοῦ.
994 1866 1108 1934 άκακος
1120 1871 1169 1925 καί
1182 1867 1323 1950 ήσῦχισς,

126 1970 256 2053 ἀγαθός
283 1978 333 2034 καί
361 1971 526 2058 φυλάσσων
554 1978 604 2035 καί
632 1978 751 2057 τρέμων
777 1978 848 2042 τοὺς
874 1971 985 2053 λόγους
1010 1973 1062 2042 οὓς
1085 1976 1232 2043 ήκουσας.
1265 1973 1324 2056 οὐχ

125 2077 259 2157 ὑψώσεις
276 2083 402 2140 σεαυτόν
421 2077 490 2142 οῦδέ
507 2077 617 2149 δώσεις
633 2085 687 2148 τήν
704 2081 807 2163 Ι,όυχήν
825 2099 879 2140 σου
895 2084 974 2161 μετά
990 2077 1126 2160 ὑψηλῶν,
1148 2078 1226 2143 άλλά
1243 2084 1322 2161 μετὰ
1342 2105 1370 2145 ιο

127 2183 250 2246 δικαίων
263 2193 313 2248 καί
325 2197 476 2248 ταπεινῶν
488 2182 726 2273 ἀναστραφήοη.
746 2193 786 2248 τά
799 2184 831 2249 δέ
845 2186 1056 2270 συμβαίνοντά
1068 2206 1113 2247 σοι
1127 2189 1322 2272 ἐνεργήματα

126 2294 169 2362 ώς
186 2293 303 2376 άγαθά
319 2291 480 2376 προσδέξη,
497 2293 587 2366 εἰδώς
605 2301 649 2358 ο”τι
665 2298 738 2380 άτερ
755 2296 835 2357 θεοῦ
852 2293 938 2356 οὐδέν
955 2302 1079 2378 γίνεται.

75 2406 107 2486 ιβ
128 2399 249 2480 Θωμᾶς
275 2400 371 2462 εἶπεν·
409 2406 525 2481 τέκνον,
562 2406 611 2464 τόν
635 2401 788 2464 λαλοῦντά
813 2422 860 2463 σοι
888 2405 938 2464 τόν
966 2400 1055 2485 λόγον
1086 2409 1139 2462 τοῦ
1166 2400 1245 2464 θεοῦ
1269 2407 1323 2461 καί

125 2513 288 2592 παραίτιόν
302 2529 349 2571 σοι
361 2515 516 2593 γινόμενον
527 2521 581 2581 τῆς
596 2511 677 2584 ζωής
693 2516 743 2570 καί
761 2508 855 2571 δόντα
870 2530 915 2571 σοι
934 2515 985 2580 τήν
1003 2511 1032 2570 ἐν
1050 2515 1142 2592 κυρίῳ
1160 2507 1324 2594 σφραγῖδα

68 2673 74 2684 .
127 2615 302 2700 ἀγαπήσεις
327 2620 371 2689 ώς
393 2621 482 2702 κόρην
508 2617 677 2701 ὀφθαλμοῦ
699 2639 771 2694 σου,
793 2618 961 2699 μνησθήση
979 2615 1011 2680 δὲ
1035 2620 1131 2678 αὐτοῦ
1152 2623 1246 2680 νῦκτα
1271 2623 1321 2678 καί
1341 2644 1368 2682 εν

124 2728 254 2808 ἡμέραν.
282 2731 418 2807 τιμήσεις
436 2729 526 2788 αὐτόν
545 2727 589 2796 ώς
606 2731 655 2788 τόν
672 2731 784 2810 κόριον.
808 2725 883 2787 όθεν
904 2730 965 2810 γάρ
983 2729 1001 2796 ή
1018 2728 1159 2809 κνριότης
1175 2723 1321 2800 λαλεῖται,

126 2835 185 2894 ἐκεῖ
206 2837 307 2914 κύριός
331 2836 421 2896 ἐστιν.
447 2835 623 2908 ἐκζητήσεις
640 2832 672 2894 δὲ
689 2837 722 2894 τό
740 2831 903 2917 πρόσωπον
922 2836 1017 2896 αὐτοῦ
1040 2833 1117 2894 καθ’
1134 2837 1252 2913 ήμέραν
1268 2839 1318 2894 καί

125 2945 196 3010 τοὺς
221 2937 344 3010 λοιποὺς
360 2942 480 3023 ἁγίους,
507 2943 555 3002 ἵνα
573 2944 778 3023 ἐπαναπαῦσῃ
797 2951 861 3011 τοῖς
878 2940 981 3024 λόγοις
998 2943 1099 3002 αὐτῶν
1116 2938 1315 3022 κολλώμενος.

124 3049 168 3117 ὡς
185 3049 276 3131 ἅγιος
294 3053 355 3131 γάρ
374 3051 474 3131 άγίοις
492 3050 689 3132 άγιασθήση.
715 3056 851 3131 τιμήσεις
869 3053 979 3128 αὐτόν,
1004 3049 1080 3110 καθ’
1099 3049 1115 3108 ό
1132 3046 1264 3119 δυνατός
1280 3048 1317 3120 εἴ,

123 3157 155 3216 ἐκ
177 3163 229 3216 τοῦ
253 3154 383 3240 ίδρῶτός
400 3177 454 3218 σου
470 3161 521 3220 καὶ
537 3161 567 3220 ἐκ
584 3163 637 3219 τοῦ
655 3162 748 3219 πόνου
766 3168 826 3218 τῶν
843 3167 956 3242 χειρῶν
975 3177 1039 3218 σου.
1065 3159 1090 3216 εἰ
1105 3161 1167 3239 γάρ
1186 3158 1201 3216 ό
1217 3161 1319 3240 κύριος
1338 3179 1365 3218 ιε

123 3258 162 3322 δι’
181 3263 275 3324 αὑτοῦ
288 3259 414 3338 ήξίωσέν
428 3285 472 3326 σοι
487 3263 621 3336 δοθήναι
639 3272 842 3346 πνευματικήν
861 3271 975 3350 τροφήν
992 3270 1043 3326 καί
1059 3268 1149 3326 ποτόν
1167 3271 1219 3324 καί
1235 3266 1319 3338 ζωήν

125 3373 263 3448 αίώνιον,
287 3377 323 3432 σι)
347 3370 474 3458 ὀφείλεις
495 3372 569 3435 πολὺ
585 3373 699 3454 μᾶλλον
716 3379 770 3444 τήν
794 3374 942 3458 φθαρτὴν
966 3379 1016 3434 καί
1039 3376 1222 3456 πρόσκαιρον
1239 3393 1317 3456 προ-

123 3483 240 3564 σφέρειν
267 3485 392 3565 τροφήν.
427 3477 512 3556 άξιος
535 3486 596 3566 γὰρ
620 3485 635 3543 ό
661 3485 797 3566 ἐργάτης
820 3491 872 3542 τοῦ
893 3481 1012 3562 μισθοῦ
1041 3483 1135 3542 αὐτοῦ
1163 3485 1214 3540 καί
1241 3478 1317 3561 βοῦν

124 3585 265 3648 ἀλοῶντα
284 3590 317 3648 οὐ
336 3592 484 3672 φιμώσεις
508 3595 558 3650 καί
576 3587 674 3660 οὐδεὶς
690 3594 809 3673 φυτεύει
827 3587 997 3669 ἀμπελῶνα
1014 3594 1064 3648 καί
1081 3591 1113 3648 έκ
1129 3595 1183 3648 τοῦ
1199 3595 1318 3670 καρποῦ

126 3696 220 3754 αὐτοῦ
238 3696 289 3756 οὐκ
306 3693 415 3756 ἐσθίει.
1338 3719 1365 3756 ω

73 3832 103 3890 ‘7
122 3803 233 3887 Κηφᾶς
250 3801 345 3863 εἶπεν·
372 3806 405 3865 οὐ
423 3810 558 3874 ποιήσεις
574 3810 747 3889 σχίσματα,
764 3809 946 3888 είρηνεῦσεις
962 3802 996 3865 δὲ
1013 3808 1225 3886 μαχομένους.
1250 3824 1317 3887 κρι-

121 3920 180 3980 νεῐς
205 3907 341 3982 δικαίως.
368 3915 401 3972 οδ
423 3911 502 3994 λήψῃ
526 3915 688 3996 πρόσωπον
710 3917 778 3973 τινά
796 3909 923 3994 ἐλέγξας
939 3914 986 3972 ε’πί
1011 3914 1255 3994 παραπτώματι.
1282 3915 1315 3972 οῦ
1367 3980 1370 3986 ,

120 4023 181 4102 γάρ
200 4022 296 4100 ι’σχῦει
312 4018 441 4092 πλοῦτος
457 4027 545 4104 παρά
561 4027 653 4105 κυρίῳ
674 4019 726 4103 (οιλ
743 4025 805 4104 γάρ
824 4015 916 4092 άξίας
931 4017 1097 4103 προκρίνει)
1114 4018 1183 4082 οὐδὲ
1207 4019 1317 4089 κάλλος

120 4126 244 4213 ὠφελεῖ,
276 4125 353 4189 ἀλλά
382 4131 485 4201 ἰσότης
512 4133 574 4191 ε’στί
596 4133 719 4191 πάντων
743 4123 816 4212 παρ’
838 4130 934 4207 αὐτῷ.
959 4131 988 4187 ἐν
1014 4141 1171 4212 προσευχῇ
1196 4147 1250 4188 σου
1274 4133 1316 4208 μή

201 4254 306 4312 Βόόηγή.
322 4279 347 4288 -·-
367 4257 467 4304 ῦαδτάς.
484 4283 511 4290 -
531 4264 542 4302 ί
564 4273 643 4311 magno
666 4262 747 4310 gaudio
767 4261 890 4310 implebn,
912 4271 980 4309 quum
999 4261 1059 4310 apud
1075 4261 1212 4300 clementem
1231 4273 1253 4310 p.
1270 4261 1317 4310 1³8,

120 4326 153 4368 n.
171 4331 196 4368 15
211 4328 318 4378 Sylburg.
329 4329 420 4382 (strom.
432 4333 453 4382 1)
468 4334 522 4373 haec
538 4336 646 4382 lugerem:
670 4331 733 4377 οῦτος
747 4331 841 4385 κλέπτης
856 4331 896 4372 ιἰπό
911 4333 949 4384 τῆς
964 4333 1048 4385 τρυφῆς
1063 4329 1164 4387 λέγεται·
1180 4327 1317 4387 φησιγόιίν,

120 4397 165 4448 Tu·
182 4398 212 4451 μὴ
227 4399 287 4451 TW
302 4398 409 4455 ψεύστης·
426 4401 501 4458 ὁδηγεῖ
515 4405 555 4460 γάρ
570 4406 595 4446 τό
610 4407 695 4460 ψεῦσμα
709 4405 761 4459 πρός
775 4403 815 4456 τὴν
825 4404 915 4457 κλοπὴν,
926 4427 953 4434 -
963 4408 976 4444 9
986 4411 1037 4444 unte
1052 4401 1127 4444 τέκνον
1143 4407 1217 4445 versio
1233 4407 1316 4445 εσιίιίο-
1362 4445 1365 4452 ,

119 4474 181 4522 pita:
206 4469 289 4516 Ἰοόόας
310 4471 380 4521 εἶπεν,
406 4487 462 4526 quae
487 4478 553 4518 verba
572 4489 643 4528 neque
668 4479 823 4528 memphiticus
848 4487 919 4526 neque
943 4479 1057 4518 ιεΙιίιΙίσιιε
1080 4479 1140 4516 liber
1163 4479 1271 4526 ngnonest.
1292 4499 1318 4508 -

121 4547 143 4582 11
165 4539 272 4588 ἀπέκτονε.
297 4565 322 4574 -
342 4547 419 4587 Μιῑίίι.
436 4559 449 4584 v
465 4549 485 4587 ἐ.
506 4571 532 4578 -
553 4553 579 4588 2⁴
598 4547 734 4604 ἁγιασθήτω.
758 4571 781 4579 -
802 4551 829 4589 26
844 4547 946 4589 δοδεῑνει.
966 4571 993 4578 -
1015 4553 1041 4589 δῦ
1057 4549 1111 4591 huc.
1128 4561 1141 4589 x
1161 4551 1171 4589 ί
1193 4550 1289 4590 Τίυιοίίι.
1307 4549 1316 4587 1

120 4625 133 4652 τ’
150 4615 174 4651 18
191 4613 242 4652 Cor.
261 4616 270 4652 1
286 4617 307 4654 Ινι
324 4619 336 4654 9
352 4617 418 4656 naut.
435 4629 479 4657 xxv
495 4621 514 4658 4.
532 4641 556 4648 -
572 4623 598 4660 ²9
614 4619 731 4660 άλωιίιντα.
748 4641 774 4650 -
789 4623 814 4660 32
830 4618 900 4673 λόψει.
917 4642 942 4650 -
958 4618 1048 4674 ἐλέγξαι.
