3128 4972
671 475 884 536 -15-

262 642 327 707 Sed
351 641 483 706 omnino
507 643 597 705 huno
624 641 711 705 diem
734 641 842 706 solum
865 641 1007 706 Asianos
1035 642 1235 720 celebrasse,
1265 641 1378 706 elon·

174 761 259 826 tium
291 762 373 826 locis
406 761 619 826 manifestum
651 767 714 825 est.
768 761 856 825 Nam
889 769 1119 846 praeterquam
1153 762 1241 845 quod
1272 763 1377 826 Pocr-

176 903 296 947 caavns
319 921 359 930 -
385 881 595 945 sicutmodo
625 881 953 945 commemoravimus
982 920 1024 931 -
1051 905 1211 965 nusquam
1243 881 1283 945 de
1312 881 1377 945 allo

175 1001 228 1066 die
250 1001 410 1085 loquitur,
436 1001 558 1065 diserte
582 999 684 1064 etiam
707 1000 800 1079 dicit,
824 1002 912 1065 hunc
936 1001 1021 1065 diem
1046 1003 1154 1066 solum
1177 1024 1211 1066 se
1235 1023 1378 1084 suosque

175 1123 363 1186 observare.
401 1121 510 1186 Quam
534 1120 622 1184 enim
644 1121 740 1185 aliam
765 1121 964 1185 sententiam
989 1121 1173 1185 tribuamus
1198 1121 1248 1185 his
1268 1121 1378 1186 verbis

176 1242 248 1325 ejus
275 1242 310 1325 (l.
331 1242 354 1304 l.
375 1242 417 1321 V,
438 1246 494 1320 24,
516 1247 562 1324 2):
589 1239 706 1318 ,,Ἡμεῖς
729 1230 778 1301 οὖν
802 1236 1043 1321 ἀρρᾳᾱιούρηητον
1066 1235 1171 1321 ἄγομεν
1191 1237 1241 1320 τὴν
1262 1238 1379 1321 ἡμέραν,

175 1358 261 1439 μήτε
278 1359 544 1440 προστιθέντες
561 1357 631 1439 μήτε
648 1356 897 1438 ἀφαιρούμενοι“ἳ
934 1359 1017 1424 Cum
1040 1369 1194 1445 quartum
1216 1359 1379 1424 decimum

177 1480 264 1546 diem
292 1481 340 1544 ita
369 1480 549 1564 diligenter
577 1480 792 1544 observarent
821 1479 954 1560 Asiani,
984 1486 1022 1543 ut
1055 1503 1161 1562 neque
1197 1479 1379 1565 adjicerent

176 1622 282 1684 neque
312 1601 527 1665 detraherent
555 1599 750 1684 quidquam,
781 1601 906 1664 clarum
935 1621 1007 1663 esse
1037 1599 1116 1664 mihi
1144 1599 1292 1678 videtur,
1324 1621 1379 1664 eos

177 1723 265 1784 hunc
288 1721 396 1784 solum
420 1721 625 1784 observasse.
672 1719 847 1783 Quomodo
874 1719 960 1783 enim
988 1719 1096 1784 dicere
1124 1726 1257 1803 poterat
1280 1719 1379 1802 Poly·

177 1847 296 1918 cretea,
320 1839 403 1903 nihil
428 1861 463 1903 se
486 1839 639 1923 adjicere,
664 1840 691 1902 si
714 1861 827 1904 revera
851 1839 1027 1924 quidquam
1052 1839 1271 1924 adjecissent?
1313 1838 1379 1901 Eos

177 1969 288 2023 autem
311 1962 400 2025 hunc
424 1959 510 2023 diem
532 1961 640 2023 solum
662 1959 857 2038 celebrasse,
881 1959 1086 2024 Emrasnrus
1108 1981 1237 2043 quoque
1257 1957 1379 2022 diserte

176 2087 336 2156 testatur,
366 2077 422 2162 qui
445 2078 745 2162 quartodecimanis
769 2101 846 2143 suae
871 2079 990 2142 aetatis
1020 2101 1095 2144 curn
1124 2079 1188 2142 alia
1216 2087 1289 2142 tum
1316 2080 1380 2141 hoc

177 2198 304 2262 crimini
342 2199 416 2277 dat,
456 2220 512 2262 eos
548 2221 649 2262 unum
683 2207 815 2263 tantum
846 2198 932 2263 diem
965 2200 1131 2263 celebrare
1139 2222 1147 2274 ;
1187 2199 1253 2262 vid.
1287 2201 1378 2261 haer.

179 2331 229 2404 50,
256 2331 290 2392 l:
322 2320 404 2400 ἅπαξ
431 2321 484 2405 γὰρ
512 2326 562 2386 τοῦ
590 2323 671 2394 ἔτους
696 2324 782 2404 μιάν
814 2323 950 2406 ἡμέραν
980 2323 1032 2389 τὸ*
1067 2325 1168 2406 πάσχα
1201 2325 1228 2388 ol
1259 2328 1380 2387 τοιοῦτοι

178 2441 341 2524 φιλονείκως
368 2440 483 2525 ἄγουσι·
519 2453 554 2509 et
580 2446 680 2529 paulo
710 2453 803 2528 post:
834 2442 922 2524 ἕτεροι
949 2441 978 2507 δὲ
1005 2443 1034 2520 ἐξ
1061 2443 1156 2508 αὐτῶν
1182 2441 1241 2525 τὴν
1271 2441 1380 2524 αὐτὴν

178 2571 262 2651 μιάν
283 2570 421 2652 ἡμέραν
444 2568 560 2653 ἄγοντες
583 2566 630 2633 καὶ
652 2569 702 2651 τὴν
725 2569 813 2652 αὐτὴν
834 2571 903 2652 μιίιν
925 2571 1033 2654 ἡμέραν
1059 2572 1240 2654 νηστεύοντες
1268 2567 1315 2634 καιΙ
1343 2569 1381 2634 τὰ

177 2697 317 2782 μυστήρια
349 2698 554 2774 ἐπιτελοῦντες,
586 2697 645 2762 ἀπὸ
676 2703 733 2762 τῶν
755 2697 869 2763 Ἀκτων
899 2705 988 2782 δῆθεν
1020 2701 1153 2764 Πιλάτου
1185 2701 1303 2783 rixones
1331 2697 1381 2780 τὴν

179 2815 322 2902 ἀκρίβειαν
352 2817 501 2899 ηὑρηκέναι
532 2846 556 2881 κ.
583 2843 607 2882 τ.
634 2823 658 2882 λ.
711 2822 807 2885 Idem
845 2823 885 2886 de
924 2823 1102 2901 Audianis,
1148 2823 1203 2906 qui
1247 2830 1380 2905 quarto·

179 2939 423 3004 decimanorum
445 2940 545 3004 ritum
573 2940 812 3024 sequebantur,
841 2944 923 3005 haec
950 2942 1092 3026 profert,
1123 2945 1213 3006 haer.
1240 2946 1294 3020 70,
1321 2947 1377 3007 12:

177 3065 239 3145 μιά
258 3063 324 3147 γὰρ
343 3065 458 3148 ἡμέρα
476 3065 549 3148 παρ’
570 3065 683 3137 ἐκείνοις
699 3069 833 3146 ζητεῖται,
856 3065 929 3150 παρ’
955 3069 1018 3148 ἡμῖν
1040 3065 1070 3156 di
1094 3066 1128 3130 οὐ
1151 3066 1218 3147 μία,
1241 3065 1317 3130 ἀλλὰ
1341 3067 1381 3142 ἓξ,

177 3181 301 3267 ἑβδομὰς
331 3185 521 3268 πληρεστάτη.
576 3187 711 3252 Certum
742 3189 846 3274 igitur
877 3197 944 3268 est,
978 3189 1120 3254 Asianos
1152 3189 1280 3252 nullum
1318 3189 1380 3253 nisi
1436 3253 1439 3262 ,

178 3307 266 3369 bunc
291 3329 391 3370 unum
418 3307 501 3370 diem
529 3309 714 3372 celebrasse
744 3317 894 3391 quartum
927 3308 1102 3372 decimum.
1150 3309 1259 3374 Quare
1290 3317 1380 3374 recte

171 3425 244 3508 jam
275 3427 458 3489 Grnsnnnn'
496 3427 635 3507 monuit,
668 3450 724 3491 eos
755 3427 841 3492 diem
871 3429 1120 3493 resurrectionis
1152 3454 1218 3494 non
1248 3430 1381 3495 sollem-

179 3544 265 3608 niter
292 3544 412 3628 egisse.
462 3547 507 3610 Et
534 3554 612 3631 post
640 3569 713 3611 eum
743 3549 929 3627 Vl'urvznn³,
957 3549 1203 3630 Humanarum,
1235 3553 1379 3630 Svarrz⁶,

267 3835 275 3866 ¹
292 3841 337 3899 ita
352 3843 508 3902 Drances
527 3863 585 3902 sec.
603 3844 668 3901 cod.
686 3845 777 3914 Ven.;
797 3847 976 3905 Panavms:
992 3849 1050 3909 τοῦ.

266 3919 527 4002 'Kirclaeuycacd
548 3931 573 4000 I,
592 3933 608 3988 l
626 3929 688 4003 (ed.
705 3929 760 4004 4.),
782 3951 810 4008 p.
828 3926 1023 4000 241:‘„V0a
1040 3927 1124 3989 einer
1138 3927 1312 4013 Jokrasl’c'er
1328 3929 1381 3990 dcv

178 4009 228 4067 Au
247 4009 407 4086 ττιίοΙιαιιη
423 4009 464 4070 iat
480 4009 526 4070 bei
542 4010 634 4071 νἸιιιοιι
650 4009 744 4072 Ιιτιιιο
755 4011 874 4090 8ηαι“.

266 4092 276 4122 ⁸
295 4093 384 4154 Scau.
403 4116 432 4155 ιι.
451 4093 536 4157 Kril.
558 4104 654 4173 1848,
670 4121 699 4178 p.
717 4105 779 4160 825
795 4123 840 4180 sq.
857 4106 929 4161 849.

265 4177 276 4208 ⁴
297 4177 396 4240 Theoi.
413 4178 539 4242 Jahrbl.
560 4189 652 4258 1849,
670 4207 698 4264 p.
716 4189 787 4246 233.
806 4191 876 4248 255.
895 4192 958 4248 260
973 4195 1036 4248 not.

265 4263 277 4294 ⁶
294 4262 383 4325 Stati.
397 4287 426 4325 ιι.
440 4264 524 4328 Krit.
538 4274 631 4343 1856,
643 4293 671 4350 p.
683 4273 700 4331 7
704 4273 808 4333 97—'1
812 4276 862 4333 99.
887 4276 996 4335 Postea
1006 4277 1102 4334 Steitz
1112 4277 1150 4334 ad
1161 4277 1250 4335 aliam
1261 4283 1380 4336 senten·

177 4352 254 4410 tiam
270 4355 400 4427 transiit,
417 4356 454 4414 de
470 4377 530 4434 qua
547 4357 605 4415 vid.
623 4359 710 4416 infra.
