3120 4980
833 971 865 1048 I.

340 1095 531 1161 Διδασκαλία
548 1105 609 1161 τών
626 1099 725 1181 ἁγίων
742 1096 921 1162 ἀποστόλων
938 1105 1005 1185 περί
1020 1107 1237 1186 χαρισμάτων.

340 1209 404 1269 Τοῦ
419 1206 498 1269 θεοῦ
514 1213 565 1269 καί
580 1216 720 1292 σωτῆρος
735 1211 823 1290 ἡμῶν
843 1207 946 1278 Ἰησοῦ
967 1217 1095 1295 χριστοῦ
1117 1215 1151 1273 τὸ
1174 1217 1258 1296 μέγα
1278 1221 1335 1284 τῆς
1358 1216 1444 1276 εύοε-

249 1313 341 1400 βείας
356 1320 427 1400 ἡμῖν
444 1309 676 1401 παραδιδόντος
686 1321 850 1401 μυστηριον
867 1322 917 1379 καί
938 1317 1203 1403 προσκαλουμένου
1223 1318 1394 1393 Ἰουδαίους
1416 1344 1448 1383 τε

249 1430 299 1486 καί
313 1423 468 1496 Ἕλληνας
483 1425 526 1495 είς
542 1428 702 1509 ἐπίγνωσιν
721 1430 773 1486 τοῦ
790 1426 856 1496 ένός
873 1430 923 1487 καί
944 1429 1037 1507 μόνου
1061 1423 1214 1497 ἀληθινοῦ
1230 1428 1309 1491 θεοῦ
1325 1433 1445 1513 πατρὸς

219 1555 233 1597 ε
251 1535 345 1595 αὑτοῦ
359 1530 490 1618 (καθώς
502 1534 597 1603 αύτός
610 1552 699 1620 φησιν
713 1533 906 1617 εὐχαριστῶν
923 1533 970 1593 ἐπί
983 1542 1019 1614 τῇ
1034 1539 1173 1620 σωτηρίᾳ
1185 1543 1245 1596 τῶν
1259 1539 1444 1599 πιστευσάν-

250 1660 328 1704 των·
354 1642 615 1728 ἐμανέρωσάσον
638 1643 672 1702 τό
695 1639 792 1722 ὄνομα
815 1647 879 1709 τοῖς
896 1639 1089 1724 ἀνθρώποις,
1114 1645 1147 1702 τὸ
1165 1643 1253 1726 ἔργον
1270 1642 1288 1704 δ
1304 1639 1443 1715 δέδωκάς

250 1771 301 1834 μοι
318 1744 500 1832 τελειώσας)
518 1753 568 1811 καί
584 1753 651 1834 περί
673 1750 760 1828 ημῶν
783 1744 925 1831 λέγοντος
946 1754 990 1826 τῷ
1008 1753 1118 1833 πατρί·
1143 1753 1240 1834 πάτερ
1258 1752 1338 1835 ἅγιε,
1363 1758 1413 1814 καί
1431 1753 1446 1814 ό

250 1862 363 1942 κόσμος
380 1878 413 1920 σε
429 1852 480 1920 οώι
498 1859 588 1941 ἔγνω,
614 1853 679 1920 ἀλλ’
698 1857 760 1939 ἐγώ
778 1874 811 1917 σε
828 1857 923 1940 ἔγνων
939 1861 990 1919 καί
1002 1854 1083 1919 οὗτοί
1096 1877 1129 1919 σε
1146 1855 1306 1942 ἐγνωσανε
1323 1861 1450 1931 εἰκότως

251 1967 296 2038 ώς
320 1967 358 2028 ἀν
386 1963 621 2046 τετελειωμένων
647 1967 735 2047 ἡμῶν
764 1965 854 2049 ρἠσιν
878 1965 993 2027 ἅπασιν
1016 1967 1085 2046 ἀμα
1113 1971 1265 2050 περὶτῶν
1295 1961 1329 2040 ἐξ
1354 1969 1449 2029 αὐτοῦ

206 2096 234 2136 ιο
251 2072 416 2157 διδομένων
438 2077 645 2158 χαρισμάτων
668 2069 720 2134 διὰ
741 2079 796 2134 τοῦ
817 2078 1009 2155 πνεύματος·
1035 2082 1147 2156 σημεῖα
1172 2072 1206 2136 δὲ
1228 2083 1293 2147 τοῖς
1321 2081 1444 2138 πιστεύ-

251 2203 322 2245 σασι
355 2190 455 2245 ταῦτα
486 2179 775 2267 παρακολουθύσει·
804 2181 834 2241 ἐν
861 2187 906 2259 τῷ
935 2183 1061 2263 ὀνόματί
1088 2200 1147 2265 μου
1175 2180 1320 2266 δαιμόνια
1348 2181 1445 2266 ἐκβα-

249 2289 344 2368 λοῦσι,
368 2289 523 2374 γλώσσαις
545 2288 710 2360 λαλήσονσι
732 2297 866 2368 καιναῖς,
896 2289 981 2375 ὄφεις
1002 2291 1110 2375 ἀροῡσι
1137 2291 1193 2352 κάν
1216 2289 1396 2374 θανάσιμόν
1420 2313 1467 2352 τι·

250 2404 368 2476 πίωσιν,
394 2400 428 2459 ού
444 2403 486 2481 μὴ
505 2399 618 2468 αύτούς
634 2393 754 2478 βλάψῃ,
779 2396 826 2455 ἐπί
851 2397 1031 2480 ἀρρώστους
1053 2403 1164 2483 χεῖρας
1188 2398 1370 2470 ἐπιθησουσι
1395 2404 1447 2460 καί

251 2506 354 2577 καλῶς
381 2499 515 2578 όξονσινε
546 2485 662 2566 τούτων
692 2510 754 2563 τῶν
782 2505 987 2585 χαρισμάτων
1019 2507 1164 2592 πρότερον
1195 2509 1267 2588 ἡμῖν
1292 2504 1448 2569 δοθέντων

207 2633 233 2676 ιε
249 2623 314 2686 τοῖς
330 2611 512 2683 ἀποστόλοις
527 2609 665 2694 μέλλουσι
684 2613 717 2671 τό
734 2607 910 2693 εὐαγγέλιον
933 2610 1150 2697 καταγγέλλειν
1172 2615 1259 2694 πάση
1282 2625 1320 2695 τῇ
1343 2619 1446 2694 κτίσει,

89 2717 96 2724 ’
251 2723 355 2784 ἔπειτα
386 2727 451 2791 τοῖς
482 2717 521 2782 δι’
552 2723 640 2801 ἡμῶν
668 2723 864 2780 πιστεύσασιν
896 2721 1077 2803 ἀναγκαίως
1107 2726 1359 2806 χορηγουμένων.
1396 2724 1448 2783 ούκ

253 2827 313 2917 [είς
324 2833 378 2900 τόν
394 2835 456 2891 τών
473 2830 673 2912 ἐνεργούντων
691 2824 851 2913 ώᾳόλειαν,
869 2823 957 2912 ἀλλ’]
976 2830 1019 2899 είς
1037 2834 1091 2898 τὴν
1105 2837 1165 2890 τῶν
1179 2832 1315 2893 ἀπίστων
1329 2849 1448 2912 συγκα-

250 2937 380 3001 τάθεσιν
402 2938 527 3022 ἐγίνετο,
551 2937 601 2996 ίνα
618 2937 672 3006 οὓς
694 2937 748 2996 ούιι
764 2937 877 2996 ἔπεισεν
899 2933 1034 3019 όλόγος,
1056 2941 1183 3009 τούτους
1199 2941 1218 3008 ἡ
1235 2947 1296 2999 τῶν
1314 2943 1446 3019 σημείων

252 3045 420 3130 δυσωπήσῃ
439 3045 579 3128 δύναμις.
604 3049 644 3106 τά
661 3049 722 3130 γὰρ
749 3051 861 3126 σημεῖα
884 3046 918 3106 ού
942 3051 1007 3116 τοῖς
1028 3053 1146 3117 πιστοῖς
1169 3050 1254 3129 ἡμῖν,
1284 3043 1362 3108 ἀλλὰ
1385 3055 1449 3116 τοῖς

206 3175 233 3217 ευ
252 3158 392 3226 ἀπίστοις
410 3151 572 3216 Ἰουδαίων
594 3175 626 3216 τε
647 3157 697 3214 καί
718 3149 881 3223 Ἑλλήνων.
913 3154 948 3214 σύ
970 3156 1031 3239 γὰρ
1059 3157 1092 3216 τό
1116 3151 1269 3237 δαίμονας
1290 3151 1445 3236 ἐκβάλλειν

250 3268 395 3348 ἡμέτερον
417 3259 534 3347 κέρδος,
559 3259 638 3324 ἀλλά
661 3269 722 3323 τῶν
744 3261 882 3344 ἐνεργείᾳ
905 3269 1033 3344 χριστοῦ
1059 3261 1311 3347 καθαιρομένων,
1334 3261 1449 3335 καθώς

253 3375 347 3444 αύτύς
368 3391 427 3433 τιον
450 3367 603 3433 παιδεύων
628 3373 714 3451 ἡμᾶς
737 3370 754 3430 ό
777 3374 878 3454 κύριος
900 3367 1029 3431 δείκνυσι
1050 3368 1168 3455 λέγων·
1193 3377 1236 3454 μη
1253 3377 1380 3457 χαίρετε
1405 3373 1451 3434 ὅτι

252 3485 293 3544 τά
318 3479 462 3564 δαιμόνια
487 3482 555 3562 ὑμῖν
577 3481 792 3556 ὑπακούουσιν,
820 3476 899 3542 ἀλλά
922 3483 1047 3564 χαίρετε
1069 3479 1112 3540 ὅτι
1134 3484 1175 3542 τὰ
1199 3481 1338 3562 ὀνόματα
1364 3483 1450 3562 ὑμῶν

252 3593 427 3676 γέγραπται
450 3589 480 3650 ἐν
506 3589 646 3673 ούρανῷε
679 3584 781 3657 ἐπειδὴ
804 3589 838 3648 τό
854 3591 909 3670 μὲν
926 3590 1021 3650 αὐτοῦ
1039 3585 1177 3671 δυνάμει,
1200 3591 1235 3651 τό
1260 3587 1293 3651 δέ
1315 3588 1451 3674 ἡμετέρᾳ

206 3715 234 3758 νο
253 3700 356 3779 εύνοίᾳ
371 3702 421 3760 καί
437 3693 567 3777 σπουδῇ,
585 3692 676 3766 δῆλον
693 3695 738 3756 ότι
754 3691 985 3778 βοηθουμένοις
1007 3694 1059 3758 ὑπ’
1079 3697 1185 3758 αύτοῡ.
1211 3699 1263 3758 οὐκ
1278 3699 1452 3780 ἐπάναγκες

252 3805 303 3869 οὗν
320 3807 423 3868 πάντα
439 3807 543 3866 πιστὸν
560 3801 714 3886 ἐκβάλλειν
737 3799 889 3884 δαίμονας
910 3805 930 3874 ἦ
952 3809 1075 3888 νεκρούς
1098 3806 1225 3867 ἀνιστᾶν
1247 3807 1266 3876 ἢ
1289 3802 1451 3886 γλώσσαις

251 3911 362 3994 λαλεῖν,
387 3911 467 3976 ἀλλὰ
490 3916 542 3975 τόν
567 3906 746 3985 ἀξιωθέντα
767 3915 966 3995 χαρίσματος
989 3913 1037 3974 ἐπί
1060 3933 1115 3973 τινι
1133 3913 1220 3991 αίτίᾳ
1242 3916 1380 3996 χρησίμῃ
1406 3913 1451 3982 είς

252 4026 407 4106 σωτηρίαν
436 4029 498 4083 τών
526 4021 662 4084 ἀπίστων
691 4017 934 4102 δυσωπουμένων
962 4017 1106 4090 πολλάκις
1133 4021 1167 4080 σύ
1188 4024 1243 4088 τὴν
1265 4027 1326 4081 τῶν
1347 4017 1447 4102 λόγων

253 4124 424 4208 ἀπόδειξιν,
450 4124 530 4190 ἀλλά
546 4131 600 4198 τήν
616 4136 679 4190 τών
696 4132 828 4210 σημείων
851 4129 1023 4214 ἐνέργειαν,
1048 4121 1142 4200 ἀξίων
1159 4127 1253 4188 ὄντων
1277 4131 1447 4211 σωτηρίας.

335 4285 391 4329 cod.
402 4295 462 4328 mon.
472 4297 496 4338 p.
506 4285 596 4330 ⁶245.
614 4306 638 4318 -·
654 4285 744 4342 ύᾳηειν
758 4283 823 4332 αύτός
837 4285 922 4337 codex,
937 4287 978 4328 εειί
991 4285 1065 4328 nuris
1079 4297 1093 4326 α
1106 4287 1130 4327 εί
1144 4283 1157 4338 β
1170 4295 1240 4338 εορτε
1253 4295 1344 4328 versum
1359 4286 1450 4338 scriptu

252 4370 320 4403 εοεαε
333 4361 359 4402 ln
373 4369 424 4401 oum
438 4367 505 4411 quem
518 4365 561 4410 εςο
575 4359 669 4402 ειίιίοιιί
682 4360 786 4402 σταίησαν
799 4359 905 4401 roduam
920 4361 980 4401 sunt.
1004 4358 1103 4400 Johm.
1118 4359 1166 4400 xvu
1185 4359 1208 4400 6·
1222 4355 1254 4399 ἐ).
1276 4379 1301 4388 -
1323 4359 1336 4400 ί
1350 4357 1449 4400 ίοίιειιιε.

252 4435 301 4476 xvll
314 4434 349 4476 νύ.
371 4454 397 4463 -
421 4433 435 4475 8
456 4433 547 4475 vitietur
560 4443 594 4474 σει
614 4433 644 4486 (ε’
660 4431 710 4486 είί)
730 4437 846 4475 our-tum
865 4433 949 4474 ἐοίεεεε
969 4431 1031 4474 tine·
1045 4431 1171 4484 impedivit,
1190 4431 1309 4483 ηιιοιειίιιιιε
1323 4432 1450 4474 “curatius

252 4509 382 4548 εεείοεεεαι.
398 4525 423 4536 ·-
447 4507 474 4546 10
487 4505 557 4546 Μετο.
572 4506 611 4546 xv!
630 4507 662 4547 Π.
678 4527 704 4536 -
719 4506 745 4546 12
754 4505 834 4551 κεναῖς.
850 4525 876 4536 -
892 4503 957 4546 md
971 4500 997 4544 ού
1008 4533 1014 4546 .
1024 4532 1030 4544 .
1040 4532 1046 4544 .
1057 4502 1130 4560 βλάψῃ
1145 4505 1221 4546 resero
1235 4505 1296 4555 quod
1310 4505 1334 4545 ίιε
1347 4504 1450 4554 ιιιεταίιιο

255 4579 363 4621 habetur:
379 4587 412 4634 γρ.
421 4576 457 4619 καί
466 4575 529 4620 ούδέν
544 4574 622 4624 αύτούς
637 4575 744 4632 ἀδικήσει.
759 4599 784 4609 -
800 4580 826 4620 18
840 4572 1028 4634 χωρηγοομένιυκ.
1043 4598 1070 4608 -
1084 4579 1110 4618 22
1125 4577 1181 4619 Luc.
1195 4578 1259 4619 120.

1215 4673 1229 4720 1
