3120 4980
122 362 164 419 VI

123 537 163 600 21
198 533 426 603 Demosthenis
458 560 581 604 cneum.
623 539 664 603 12
696 559 804 626 quom.
836 536 909 603 hist.
942 538 1102 603 conscrib.
1136 539 1179 604 36
1210 539 1314 602 saltat

125 646 164 709 ll
183 646 336 732 astrolog.
353 648 381 709 1.
396 667 595 734 magnopere
610 668 687 711 vero
703 653 722 720 ῆ
740 647 922 712 διδασκαλία
935 659 996 711 τῶν
1013 649 1192 712 ἀποστόλων
1210 647 1317 711 differt

123 779 142 818 a
166 755 314 842 διδαχαῖς
336 767 397 820 τῶν
421 758 614 836 ἀποστόλων,
645 779 724 841 (quas
746 755 879 820 totidem
901 755 999 820 fuisse
1022 754 1214 820 crediderim
1239 763 1316 840 quot

122 862 284 950 apostolos
304 873 336 926 et
352 863 478 950 syriace
493 885 603 928 versas
619 863 759 927 servavit
775 863 936 927 desertum
955 859 989 929 S.
1007 862 1138 927 Macarii
1156 862 1315 926 uitricum.

122 970 181 1034 sed
201 991 299 1057 quum
317 967 499 1036 Guilelmus
516 969 670 1052 Cureton,
698 992 794 1057 quem
817 970 948 1036 honoris
970 991 1066 1036 causa
1087 969 1235 1051 nomino,
1258 970 1316 1033 has

123 1079 260 1164 διδαχόις
275 1079 335 1143 sibi
352 1077 493 1144 edendas
506 1079 728 1162 reservaverit,
745 1080 820 1144 nolo
836 1080 953 1166 longus
970 1101 1040 1145 esse
1056 1078 1096 1143 de
1112 1081 1220 1161 rebus,
1238 1100 1316 1164 quas

123 1187 240 1250 abillo
261 1169 360 1271 lon'ge
381 1209 478 1273 quam
501 1208 563 1272 ego
585 1186 705 1274 possim
727 1187 841 1252 melius
862 1197 1033 1252 tractatum
1055 1187 1094 1252 iri
1116 1197 1239 1252 certum
1259 1197 1315 1250 cst.

124 1293 229 1358 codex
247 1304 295 1358 est
314 1296 423 1359 14644
439 1295 541 1360 musei
559 1291 730 1360 britannici
746 1295 901 1381 syriacus.

214 1400 320 1466 Venio
338 1404 424 1466 dunc
443 1402 484 1466 ad
506 1409 657 1486 κανόνας,
684 1403 724 1468 de
742 1399 830 1468 cuius
847 1401 997 1469 vocabuli
1018 1402 1253 1490 significatione
1275 1401 1318 1465 ita

124 1509 289 1596 disputare
311 1531 453 1596 nequeo,
483 1521 518 1574 ut
538 1533 598 1598 per
615 1531 726 1576 omnes
743 1510 916 1598 scriptores
939 1533 1075 1598 graecos
1099 1511 1202 1598 qualis
1224 1510 1319 1574 luerit

123 1639 309 1704 persequar,
327 1619 385 1683 scd
400 1617 578 1683 Lucienum
602 1632 634 1684 et
655 1617 902 1685 alexandrinum
920 1619 1121 1685 Clementem
1139 1618 1317 1682 accuratius

124 1725 285 1811 quomodo
307 1726 518 1814 loquerentur
538 1726 674 1814 inspexi.
714 1737 814 1793 κανὼν
838 1729 977 1792 trutinae
1000 1749 1150 1808 examen,
1181 1725 1317 1812 quodsi

123 1844 246 1898 rectum
274 1845 352 1916 stat,
381 1844 549 1921 utramque
576 1835 679 1901 librae
707 1837 833 1901 lancem
858 1833 973 1900 eodem
1000 1833 1145 1922 pondero
1172 1855 1317 1923 pressam

124 1963 194 2005 csse
210 1941 374 2007 indicabit.
407 1942 469 2006 hoc
486 1967 621 2007 cacumen
638 1943 759 2008 dictum
775 1944 910 2008 voluere
925 1943 1080 2024 Romani,
1098 1943 1188 2030 quasi
1205 1947 1317 2028 etcopi-

123 2073 194 2114 men
205 2098 214 2130 ,
240 2049 280 2113 ad
299 2050 386 2136 quod
409 2050 515 2115 oneris
532 2051 742 2137 aequabilitas
759 2051 954 2137 exigeretur.
985 2051 1061 2115 hine
1083 2049 1186 2116 iunxit
1207 2060 1319 2114 auctor

124 2159 306 2222 testamenti
322 2157 534 2246 Nephthalim
552 2157 751 2248 2(Grab.1‚
774 2182 805 2246 p.
827 2159 906 2248 211)
929 2163 1066 2245 σταθμῷ
1084 2168 1133 2223 καί
1149 2166 1251 2246 μότμῳ
1267 2163 1318 2221 καὶ

124 2269 225 2331 κανόνι
242 2279 330 2332 πᾶσα
347 2274 441 2339 κτόσις
457 2271 584 2351 ὑψίστου
601 2277 633 2332 et
648 2265 810 2332 Lucienus
826 2264 984 2332 Hermon.
1003 2269 1023 2332 3
1048 2267 1137 2354 (tom.
1156 2265 1182 2344 I,
1201 2289 1232 2352 p.
1251 2265 1317 2330 855

123 2373 218 2461 Itciz)
246 2379 261 2438 ό
289 2382 449 2460 γνώμων
478 2384 528 2440 καὶ
552 2381 568 2440 ό
592 2380 691 2463 ὀρθός
718 2383 858 2442 aclea:
891 2371 1083 2442 llermotlm.
1111 2377 1152 2440 76
1177 2373 1208 2462 (Ι
1236 2374 1317 2461 820)

125 2485 249 2554 συνόλος
265 2483 429 2567 εὐδαίμων,
453 2488 554 2548 όποῖου
571 2495 633 2572 χρὴ
651 2492 700 2548 τόν
722 2491 864 2550 κανόνα
893 2488 1034 2550 εἶναικαὶ
1061 2487 1242 2570 γνώμονα
1264 2493 1317 2545 τοῦ

124 2599 204 2656 κατὰ
226 2600 280 2664 τῆν
305 2594 416 2677 ἀρετὴν
439 2592 526 2676 βόουε
555 2592 632 2656 ibid.
654 2593 694 2658 18
724 2593 755 2681 (Ι
779 2593 859 2681 757)
887 2599 1008 2681 ἔχωμεν
1031 2601 1147 2656 τουτουὶ
1175 2596 1316 2654 κανόνα

124 2708 175 2764 καί
197 2701 379 2784 στάθμην
403 2701 516 2786 ἀκριβῆ
533 2713 593 2765 τῶν
611 2708 755 2765 τοιούτων
772 2711 822 2766 καὶ
840 2710 901 2788 χρῆ
920 2707 980 2780 ἀπό
998 2748 1005 2762 .
1021 2747 1028 2762 .
1044 2749 1052 2762 .
1070 2700 1315 2785 διαγιγνώσκεινι

126 2829 232 2893 quom.
250 2803 361 2872 histor.
380 2807 538 2872 conscrib.
558 2808 599 2872 63
617 2807 740 2896 (1169)
764 2810 853 2882 οὗτός
870 2831 914 2872 σοι
939 2814 1062 2872 κανὼν
1084 2815 1133 2871 καλ
1158 2809 1316 2890 στάθμη

125 2921 261 3002 ἱστομίας
283 2915 420 2988 δικαίαςε
451 2911 603 3002 scyta?
630 2915 661 3003 (I
678 2915 758 3003 867)
783 2918 872 2990 οὗτός
898 2939 943 2980 σοι
968 2921 983 2980 ό
1009 2917 1160 2990 ἑλληνικός
1183 2921 1316 2993 κανών,

124 3035 212 3087 τοῦτο
238 3025 378 3110 δεῖγμα
402 3037 457 3096 τῆς
474 3025 658 3114 palocopiam
674 3029 807 3098 άττικῆς.
844 3024 889 3088 ita
910 3024 952 3089 ad
976 3023 1139 3088 hominem
1156 3022 1211 3108 qui
1227 3021 1316 3106 qnasi

125 3130 197 3194 viva
217 3130 318 3196 virtus
340 3141 388 3196 est
411 3131 602 3196 transfertur
628 3141 728 3196 κανὼν
756 3155 775 3194 a
790 3131 933 3196 Lucieno
956 3127 1084 3218 Lapitlr.
1105 3133 1122 3194 7
1152 3129 1221 3217 (ΙΙΙ
1238 3128 1317 3214 423)

125 3245 237 3302 κανόνα
264 3243 292 3302 οἱ
314 3240 415 3303 πολλοὶ
442 3242 643 3324 ὀνομάζουσιν
666 3245 758 3304 αὐτόν
781 3245 825 3314 εἰς
847 3250 900 3313 τῆν
925 3242 1086 3326 ὀρθότητα
1109 3252 1165 3311 τῆς
1190 3244 1318 3324 γνώμης

125 3347 352 3432 ἀποβλέποντες
369 3357 402 3410 et
416 3347 538 3412 ironice
551 3347 718 3434 Peregrin.
738 3350 758 3412 9
776 3348 844 3437 (ΙΙΙ
862 3347 942 3436 331)
962 3353 976 3411 ό
993 3348 1189 3411 Πολυκλείτου
1206 3351 1315 3410 κανών.

126 3452 318 3540 copulantur
335 3455 429 3518 etiam
450 3465 550 3520 κανὼν
571 3466 604 3519 et
625 3470 730 3543 πῆχυς
753 3454 885 3524 Lucian.
904 3445 1010 3541 qudm.
1029 3454 1140 3520 histor.
1160 3453 1315 3518 conscrib.

126 3565 145 3626 6
164 3561 214 3650 (ΙΙ
231 3561 265 3648 7)
283 3568 404 3648 ἔχουσιν
418 3568 539 3648 ἄμεινον
554 3567 731 3628 συντιθέναι
748 3570 798 3628 τόν
815 3570 958 3628 κανόνα
979 3575 1083 3627 τοῦτον
1096 3567 1316 3648 προσάγοντες,

125 3679 217 3759 ἤνπερ
235 3697 270 3759 γε
294 3672 365 3758 δόξῃ
388 3678 493 3745 αὐτοῖς
518 3675 617 3758 ὀρθός
638 3675 724 3736 εἶναι·
747 3679 772 3736 εἰ
795 3674 828 3738 δέ
853 3682 913 3758 μῆ,
943 3676 1028 3736 αὐτοὶ
1053 3678 1107 3754 μὲν
1125 3678 1174 3732 καὶ
1191 3675 1257 3732 τότε
1274 3678 1317 3748 τῷ

126 3787 211 3863 αὐτῷ
236 3790 283 3853 πῆ
291 3805 350 3867 χει
375 3784 476 3866 ὥσπερ
501 3788 551 3843 καὶ
574 3793 624 3844 νῦν
649 3789 838 3867 μετρούντων
862 3787 894 3844 τό
918 3793 1067 3867 πρᾶγμα,
1097 3778 1152 3842 ubi
1179 3775 1318 3841 librandi

125 3889 317 3975 significatio
339 3889 372 3952 in
388 3887 617 3976 simpliciorem
634 3887 789 3952 metiendi
810 3910 938 3952 sensum
957 3886 1048 3973 quasi
1072 3895 1244 3950 extenuata
1260 3893 1317 3948 cst.

126 3999 165 4059 cf.
183 4011 287 4082 πῆχυς
303 3999 345 4072 εἷς
362 4007 411 4061 καὶ
429 4005 537 4084 μέτρον
556 3997 684 4083 ἀκριβὲς
701 3994 832 4060 Lucian.
848 4020 878 4082 q.
895 3997 967 4061 hist.
983 4017 1107 4059 censer.
1122 3993 1165 4058 39
1183 3991 1234 4080 (ΙΙ
1250 3991 1317 4078 53).

126 4102 328 4168 discernendi
352 4105 619 4190 significationem
644 4104 730 4168 clare
753 4126 939 4192 expressam
963 4103 1120 4166 habemus
1142 4101 1229 4188 apud
1246 4097 1319 4165 Ole-

126 4221 266 4275 mentem
287 4214 360 4294 lbl,
379 4213 421 4278 38
447 4218 461 4277 ό
486 4220 579 4298 νόμος
603 4223 702 4278 κανὼν
727 4219 891 4300 τυγχάνων
919 4211 1041 4274 δικαίων
1067 4233 1098 4272 τε
1122 4218 1172 4274 καὶ
1196 4209 1318 4274 ἀδίκων.

126 4320 246 4384 nullam
272 4343 349 4384 vero
381 4322 652 4409 praepositionem
676 4322 803 4408 saepius
831 4318 964 4384 assumit
995 4316 1188 4384 vocabulum
1220 4316 1321 4382 hocce

57 4507 60 4513 Ι
126 4452 222 4515 ιμιιιιιι
251 4437 331 4493 κατὰ
361 4429 401 4492 ad
429 4430 634 4494 indicandam
663 4428 904 4494 similitudinem
932 4437 964 4492 et
992 4425 1237 4512 congruentiam
1264 4424 1320 4488 ali·

127 4559 234 4622 quom,
260 4559 323 4624 qua
340 4537 381 4602 od
398 4538 581 4624 exemplum
602 4537 689 4624 quod
714 4548 865 4623 tanquam
883 4535 1040 4624 optimum
1055 4534 1257 4623 propositum
1274 4543 1322 4597 est

101 4874 228 4942 ,Α
