3128 4972
702 433 915 496 „30-

208 599 363 666 contendi
383 608 495 685 potest
515 601 708 666 observasse
730 601 907 686 pristinum
929 621 1049 665 coenas
1072 621 1196 663 morem
1218 597 1407 663 ludaicum.

207 721 294 784 Nam
322 719 356 784 in
380 719 565 784 Cnuuuurrs
595 721 728 805 quidem
757 723 994 784 Auuuauorusr
1021 719 1217 804 fragmentis
1247 718 1287 782 (1(
1317 719 1412 782 nulla

206 861 241 904 re
264 838 384 924 agitur,
409 839 472 904 uisi
495 840 536 904 de
559 840 666 918 νῇνῶν
684 837 794 920 ἡμερῶν
812 835 948 921 ἀκριβείᾳ.
990 839 1108 904 Monet
1131 838 1218 904 enim
1241 839 1409 916 Clemens,

146 1043 150 1051 ⁸
205 959 386 1024 Dominum
409 959 508 1024 tertio
533 959 665 1043 quidem
688 958 815 1024 decimo
839 958 892 1024 die
916 959 1095 1044 discipulos
1120 959 1193 1044 typi
1215 955 1412 1043 mysterium

206 1079 357 1142 docuisse
365 1103 374 1155 ;
404 1080 467 1142 hoc
491 1079 544 1143 die
567 1079 788 1164 interrogasse
816 1101 887 1143 eos:
934 1078 1078 1144 Ubinam
1101 1078 1150 1142 vis
1173 1099 1325 1163 paremus
1348 1075 1413 1142 tibi

206 1201 329 1282 pascha
357 1198 540 1262 edendum?
571 1201 632 1262 hoc
660 1198 711 1263 (11(
737 1189 1025 1264 consecrationem·
1047 1219 1238 1283 azymorum
1267 1205 1302 1261 et
1325 1197 1412 1260 eele-

206 1317 365 1383 brationis
388 1317 672 1402 praeparationem
695 1318 819 1382 factam
843 1340 931 1396 esse;
956 1321 1020 1383 hoc
1044 1318 1096 1382 die
1112 1317 1291 1382 Dominum
1313 1315 1412 1380 disci·

205 1438 359 1522 pulcrum
386 1437 487 1521 pedes
511 1437 665 1502 abluisse.
711 1438 839 1502 Quarto
864 1445 975 1502 autem
998 1437 1127 1502 decimo
1152 1437 1203 1502 die
1228 1434 1411 1502 Dominum

207 1556 403 1642 supplicium
426 1579 558 1642 passum
583 1579 671 1635 esse;
703 1560 765 1622 hoc
789 1558 841 1622 (11(
866 1558 1038 1643 pontifices
1067 1558 1256 1641 scribasque
1280 1563 1412 1640 praeto·

206 1677 290 1742 rium
313 1676 448 1742 introire
471 1677 633 1757 noluisse,
664 1701 705 1742 ne
728 1677 1032 1743 contaminarentur
1055 1699 1137 1740 neve
1161 1675 1411 1760 impedirentur,

207 1797 380 1882 quominus
410 1819 543 1881 vespere
572 1800 696 1881 pascha
725 1799 873 1863 ederent.
921 1797 1075 1862 Clemens
1107 1819 1184 1880 ergo
1208 1795 1291 1859 nihil
1322 1793 1413 1858 aliud

206 1917 294 2001 agit,
323 1917 386 1981 nisi
413 1924 452 1980 ut
475 1915 631 1981 historiae
655 1939 766 1981 sacrae
790 1917 1039 2002 chronologiam
1064 1923 1219 2000 exponat.
1268 1917 1412 1978 Demon-

207 2043 292 2099 strat
319 2019 423 2114 enim,
452 2035 552 2099 tertio
577 2035 703 2100 decimo
728 2036 780 2100 die
803 2037 983 2100 Dominum
1013 2035 1165 2100 ultimam
1189 2057 1324 2100 coenam
1354 2035 1412 2098 ha·

207 2155 334 2232 buisse;
360 2162 478 2239 quarto
502 2154 628 2219 decimo
656 2164 766 2220 autem
792 2177 869 2236 eum,
890 2165 1056 2220 mortuum
1080 2177 1162 2219 esse.
1210 2155 1335 2218 Contra
1355 2152 1414 2216 ad·

207 2273 341 2340 versarii
370 2274 542 2353 dicebant,
573 2285 689 2359 quarto
720 2275 847 2340 decimo
871 2276 923 2340 (11(
946 2276 1126 2340 Dominum
1154 2296 1290 2338 coenam
1320 2295 1412 2336 suam

208 2394 315 2478 egisse
340 2401 373 2458 et
390 2393 504 2477 quinto
521 2394 649 2459 decimo
666 2396 797 2459 demum
822 2417 895 2460 eum
913 2395 1002 2460 cruci
1025 2395 1160 2459 affixum
1184 2415 1267 2458 esse.
1302 2392 1412 2456 Quare

209 2513 309 2578 etiam
332 2535 366 2577 se
389 2513 479 2598 ipsos
503 2537 638 2579 coenam
661 2537 754 2578 suam
773 2516 848 2600 jore
870 2515 1055 2600 meritoque
1080 2515 1132 2578 die
1149 2521 1266 2599 quarto
1283 2512 1412 2577 decimo

208 2632 382 2698 instituere
399 2635 656 2698 contendebant.
681 2635 776 2699 Hanc
793 2644 903 2699 autem
921 2657 1056 2700 coenam
1071 2636 1273 2699 ludaeorum
1289 2633 1413 2717 pascha

208 2753 320 2832 fuisse,
346 2773 363 2817 e
388 2752 570 2817 Clementis
594 2753 726 2837 quidem
749 2754 858 2818 verbis
883 2754 1015 2820 minime
1040 2753 1194 2818 efficitur.
1222 2793 1261 2801 -—
1284 2751 1412 2816 Deinde

209 2893 249 2936 ex
266 2881 468 2936 Aronmsan
484 2873 680 2956 fragmentis
697 2873 926 2957 comperimus,
952 2873 1155 2938 adversarios
1180 2875 1220 2938 ab
1244 2895 1282 2937 eo
1304 2871 1411 2955 impu·

209 3001 331 3077 gnatos
356 2992 577 3071 contendisse,
603 2987 646 3054 du
662 2995 696 3071 πῇ
714 2989 747 3053 rd'
766 2989 800 3053 rb
818 2989 964 3074 πρόβατον
981 2989 1054 3071 μετὰ
1072 2995 1128 3053 τῶν
1146 2993 1289 3071 μαθητῶν
1306 2986 1411 3068 ἔφαγεν

210 3109 349 3192 dropace,
367 3112 400 3190 τῇ
418 3106 447 3173 di
464 3109 572 3192 μεγάλη
590 3109 681 3194 ἡμέρᾳ
699 3112 756 3172 πῶν
774 3107 889 3190 ἀζύμων
906 3109 994 3181 αὐτὸς
1010 3110 1133 3174 ἔπαθεν.
1176 3115 1264 3177 Item
1287 3110 1412 3174 HIPPO-

210 3253 307 3296 urrus
345 3233 567 3296 adversarium
606 3232 655 3297 ita
690 3231 772 3296 facit
809 3232 1017 3316 loquentem:
1052 3227 1164 3309 ἐποίησε
1196 3228 1229 3292 πὸ
1265 3228 1365 3309 πάσχα
1397 3224 1413 3290 ὁ

213 3353 415 3439 Χριστὸνπότ(
429 3362 463 3437 τῇ
481 3357 573 3440 ἡμέρᾳ
592 3353 640 3420 καὶ
659 3357 787 3421 ἔπαθεν·
805 3355 857 3421 διὸ
875 3355 963 3438 κάμὲ
981 3363 1035 3421 δεῖ
1050 3355 1090 3422 ὃν
1106 3357 1240 3438 τρόπον
1259 3356 1274 3420 ὁ
1293 3355 1415 3436 κύριος

210 3473 370 3556 ἐποίησεν
397 3471 488 3538 οὕτω
515 3485 628 3539 ποιεῖν.
676 3479 770 3545 Quae
795 3479 979 3564 Apolinarii
1002 3487 1036 3544 et
1060 3479 1235 3564 Hippolyti
1259 3475 1416 3542 verba'id

210 3596 342 3682 quidem
375 3595 512 3674 docent,
553 3597 812 3662 adversariorum
848 3599 1046 3664 sententiam
1080 3599 1196 3677 fuisse,
1235 3597 1416 3662 Dominum

209 3725 387 3800 antequam
409 3723 515 3779 morte
539 3717 777 3801 defungeretur
799 3718 851 3782 die
876 3727 992 3801 quarto
1018 3718 1144 3782 decimo
1169 3739 1282 3782 verum
1306 3715 1417 3800 legiti-

210 3856 364 3919 mumque
387 3837 521 3919 pascha,
547 3859 669 3920 agnum
693 3845 727 3901 et
750 3860 876 3921 azyma,
903 3837 1021 3901 edisse.
1062 3837 1118 3900 Sin
1142 3859 1218 3900 vero
1243 3836 1315 3920 quis
1341 3858 1418 3898 con-

208 3955 337 4036 tendat,
363 3955 496 4019 eosdem
520 3955 595 4020 inde
612 3957 800 4040 collegisse,
826 3956 890 4019 sihi
913 3955 993 4040 ipsis
1011 3978 1142 4040 quoque
1160 3955 1301 4038 singulis
1325 3953 1418 4018 annis

209 4075 351 4140 Domino
376 4081 510 4139 auctore
532 4070 566 4136 τὸ
584 4069 660 4134 κατὰ
678 4072 765 4152 νόμον
783 4072 884 4154 πάσχα
914 4075 1159 4139 observandum
1184 4095 1272 4151 esse,
1303 4092 1418 4156 parum

209 4203 305 4261 caute
328 4198 392 4260 hoo
418 4191 549 4258 dictum
579 4171 650 4258 esse
674 4191 754 4256 mihi
778 4192 919 4258 videtur.
967 4194 1192 4258 Affirmabant
1216 4192 1319 4269 enim,
1352 4191 1419 4254 Do·

210 4315 334 4379 minum
358 4313 465 4379 edisse
489 4308 522 4374 τὸ
540 4309 695 4394 πρόβατον.
741 4311 840 4376 Quod
868 4311 955 4376 idem
984 4311 1012 4376 si
1041 4311 1228 4378 faciendum
1256 4309 1319 4376 sibi
1349 4330 1420 4374 esse
