2998 4972
100 445 118 494 η
138 427 171 478 ιε
1155 425 1215 488 251

100 592 157 658 καλ
179 591 373 672 άτιθάσοις,
400 589 550 674 ἑρπετῶν
564 601 756 673 σνριγμοῑς,
780 589 919 672 πτηνῶν
934 589 1099 651 ποικίλων
1113 588 1218 669 κλαγ-

98 705 189 780 γαίς,
219 693 387 760 ἐνιαυτῶν
407 690 560 772 κύκλοις,
583 695 700 776 μηνῶν
723 689 779 758 καλ
797 686 932 775 ἡμερῶν
949 685 1117 773 δριθμοίς,
1138 709 1217 771 τρο-

99 799 176 861 πῶν
206 794 335 876 τάξεσι,
367 797 484 878 νεφῶν
519 789 738 877 όμβροτόκων
768 792 965 876 διαδρομαίς
996 790 1044 865 εἰς
1076 791 1218 874 καρπῶν

98 894 205 981 γονάς
225 895 282 961 καλ
304 895 398 983 ζρόων
423 894 604 976 σύστασιν,
631 891 786 978 σταθμόν
813 891 947 976 άνέμων
972 888 1215 972 διαπνεόντων,

98 996 154 1063 ότε
177 999 415 1082 προσταχθῶσι
436 993 528 1081 παρά
548 999 627 1078 σοῦ,
656 999 724 1060 τῶν
753 997 872 1080 φυτῶν
893 990 950 1058 καλ
970 996 1040 1058 τῶν
1061 994 1250 1076 βοτανῶνό

98 1097 137 1164 τδ
160 1102 298 1184 πλῆθος.
343 1097 399 1163 καλ
421 1097 463 1162 οό
482 1097 589 1182 μόνον
606 1095 667 1162 τόν
680 1095 810 1182 κόσμον
830 1094 1109 1180 ἐδημιούργησας,
1129 1089 1217 1158 άλλά

98 1199 156 1266 καλ
178 1197 239 1265 τόν
259 1203 508 1285 κοσμοπολίτην
527 1197 713 1281 ἄνθρωπον
733 1198 772 1264 ἐν
787 1194 879 1287 αὐτῷ
897 1196 1067 1281 ἐποίησας,
1087 1193 1216 1279 κόσμου

97 1301 228 1386 κόσμον
260 1303 278 1341 *
314 1299 505 1380 ἀναδείξας·
545 1295 639 1376 εἶπας
673 1299 738 1385 γάρ
771 1303 812 1387 τῇ
846 1301 890 1386 σῇ
920 1301 1025 1385 σοφίη
1057 1295 1218 1381 Ποιήσω-

96 1427 164 1488 μεν
189 1401 377 1488 άνθρωπον
404 1401 477 1468 κατ’
508 1401 622 1469 εἰκόνα
649 1399 816 1489 ἡμετέραν
842 1400 899 1466 καλ
929 1397 1010 1467 καθ’
1043 1396 1215 1484 ὁμοίωσιν,

97 1505 156 1572 καλ
177 1503 372 1591 άρχέτωσαν
397 1509 467 1570 τῶν
494 1504 624 1589 λχθόιον
651 1508 709 1588 τῆς
733 1503 907 1588 θαλάσσης
933 1501 990 1568 καλ
1015 1504 1084 1567 τῶν
1105 1521 1217 1566 πετει-
1235 1520 1267 1572 10

96 1609 171 1672 νῶν
186 1609 248 1672 τοῦ
267 1603 426 1692 οὐρανοῦ.
470 1604 525 1672 διό
545 1605 602 1672 καὶ
617 1609 802 1691 πεποίηκας
821 1602 924 1671 αὐτόν
947 1603 985 1670 ἐκ
999 1605 1107 1688 ψυχῆς
1128 1598 1217 1668 άθα-

96 1707 205 1774 νάσου
231 1707 289 1775 καλ
316 1707 468 1792 σῶματος
495 1709 698 1791 σκεδαστοῦ,
725 1711 784 1792 τῆς
803 1709 867 1792 μὲν
895 1705 933 1772 ἐκ
951 1709 1012 1774 τοῦ
1042 1702 1087 1788 μὴ
1108 1700 1215 1786 ὄντος,

94 1814 159 1876 τοῦ
180 1810 218 1876 δέ
235 1811 273 1876 ἐκ
289 1813 357 1876 τῶν
372 1807 546 1896 τεσσάρων
567 1813 757 1894 στοιχείων,
778 1808 836 1876 καλ
855 1810 1004 1886 δέδωκας
1020 1804 1111 1893 αὐτῷ
1130 1802 1216 1870 κατά

94 1913 161 1998 μὲν
183 1911 247 1996 τνΙν
268 1909 381 1997 ψυχὴν
402 1910 465 1996 τνΙν
487 1909 627 1996 λογικνΙν
648 1911 844 1996 διάγνωσιν,
866 1909 1038 1998 εὐσεβείας
1056 1905 1114 1972 καλ
1135 1902 1215 1972 άσε·

93 2018 191 2100 βείας
214 2013 403 2098 διάκρισιν,
424 2015 558 2080 δικαίου
578 2014 634 2081 καλ
655 2011 778 2080 άδίκον
795 2011 1046 2098 παρατήρησιν,
1069 2012 1154 2076 κατὰ
1175 2009 1214 2075 δὲ
1234 2027 1266 2080 15

94 2115 134 2181 τό
157 2119 254 2199 σῶμα
276 2114 339 2200 τήν
361 2116 554 2181 πένταθλον
582 2114 727 2201 ἐχαρίσω
755 2120 916 2200 αίσθησιν
944 2112 1001 2180 καλ
1025 2109 1088 2198 ωΙν
1113 2133 1215 2195 μετα-

92 2215 242 2303 βατικὴν
263 2221 408 2303 κίνησιν.
453 2213 496 2282 σύ
516 2215 597 2302 γάρ,
627 2219 687 2282 θεὲ
714 2217 965 2303 παντοκράτωρ,
993 2212 1050 2280 διό
1077 2215 1216 2299 χριστοῦ

93 2319 307 2404 παράδεισον
335 2318 374 2384 ἐν
393 2315 491 2403 Ἐδὲμ
516 2317 600 2384 κατά
631 2316 797 2395 όνατολόις
829 2319 1019 2404 ἐφύτευσας
1044 2317 1215 2380 παντοίων

93 2423 218 2505 φυτῶν
240 2419 416 2504 ἐδωδίμων
435 2418 566 2508 κόσμῳ,
590 2419 646 2486 καλ
669 2421 707 2486 ἐν
727 2417 836 2508 αὐτῷ,
859 2416 904 2496 ῶς
920 2414 965 2484 άν
984 2417 1023 2484 ἐν
1045 2417 1137 2503 ἑστίᾳ
1152 2437 1216 2482 πο-

92 2525 247 2605 λυτελεῖ,
276 2521 450 2607 εἰσήγαγες
481 2519 601 2604 αὐτόν,
634 2516 700 2588 κάν
725 2527 772 2610 τῷ
800 2531 910 2588 ποιείν
931 2519 1039 2606 νόμον
1066 2519 1216 2594 δέδωκας
1231 2535 1267 2588 2⁰

93 2621 190 2710 αὐτῷ
227 2626 395 2709 ἔμφυτον,
434 2621 523 2701 ὅπως
554 2629 693 2690 οίκοθεν
726 2625 783 2690 κοιλ
812 2622 892 2708 παρ’
921 2621 1044 2688 ἑαυτοῦ
1072 2623 1141 2706 ἔχοι
1173 2617 1215 2686 τό

92 2726 271 2810 σπέρματα
292 2729 351 2810 τῆς
371 2729 590 2811 θεογνωσίας.
638 2722 825 2810 ελσαγαγῶν
846 2725 884 2791 δὲ
906 2726 953 2802 είς
974 2723 1035 2792 τόν
1055 2727 1114 2809 τῆς
1131 2747 1215 2809 τρυ-

92 2831 164 2914 φῆς
187 2826 412 2911 παράδεισον,
442 2827 581 2895 πάντων
602 2828 665 2911 μὲν
692 2823 821 2912 άνῆκας
847 2823 939 2916 αὐτῷ
967 2826 1030 2912 τιΙν
1058 2828 1215 2906 ἐξουσίαν

90 2928 181 3016 πρὸς
209 2929 413 3015 μετάληψιν,
447 2927 522 3006 ἑνός
549 2931 586 2995 δὲ
612 2929 720 3015 μόνον
752 2927 814 3014 την
839 2933 958 3015 γεῦσιν
985 2928 1129 3004 ἀπείπας
1157 2923 1212 2994 ἐπ’

93 3031 212 3099 ἐλπίδι
235 3031 455 3115 κρειττόνων,
486 3029 552 3111 ἵν’,
583 3031 645 3098 ἐάν
665 3031 799 3118 φυλάξῃ
821 3030 883 3116 τιΙν
905 3030 1064 3116 ἐντολήν,
1086 3027 1214 3114 μισθόν
1230 3045 1265 3096 ιω

89 3133 218 3218 ταύτης
238 3130 301 3218 τὴν
323 3131 518 3200 ἀθανασίαν
539 3137 725 3218 κομίσηται.
771 3132 985 3219 ἀμελήσαντα
1011 3132 1048 3197 δλ
1075 3135 1135 3216 τῆς
1157 3131 1215 3197 ἐν-

89 3239 194 3318 τολῆς
215 3233 272 3300 καλ
291 3235 505 3320 γευσάμενον
526 3233 804 3322 ἀπηγορευμένον
819 3237 952 3320 καρποῦ
972 3231 1083 3319 άπάτῃ
1106 3232 1217 3317 ὄφεως

89 3336 151 3404 καλ
173 3339 367 3424 συμβουλίᾳ
386 3335 548 3421 γυναικός
569 3339 714 3422 τοῦμὲν
736 3337 945 3423 παραδείσου
973 3337 1111 3412 δικαίως
1131 3333 1214 3414 ἐξά-

89 3457 154 3517 σας
174 3435 297 3520 αὐτόν,
320 3437 505 3524 άγαθότητι
528 3440 565 3505 δὲ
592 3441 638 3517 είς
659 3437 696 3505 τὸ
717 3438 878 3514 παντελὲς
894 3436 1132 3522 ἀπολλύμενον
1152 3433 1214 3522 οόχ

89 3539 270 3625 ὑπερεῖδες
298 3538 377 3623 (σόν
403 3540 468 3624 γ’άρ
496 3530 541 3625 ἦν
568 3540 830 3628 δημιούργημα),
861 3537 947 3606 άλλά
976 3538 1214 3619 καθυτοτάξας
1230 3551 1265 3604 30

160 3709 579 3777 8οεω1,2δΙλ8(λειι·ὶ,8

90 3885 102 3936 l
123 3872 301 3940 άτιθάσσοις
319 3886 331 3932 λ
349 3878 355 3947 Ι
378 3881 390 3932 1
409 3881 554 3942 ποικίλαις
571 3900 590 3948 y
609 3880 613 3949 Ι
634 3883 651 3935 3
668 3879 783 3947 τάξεσιν
801 3901 818 3934 x
839 3880 844 3942 Ι
862 3884 880 3934 λ
898 3883 1040 3949 σταθμοῖς
1057 3899 1076 3949 y
1090 3882 1094 3945 Ι
1109 3883 1127 3934 5
1143 3895 1212 3947 προ·

87 3963 260 4034 τταχθῶσιν
275 3981 293 4016 x
313 3963 318 4032 Ι
338 3967 354 4018 5
371 3964 429 4016 τῶν
444 3973 588 4034 utrumque
605 3969 640 4032 >
657 3983 676 4033 y
696 3969 700 4032 Ι
724 3960 789 4019 διὸ
808 3965 923 4034 πλῆθος
938 3973 983 4031 xt,
1001 3960 1126 4034 πλήθεσι
1142 3981 1161 4030 y
1176 3963 1181 4030 Ι
1195 3965 1214 4014 8

89 4043 185 4104 πότόν
197 4048 233 4114 Ι·
242 4053 274 4114 γι
289 4049 295 4112 Ι
308 4048 333 4100 8.
346 4047 364 4100 θ
376 4042 534 4116 ποιήσομεν
546 4049 577 4118 ιΙ
594 4052 626 4102 16
644 4043 801 4119 ἐχαρήσωιι
816 4051 821 4118 Ι
838 4053 869 4103 17
887 4043 1092 4116 παντοκράτωρ
1109 4065 1145 4114 xy
1160 4049 1165 4112 Ι
1181 4049 1213 4102 19

87 4130 241 4201 ἐδοδίμων
258 4151 275 4185 x
291 4134 295 4197 Ι
312 4132 344 4184 19
362 4129 457 4199 κότμω
474 4142 517 4196 τι,
540 4131 764 4204 πεπληρωμένον
780 4153 799 4202 y
818 4141 823 4196 Ι
842 4137 877 4188 20
893 4125 949 4190 κάν
966 4136 1004 4201 τῷ
1021 4131 1129 4199 ποιείν]
1149 4128 1213 4186 ελτα

87 4218 142 4273 παλ
159 4235 179 4285 y
200 4219 204 4284 Ι
224 4221 258 4270 22
275 4217 326 4285 τῆς
344 4219 462 4270 ultorum
478 4219 549 4285 >y
568 4221 574 4283 Ι
592 4221 626 4272 25
645 4219 695 4272 ἴνα
712 4227 744 4288 γε
767 4223 771 4286 Ι
796 4222 831 4273 26
847 4213 992 4289 άμελήσας
1009 4234 1045 4284 κγ
1068 4217 1074 4284 Ι
1096 4219 1129 4268 2¹1
1147 4233 1211 4284 γευ-

86 4301 218 4371 σάμετος
235 4319 271 4367 xy
294 4303 299 4368 Ι
319 4302 353 4356 28
370 4301 545 4370 τνμδουλεία
561 4305 599 4371 y}
619 4305 661 4356 28.
675 4305 709 4358 ἰθ
727 4300 832 4370 ἕξοντας
850 4311 889 4370 τι,
908 4297 1014 4370 ἐξῶσας
1031 4321 1049 4370 y
1068 4305 1074 4373 Ι
1093 4303 1127 4357 30
1143 4319 1210 4358 οπε-

88 4387 173 4456 ρίδες
191 4403 209 4437 x
