2994 4972
87 425 101 462 ε
121 409 188 461 1-2
1145 425 1206 486 125

84 599 143 660 με,
163 575 204 640 ἐν
222 579 362 661 φυλακῇ
382 575 472 664 ἥμην
493 579 549 644 καὶ
570 578 692 664 ἤλθετε
720 579 803 664 πρὸς
826 582 876 664 μέ.
921 582 996 648 τότε
1017 581 1208 669 ἀποκριθή-

84 696 206 743 σονται
239 683 257 722 *
300 678 337 743 υί
372 679 496 744 δίκαιοι
535 682 689 766 λέγοντες
721 682 845 768 Κύριε,
886 684 966 749 πότε
999 702 1036 750 σε
1073 687 1207 770 είδομεν

37 783 266 846 ..ιπεινῶντα
289 780 346 846 καλ
365 779 576 865 ἐθρέψαμεν,
604 777 627 866 ἢ
648 784 800 861 διψῶντα
828 783 886 850 καὶ
912 784 1129 870 έποτίσαμεν;
1151 782 1208 875 ΙΙῆ

82 877 219 964 γυμνὸν
238 880 296 946 καὶ
319 883 580 966 περιεβάλομεν,
602 879 776 970 ἤάσθευῆ
804 885 860 952 καί
884 887 1158 973 ε’πεσκεψάμεθα;
1184 885 1207 972 ἢ

84 985 185 1060 ξένου
203 981 261 1048 καί
278 981 526 1067 συνηγάγομεν,
549 980 573 1070 ἤ
592 985 631 1051 έν
650 989 790 1073 φυλακῇ
809 987 865 1054 καί
882 985 1036 1074 ἤλθομεν
1052 988 1136 1074 πρὸς
1153 990 1206 1068 σέ;
1224 1005 1241 1054 5

84 1083 143 1148 καλ
159 1082 361 1169 ἀποκριθεὶς
384 1084 453 1170 έρει
471 1083 585 1164 αὐτοῖς
603 1085 676 1171 Ἐφ’
701 1086 784 1154 ὅσον
805 1088 984 1175 ἐποιήσατε
1006 1089 1056 1158 ένλ
1077 1091 1207 1158 τούτων

83 1189 155 1252 τῶν
187 1184 350 1270 ἀδελφῶν
381 1211 448 1270 μου
479 1191 548 1253 τῶν
584 1187 784 1272 ἐλαχίστων,
819 1191 894 1274 ε’μοδ
922 1191 1115 1276 ἐποιήσατε·
1150 1193 1206 1258 καὶ

50 1284 333 1356 λάπελεύσονται
349 1278 441 1354 οὗτοι
458 1291 504 1365 είς
523 1287 610 1373 ζωὴν
632 1289 815 1358 αίῶνιον.”Ι
840 1295 843 1374 Ι
868 1295 899 1358 εί
915 1294 955 1358 δέ
971 1317 1031 1375 τις,
1055 1291 1207 1377 ἀδελφὸν

84 1389 196 1472 λέγων
229 1387 352 1454 ἑαυτὸν
380 1385 483 1472 εἶναι,
514 1389 700 1475 ἀπατηθείς
731 1389 798 1458 ὑπὸ
830 1397 891 1460 τοῦ
918 1398 1071 1478 πονηροῦ
1103 1419 1208 1460 κακο-

82 1490 210 1575 κοιήση
234 1490 290 1556 καὶ
313 1490 484 1575 ἐλεγχθεὶς
517 1498 707 1578 κατακριθῇ
728 1496 868 1582 θανάτῳ
889 1491 934 1573 ῶς
958 1492 1071 1580 μοιχὸς
1096 1492 1119 1580 ἢ
1140 1520 1206 1581 φο-
1226 1511 1257 1562 Ιο

83 1592 187 1672 νεύς,
218 1597 401 1678 χωριζεσθε
427 1591 486 1658 ἀπ’
519 1589 642 1676 αὐτοῦ,
671 1597 729 1662 ἵνα
753 1587 813 1680 ἦτε
842 1595 980 1680 ἀσυλοι,
1009 1595 1065 1662 καὶ
1090 1596 1136 1682 μή
1157 1622 1207 1674 τις

81 1691 183 1778 ὑμῶν
206 1691 251 1769 ῶς
274 1692 439 1771 κοινωνὸς
464 1699 525 1760 τοῦ
545 1696 674 1779 μύσους
701 1694 901 1782 ὑποπτευθῄ
928 1698 985 1764 καί
1010 1699 1206 1782 καταχέηται

81 1799 318 1880 βλασφημίαν,
333 1793 407 1873 *ῶς
425 1796 563 1863 πάντων
575 1803 779 1882 χριστιανῶν
791 1800 978 1884 χαιρόντων
993 1799 1049 1865 έπλ
1062 1811 1129 1875 τοῖς
1141 1822 1206 1864 πα-

83 1897 248 1980 ρανόμοις
263 1900 389 1981 ἔργοις·
414 1897 467 1964 διδ
480 1899 615 1984 μακράν
630 1905 646 1940 *
662 1899 721 1966 ἀπ’
737 1896 850 1968 αὐτῶν
865 1913 1012 1988 χωρεῖτε.
1043 1913 1112 1977 τοῖς
1125 1903 1207 1985 μίν-

82 2023 136 2065 τοι
156 1999 215 2064 διά
236 1998 373 2083 χριστὸν
394 1999 466 2066 κατ’
492 2000 653 2086 ἐπήρειαν
675 2002 765 2087 παρά
786 2007 855 2068 τῶν
874 2001 1008 2087 ἀσεβῶν
1028 2005 1205 2086 συγκλειο-
1225 2019 1257 2070 15

81 2103 200 2185 μένοις
229 2104 277 2177 είς
302 2100 461 2188 φυλακην
483 2098 506 2186 ἢ
533 2101 615 2189 πρὸς
641 2104 796 2172 θάνατον
824 2099 1095 2188 έκδιδυμέυοιςιῖ
1123 2102 1208 2188 πρὸς

82 2202 193 2288 δεσμά
223 2202 279 2270 καὶ
309 2201 443 2287 έξορίαν
471 2204 561 2290 πάσῃ
591 2207 725 2292 σπουδῇ
749 2211 923 2291 βοηθεῖτε,
946 2205 987 2273 τά
1008 2209 1089 2292 μέλη
1110 2203 1207 2291 ὑμῶν

83 2307 247 2390 ρυόμενοι
265 2303 303 2370 έκ
316 2309 439 2389 χειρῶν
455 2304 631 2390 ἀθέσμων·
649 2315 706 2372 καλ
724 2307 785 2374 ἐάν
805 2333 854 2384 τις
871 2307 1013 2384 αὐτοῖς*
1028 2312 1206 2390 συγκείμε-

83 2431 144 2484 νος
163 2411 320 2492 κρατηθῇ
339 2413 355 2450 *
375 2408 431 2472 καὶ
448 2410 571 2485 αἰκίαις
586 2403 751 2494 ἀποπέσῃ,
772 2409 935 2495 μακάριός
954 2409 1047 2475 ἐστιν
1069 2407 1118 2474 ὅτι
1133 2431 1206 2474 κοι-

83 2506 195 2586 νωνδς
215 2508 397 2594 μαρτύρων
412 2508 544 2593 ἐγένετο
564 2509 619 2576 καὶ
640 2509 783 2596 μιμητής
796 2515 865 2576 τῶν
880 2516 941 2577 τοῦ
962 2514 1084 2596 κυριόυ
1098 2509 1206 2596 Ἰησού
1223 2527 1257 2578 20

82 2759 199 2819 2αύτῶ
216 2766 249 2835 -Ι-
267 2773 278 2817 t
298 2769 302 2830 Ι
322 2769 338 2817 2
357 2764 459 2834 ἴδομεν
477 2774 506 2818 τι
525 2767 530 2831 Ι
551 2769 566 2820 3
586 2775 612 2818 et
631 2771 647 2818 4
666 2757 685 2835 ἢ
703 2770 826 2820 ultimum
845 2787 937 2835 wxyz,
956 2763 1024 2822 πότε
1044 2765 1076 2822 δέ
1095 2785 1125 2822 σε
1145 2769 1205 2822 ίδο-

83 2859 170 2920 μενι
195 2853 200 2916 Ι
225 2851 243 2902 8
265 2843 329 2903 τότε
352 2843 415 2916 έρεί
433 2849 483 2903 καλ
505 2855 565 2911 τοῖς
590 2845 619 2916 ἐξ
643 2844 805 2919 εὐωνύμων.
829 2849 989 2921 πορεύεσθε
1011 2845 1065 2906 ἀπ’
1088 2848 1158 2920 έμού
1176 2848 1208 2904 ολ

83 2932 282 3004 κατηραμένοι
302 2931 344 2996 είς
360 2929 393 2988 τό
411 2937 468 3002 πύρ
491 2931 523 2988 τδ
541 2932 660 2990 αίῶνιον
682 2933 714 2991 τὸ
731 2931 943 3006 ἡτοιμασμένον
960 2939 997 2991 τῶ
1014 2934 1138 3006 διαβόλω
1155 2935 1205 2990 καλ

83 3026 147 3082 τοῖς
170 3011 304 3087 ἀγγέλοις
325 3011 423 3073 αύτού.
457 3013 595 3074 έπείνασα
619 3015 687 3088 γὰρ,
718 3021 767 3074 καλ
791 3015 843 3076 ούκ
867 3015 992 3075 έδῶκατέ
1013 3040 1062 3090 μοι
1087 3027 1203 3090 φαγεῖν.

84 3102 225 3172 ἐδίψησα,
244 3102 293 3156 καλ
312 3097 364 3158 ούκ
384 3099 532 3158 ἐποτίσατέ
550 3123 593 3173 με.
625 3101 706 3170 ξένος
723 3101 815 3175 ἥμην,
839 3105 888 3159 καί
911 3097 945 3158 οδ
964 3103 1138 3174 συνηγάγετέ
1160 3124 1205 3174 με.

84 3186 209 3259 γυμνὸς,
236 3187 287 3241 καλ
309 3180 344 3241 ου’
367 3184 549 3257 περιεβάλετέ
571 3208 615 3258 με.
648 3185 778 3259 ἀσθενὴς
800 3190 850 3244 καλ
873 3185 904 3243 έν
928 3191 1055 3258 φυλακῇ,
1080 3188 1128 3242 καὶ
1152 3186 1205 3244 ούκ

86 3269 292 3340 ἐπεσκέψασθέ
308 3292 352 3340 με.
384 3273 445 3328 τότε
465 3270 713 3346 ἀποκριθήσονται
732 3274 781 3328 καὶ
795 3268 877 3328 αύτολ
888 3273 1025 3342 λέγοντες.
1044 3269 1124 3342 κύριε
1136 3271 1205 3330 πότε

84 3377 115 3414 σε
129 3359 251 3426 εἴδομεν
262 3360 414 3412 πεινῶντα.
438 3349 457 3427 ἢ
469 3359 607 3424 διψῶντα.
633 3351 761 3429 ἢξένον.
787 3350 941 3427 ἢγυμνδν.
964 3349 1205 3428 {infami-1⁸2¹&

86 3445 214 3513 φυλακῇ.
244 3441 293 3496 καλ
316 3437 352 3496 ου’
369 3440 583 3512 διηκονήσαμέν
601 3462 660 3510 σοις
683 3442 747 3498 τότε
769 3437 999 3513 ἀποκριθήσεται
1022 3443 1072 3497 καὶ
1095 3436 1204 3511 αύτοῖς,

85 3527 184 3598 λέγων.
204 3521 283 3596 ἀμὴν
301 3524 372 3596 λέγω
389 3521 469 3596 ύμῖν.
488 3521 539 3596 ἐφ’
557 3521 625 3582 ὅσον
643 3525 694 3583 ούκ
714 3523 864 3598 ἐποιήσατε
884 3523 928 3583 ἑνί
945 3526 1052 3584 τούτων
1070 3531 1125 3583 τῶν
1144 3523 1205 3583 έλα-

85 3617 200 3683 χίστων,
219 3605 289 3668 ούδέ
309 3606 372 3679 έμολ
390 3607 549 3682 ἐποιήσατε.
563 3613 613 3667 καλ
631 3609 837 3670 ἀπελεύσονται
856 3605 936 3669 οὗτοι
954 3611 997 3676 εἰς
1008 3609 1125 3668 κόλασιν
1138 3609 1205 3668 αίύ-

86 3717 149 3753 νιυν
166 3701 202 3766 -Ι-
220 3707 231 3750 t
246 3697 282 3764 Ι8
305 3691 433 3764 ἀδελφὸς
452 3715 549 3752 υοττυ
565 3699 569 3764 Ι
584 3700 601 3752 9
619 3693 723 3754 ἑαυτὸν
739 3701 809 3765 >w
825 3702 870 3765 Ι9.
886 3701 916 3752 19
934 3697 1120 3768 κακαποιήσει
1138 3719 1204 3766 wyz,

86 3803 169 3838 mnnu
187 3785 295 3836 recenti
314 3786 344 3836 in
361 3787 487 3851 margine
505 3803 529 3834 w
547 3786 679 3852 seriptum
697 3777 788 3853 ἤγουν
805 3783 918 3853 ποιήσει
935 3777 1007 3852 παρ’
1025 3775 1041 3836 δ
1059 3778 1205 3851 ἐνδέχεται

85 3861 272 3936 χριστιανδνΙ
290 3869 321 3920 10
338 3870 516 3934 κατακριθεί
529 3887 552 3920 w
568 3869 572 3936 Ι
590 3871 619 3922 11
638 3861 739 3922 ἀσυλοι
757 3877 823 3934 th,
843 3862 955 3938 ἀμωμσι
973 3887 1007 3936 γε
1028 3871 1032 3935 Ι
1051 3871 1079 3921 11
1098 3868 1148 3922 καλ
1165 3867 1204 3936 μή

86 3963 149 4020 th,
168 3949 247 4020 μηδέ
263 3970 297 4017 yz
314 3951 318 4018 Ι
335 3954 367 4006 12
384 3952 486 4020 μίσους
504 3971 527 4004 w
544 3955 548 4019 Ι
566 3955 596 4006 12
614 3950 771 4022 καταχέητε
788 3972 823 4021 yz
839 3954 842 4021 Ι
860 3957 892 4009 1³
909 3951 983 4023 μηδὲ
1002 3950 1073 4007 κατά
1092 3956 1143 4022 τῆς
1161 3947 1205 4006 lx·

85 4039 205 4106 κλησίας
223 4037 394 4106 βλασφημία
412 4039 580 4107 κατασχεθη
597 4040 631 4106 -Ι-
648 4057 681 4106 yz
703 4041 707 4106 Ι
728 4041 760 4091 14
777 4035 893 4108 μακράν
911 4047 977 4103 th,
996 4035 1086 4092 καλὸν
1102 4057 1136 4104 yz
1152 4041 1156 4101 Ι
1174 4040 1204 4090 14

85 4120 254 4176 στέλλεσθαι
272 4123 307 4188 ·Ι-
324 4139 358 4188 yz
378 4125 382 4185 Ι
405 4124 435 4174 14
454 4127 570 4190 χωρεῖτε
586 4125 621 4188 >
637 4141 671 4190 yz
692 4123 697 4191 Ι
720 4126 749 4175 17
769 4119 892 4192 έξωρίαυ
909 4145 926 4177 x
946 4125 951 4192 Ι
972 4127 1003 4177 11
1022 4124 1091 4177 κάσι
1109 4122 1152 4188 w!
1173 4122 1205 4174 18

84 4213 144 4268 τοῖς
161 4203 285 4276 μάρτυσι
304 4208 338 4273 Ἰ-
355 4225 378 4256 w
399 4208 403 4272 Ι
425 4207 464 4260 18.
480 4208 511 4260 19
528 4208 733 4276 προσκείμενος
750 4202 850 4270 αὐτοῖς
866 4228 900 4276 γυ
920 4209 925 4278 Ι
953 4210 984 4262 19
1002 4207 1136 4274 κρατηθῇ
1153 4223 1203 4272 wx,

84 4291 242 4362 συλληφθῇ
263 4297 311 4358 yzt
336 4295 341 4357 Ι
370 4292 401 4344 19
423 4285 480 4344 ἀπὸ
503 4290 559 4346 τῶν
581 4288 757 4361 παρανόμων
778 4296 812 4361 Ἰ-
830 4311 853 4346 w
880 4295 884 4358 Ι
912 4295 944 4346 19
965 4285 1105 4346 δποπέσοι
1127 4299 1175 4358 γτι
1198 4293 1202 4360 Ι

85 4379 125 4431 19.
138 4379 174 4428 20
190 4372 327 4438 κοινωνὸς
344 4379 366 4428 Υ
381 4378 386 4444 Ι
401 4377 434 4428 ’20
451 4371 594 4446 μάρτυρος
612 4385 624 4430 t
639 4381 643 4444 Ι
658 4379 692 4431 ‘20
708 4380 811 4444 κυρίου
826 4369 916 4446 Ἰησού
933 4379 967 4442 >
983 4383 1031 4444 γτλ
