2998 4972
94 417 164 476 ³²⁰
1153 419 1214 484 183

93 582 248 665 λάσσηςῐ1
261 577 539 666 κρεωδοτήσαντα
552 574 808 664 ὀρτυγομήτραν
819 579 847 662 *,
860 576 919 644 τὸν
930 585 948 622 *
962 577 1001 644 ἐν
1014 581 1060 665 τῷ
1072 575 1143 663 ὄρει
1155 602 1214 644 νο-

92 682 331 767 μοθετήσαντα
349 677 507 762 αύτοῑς,*
528 670 570 744 ού
585 683 642 764 τῆς
658 683 774 764 φωνῆς
793 677 989 764 ἠξιώθησαν
1011 678 1212 746 ἐπακούσαι·

92 787 218 850 τοῦτον
250 777 492 868 ἀπηρνήσαντο
526 781 677 857 εἰπόντες
713 784 761 866 τῷ
787 777 915 865 Ἀαρύν
947 784 1100 865 Ποίησον
1134 777 1215 865 ἡμῖν

92 881 198 960 θεούς
219 887 255 948 οἳ
270 881 561 968 προπορεύσονται
581 879 694 966 ήμῶν,
719 880 776 946 καὶ
797 881 1066 966 ἐμοσχοποίησαν
1086 903 1214 965 χωνευ-

92 985 154 1052 τδν
169 985 227 1051 καὶ
245 988 376 1052 ἔθυσαν
398 987 446 1070 τῷ
468 983 609 1070 είδύλςο·
631 981 685 1048 διδ
705 981 877 1066 ὀργισθεὶς
898 980 917 1048 ό
936 981 1034 1064 θεός,
1057 980 1114 1046 ἅτε
1132 980 1248 1066 &xa-5

92 1084 268 1172 ριστηθελς
288 1081 346 1152 ὑπ’
370 1082 500 1166 αὐτῶν,
523 1086 643 1169 ἔδησεν
665 1082 788 1160 αύτούς
807 1086 942 1168 δεσμοῖς
964 1082 1115 1166 ἀλύτοις,
1136 1100 1213 1149 Ιστι-

48 1188 207 1285 ρρβτάσει
230 1191 420 1274 φορτισμού
440 1186 497 1252 καὶ
518 1185 718 1271 σκληρότητι
740 1189 874 1252 κλοιού·
904 1185 960 1252 καὶ
982 1183 1092 1250 οὐκέτι
1119 1179 1214 1250 εἶπεν

89 1287 169 1354 Ἐἀν
191 1289 228 1353 δὲ
251 1291 367 1372 ποιῇς,
394 1285 481 1352 ἀλλά
502 1291 655 1372 Ποίησον
674 1285 921 1372 θυσιαστήριον
939 1286 996 1354 καί
1015 1290 1081 1352 θῦε
1100 1287 1214 1369 διηνε-

92 1393 179 1472 κως,
209 1388 405 1474 ἐπιλήσμων
431 1386 497 1472 γάρ
524 1387 701 1473 τυγχάνεις
728 1387 785 1454 καὶ
811 1387 1003 1473 ἀχάριστος·
1039 1384 1216 1454 δλοκαύτει

91 1479 157 1556 οὖν
171 1493 332 1574 συνεχεῖς,
355 1491 413 1556 ἵνα
433 1486 668 1575 ὑπομιμνήσκῃ
690 1513 772 1574 μου·
798 1488 912 1574 ἐπειδή
933 1491 998 1574 γάρ
1016 1492 1057 1574 τῇ
1080 1489 1215 1576 ἐξουσίᾳ
1233 1507 1266 1558 10

92 1595 206 1667 κακοῖς
228 1589 424 1675 ἀπεχρήσω,
453 1588 607 1675 ἀνάγκην
632 1591 809 1675 ἐπιτίθημί
825 1609 878 1656 σοι
900 1588 1019 1656 λοιπὸν
1046 1590 1103 1656 καὶ
1122 1593 1215 1674 βρω-

91 1693 211 1776 μάτων
225 1689 358 1777 ἀφιστεδ
373 1693 512 1758 τοιόνδε
528 1691 585 1758 καί
603 1692 695 1780 ζῴων
719 1710 772 1758 σοι
787 1691 954 1778 διαφοράς
973 1694 1136 1776 καθαρῶν
1150 1689 1214 1757 ’καὶ

91 1790 302 1872 ἀκαθάρτων
312 1793 557 1876 διαστίλλομαι,
571 1799 679 1860 καίτοι
690 1792 815 1870 παντὸς
826 1792 911 1882 ζῴου
924 1796 1080 1877 καθαροῦ
1088 1792 1214 1876 τυγχά-

91 1917 216 1970 νοντος
236 1893 294 1962 ἀτε
320 1889 379 1959 ἀπ’
404 1892 487 1977 ἐμοῦ
509 1897 710 1980 γενομένου,
740 1894 797 1960 καί
824 1893 1035 1980 ἀφορισμούς
1058 1892 1213 1960 τοιούσδε

93 2013 148 2060 σοι
170 1995 390 2080 προστάσσω,
412 1995 662 2081 καθαρισμούς,
691 2001 817 2080 συνεχῆ
837 2000 1066 2081 βαπτίσματα,
1099 1995 1265 2080 (sava-15

93 2096 212 2180 σμούς,
235 2093 371 2181 ἁγνείας
389 2097 539 2180 τοιόσδε,
562 2097 680 2181 ἀργίας
702 2097 904 2190 διαφόρους,
925 2095 1133 2164 καὶτούτων
1157 2094 1212 2181 ἀφ’

92 2196 243 2284 ἑκάστῳ,
270 2196 332 2262 ε’ἀν
352 2198 589 2285 παρακούσης,
616 2203 780 2285 τιμωρίαν
799 2196 895 2281 ὁρίζω
917 2195 961 2275 ὠς
983 2198 1094 2284 οίκίτη
1116 2194 1214 2262 ἀπει-

91 2305 169 2379 θεῖ,
203 2297 294 2376 δπως
317 2300 509 2384 πιεζόμενος
536 2299 593 2366 καὶ
619 2297 686 2366 ύπό
710 2305 772 2366 τοῦ
801 2304 919 2366 κλοιοῦ
946 2298 1129 2384 ἀγχόμενος
1157 2302 1215 2382 τῆς

92 2401 269 2466 πολυθέον
292 2399 422 2485 πλάνης
443 2401 563 2486 ε’κστής
584 2400 641 2466 καὶ
663 2401 779 2487 παρείς
800 2398 839 2466 τό
860 2390 963 2466 Οὗτοι
987 2401 1022 2466 ol
1040 2403 1121 2464 θεοί
1138 2415 1213 2482 σου,

89 2501 235 2586 Ἰσραήλ,
259 2496 484 2587 ύπομνησθῇς
503 2500 684 2586 τόἍιιουε,
703 2501 851 2589 Ἰσραήλ,
871 2498 988 2586 κύριος
1010 2497 1028 2564 ὁ
1047 2499 1129 2577 θεός
1150 2516 1214 2566 σου
1232 2517 1266 2570 20

93 2603 213 2688 κύριος
231 2594 278 2680 εἰς
300 2601 387 2684 ἐστι,
411 2603 468 2669 καί
487 2603 684 2688 ἀναδράμης
705 2602 757 2670 ἐπ’
783 2603 916 2670 ἐκεῖνον
944 2600 1004 2666 τόν
1024 2601 1132 2685 νόμον
1155 2600 1214 2670 τὸν

93 2701 154 2770 ἀπ’
186 2702 270 2787 ίμού
300 2708 342 2788 τῇ
370 2702 471 2789 φύσει
499 2706 754 2789 καταβληθέντα
779 2707 797 2743 *
823 2707 927 2769 πᾶσιν
956 2703 1168 2788 ἀνθρώποις,
1195 2706 1213 2742 *

92 2806 155 2872 ἕνα
176 2803 284 2888 μόνον
302 2800 466 2890 ὑπάρχειν
485 2804 571 2872 θεὸν
590 2807 628 2872 ἐν
651 2803 786 2894 ούρανηδ
807 2806 863 2871 καὶ
887 2805 942 2872 ἐπὶ
963 2810 1034 2892 γῆς,
1056 2805 1114 2871 καὶ
1135 2809 1214 2870 τού-

93 2929 156 2973 τον
177 2905 313 2990 ἀγαπᾶν
339 2905 374 2985 ἐξ
400 2905 478 2991 ὄλης
508 2912 567 2991 τής
594 2909 734 2994 καρδίας
762 2907 818 2974 καί
848 2907 882 2986 ἐξ
911 2905 990 2990 ὅλης
1016 2911 1074 2989 τῆς
1101 2902 1214 2989 ίσχύος

94 3007 152 3074 καί
171 3007 206 3086 ἐξ
222 3006 301 3094 όλης
315 3011 374 3092 τής
389 3008 550 3092 διανοίας,
573 3007 628 3074 καὶ
649 3007 739 3094 πλήν
760 3006 867 3074 αύτού
890 3005 934 3093 μή
955 3010 1138 3091 φοβεῖσθαι
1152 3005 1213 3070 ἀλ-
1232 3023 1265 3074 25

93 3114 168 3193 λον,
185 3111 203 3150 *
225 3107 308 3193 μήτε
330 3105 435 3193 ὄνομα
449 3114 544 3176 θεων
558 3110 680 3195 ἑτέρων
695 3111 750 3178 ἐπὶ
765 3111 916 3186 διανοίας
930 3107 1118 3192 λαμβάνειν
1132 3106 1214 3194 μήτε

161 3282 275 3336 εοιοι
293 3281 335 3345 ει,
356 3281 368 3330 1
397 3279 402 3348 ι
424 3283 533 3334 went
549 3281 591 3346 ιε,
611 3281 644 3333 ιε
670 3285 675 3347 ι
703 3281 735 3334 ιο
752 3282 828 3332 ιιιοι
846 3280 923 3344 εει
949 3285 954 3339 ι
980 3280 1014 3331 εο
1032 3265 1105 3330 Dent
1123 3278 1148 3344 ο,
1168 3280 1184 3330 ι
1208 3276 1213 3346 Ι

161 3367 196 3419 ²³
213 3369 288 3418 Dent
306 3366 335 3430 6,
351 3365 368 3416 5

96 3523 108 3574 1
127 3514 298 3585 ἐξελθόντες
310 3518 344 3584 -Ι-
355 3537 379 3572 w
395 3518 399 3585 Ι
415 3521 429 3571 1
443 3513 674 3586 κρεοδοτήταντα
691 3537 721 3584 x,
743 3513 784 3578 είς
802 3517 983 3584 κρεοφαγίαν
1000 3535 1034 3584 γι
1054 3514 1058 3581 Ι
1080 3517 1092 3568 1
1114 3509 1214 3584 ἐξαγα-
1243 3573 1246 3578 ,

94 3599 185 3672 γόητι
202 3607 236 3672 †'
253 3623 280 3671 y,
300 3597 487 3671 ἐξαγαγόντες
503 3605 538 3672 -Ιι-
556 3622 570 3655 ι
586 3603 590 3670 Ι
607 3604 620 3654 1
639 3598 709 3657 λαὸν
725 3604 760 3671 -Ιι-
777 3621 804 3668 γ,
824 3589 878 3654 οόν
894 3601 928 3669 -Ι-
946 3620 961 3653 z
977 3601 981 3668 Ι
1001 3604 1017 3651 2
1035 3599 1085 3654 καὶ
1103 3601 1136 3668 ÷
1153 3619 1187 3666 yz
1209 3599 1213 3668 Ι

93 3691 109 3744 δ
131 3681 251 3757 άπηρνή
273 3704 360 3741 σαντο
381 3691 489 3742 duabus
512 3691 557 3742 vel
579 3690 668 3741 tribus
691 3689 781 3740 literis
800 3689 887 3740 ειεείε
905 3705 944 3753 w,
967 3678 1154 3754 ἀπηρτήσατο
1173 3704 1187 3737 τ
1207 3684 1212 3754 Ι

94 3777 109 3826 λ
127 3773 178 3827 καλ
246 3767 389 3841 χωνευτὸν
405 3775 439 3838 >
459 3773 581 3840 w14.5
600 3767 736 3840 χονεοτόν
753 3771 823 3832 115
841 3765 888 3824 διό
901 3789 986 3838 wxyz,
1005 3764 1067 3824 τότε
1085 3777 1097 3821 t
1112 3773 1116 3836 Ι
1131 3762 1213 3836 5030-

93 3858 209 3926 γισθελς
220 3876 238 3910 x
253 3860 258 3923 Ι
272 3860 298 3910 5.
311 3859 329 3910 6
340 3849 530 3925 ἀχαριτηθελς
542 3862 580 3911 Υτ
596 3859 600 3926 Ι
615 3859 632 3910 6
645 3855 747 3912 ἒδνσεν
764 3875 779 3908 z
800 3859 804 3922 Ι
824 3858 841 3909 6
859 3848 945 3918 αύτδς
964 3859 997 3908 W
1013 3859 1017 3920 Ι
1037 3857 1053 3907 7
1072 3849 1135 3908 εἷπε
1153 3858 1188 3908 W
1207 3853 1212 3924 Ι

92 3939 288 3998 θόλοιιαύτον
306 3945 343 3994 Υτ
364 3947 369 3998 Ι
389 3943 422 3995 10
441 3935 481 3996 ἶν’
499 3950 546 4009 yzt
570 3943 575 4008 Ι
603 3943 635 3994 10
652 3935 861 4010 ὑπομιμνήσκει
881 3961 911 4005 x,
935 3934 1183 4008 ότιομιμνήσιιηςτ
1208 3939 1212 4004 Ι

95 4029 239 4089 Νικαεῖς
263 4045 280 4080 ε
304 4034 459 4080 correctore
478 4047 509 4094 y,
534 4030 629 4081 neseio
648 4029 712 4094 quid
729 4025 841 4096 lateat}
864 4027 893 4079 ll
914 4019 1077 4094 ἔπιτήθημί
1093 4043 1130 4088 τι,
1155 4017 1213 4076 ἐπι-

92 4113 220 4180 τίθημοί
242 4119 253 4164 1
272 4111 277 4178 Ι
299 4115 331 4164 12
348 4105 472 4179 ἀφιστιδι
489 4131 512 4164 w
534 4115 538 4176 Ι
560 4114 591 4166 13
609 4109 793 4180 διαστίλομαι
812 4131 835 4164 w
857 4114 860 4180 Ι
884 4113 914 4165 13
932 4109 1068 4176 καθαροῦ
1087 4127 1142 4172 wx,
1164 4124 1214 4160 κα-

93 4199 146 4252 λοῦ
162 4205 210 4266 yn
225 4199 231 4266 Ι
248 4199 280 4250 15
298 4192 447 4266 προστάοω
464 4201 498 4250 W
514 4197 518 4264 Ι
537 4199 567 4250 15
585 4197 702 4264 σονεχήι
720 4216 744 4248 w
759 4200 764 4261 Ι
782 4193 1086 4263 15.16Ι1αντίσματαγ
1102 4193 1106 4260 Ι
1123 4194 1153 4244 17
1172 4190 1214 4245 οί-

92 4279 171 4351 κύτη]
190 4279 267 4336 ἔοικε
286 4285 325 4336 τιό
342 4291 355 4336 t
373 4289 377 4350 Ι
398 4285 431 4336 19
450 4277 563 4352 ἐκστήσι
581 4301 604 4334 w
625 4283 629 4348 Ι
649 4283 683 4334 20
699 4276 732 4334 τὸ
749 4289 793 4343 xt,
812 4282 864 4334 τού
882 4299 939 4347 wyz
960 4281 964 4342 Ι
984 4282 1015 4331 21
1035 4272 1111 4332 ἐστιν
1128 4280 1214 4344 1122

92 4373 152 4429 τοῖς
169 4369 203 4435 -Ιι
222 4376 234 4421 t
254 4371 258 4436 Ι
278 4371 310 4420 22
328 4366 378 4421 καὶ
397 4365 507 4422 εἰδέναι
525 4368 558 4435 ÷
575 4385 609 4433 yz
625 4365 678 4432 126
696 4363 744 4418 καί
762 4367 795 4432 -Ι-
812 4385 845 4434 γι
862 4367 915 4432 126
932 4367 1005 4418 θεον
1022 4381 1040 4416 x
