3120 4980
1345 316 1412 370 LIII

367 500 438 566 τοὺς
462 493 559 576 σ’λίγον
581 501 804 565 πιστεύσαντας
833 501 882 556 καί
904 492 997 574 μηδὲν
1019 503 1136 555 τοιοῦτο
1158 498 1346 562 ποιήσαντας
1368 500 1411 571 τῷ

368 609 458 688 κυρίῳ
474 608 560 682 ἡμῶν,
578 610 648 674 τοὺς
668 600 857 674 ἐκδικοῦντας
868 607 997 674 ἑαυτοὺς
1009 604 1132 663 ἐνώπιον
1149 601 1411 684 τῶνάνθρώπων,

369 715 412 782 ὡς
428 718 476 772 καί
489 717 565 796 πρός
574 712 697 794 Σίμωνα
714 711 827 796 λεπρόν·
843 710 877 772 οὗ
890 716 980 795 χάριν
998 709 1075 793 λέγω
1092 715 1159 792 ὑμῖν
1177 712 1332 796 ἀρέωνται
1344 713 1411 789 ὑμῖν

369 825 402 881 αι’
417 822 565 905 ἁμαρτίαι
581 824 665 901 ὑμῶν
684 823 716 881 αί
732 819 848 898 πολλαί,
867 824 909 882 ότι
925 824 1108 903 ἠγαπίτσατε
1125 816 1208 880 πσλό.
1227 815 1298 896 ᾧδὲ
1315 815 1411 899 ὀλίγον

370 931 509 1015 ἀρίεται,
536 936 587 991 καί
604 928 702 1010 όλίγον
719 932 839 1010 ἀγαπᾷ.
868 931 894 988 εί
909 928 959 990 οὖν
976 933 1024 990 καί
1042 930 1103 1011 όροι
1120 931 1196 997 τινὲς
1211 932 1260 988 καί
1275 930 1347 1009 γένη
1364 933 1414 988 καί

368 1041 471 1122 τρόποι
492 1043 656 1119 μετανοίας
678 1037 934 1114 κατεστάθησαν,
964 1035 1041 1098 ἀλλά
1063 1057 1098 1118 γε
1114 1041 1211 1104 πίστις
1227 1035 1330 1119 θερμὴ
1349 1036 1413 1106 ἑνός

370 1150 496 1208 ἑκάστου
519 1151 567 1206 καί
584 1143 699 1214 σπονδὴ
718 1143 851 1216 ἀληθινὴ
875 1150 924 1206 καί
947 1149 1054 1229 στερεὰ
1070 1141 1220 1226 (μάλιστα
1243 1149 1292 1204 καί
1316 1145 1413 1225 ἔργων

370 1254 507 1337 ἀγαθῶν
521 1259 814 1338 συμμαρτυρούντων
825 1257 927 1325 αὐτοῖς
936 1248 1022 1339 [sie]7
1031 1263 1091 1315 τῶν
1104 1275 1135 1313 τε
1147 1256 1203 1336 πρό
1216 1259 1268 1311 τοῦ
1280 1250 1413 1334 μεγάλου

372 1371 540 1446 πειρασμοῦ
555 1367 723 1424 τούτουκαὶ
739 1373 799 1423 τῶν
815 1366 892 1443 μετὰ
909 1367 958 1423 τόν
975 1359 1157 1446 πειρασμόν)
1171 1365 1220 1422 καί
1237 1363 1413 1446 ἀναστροφὴ

373 1471 504 1554 καθαρά
527 1472 557 1531 έν
585 1478 701 1554 χριστῷ
725 1470 932 1554 δυνατώτεραι
955 1474 1004 1530 καί
1027 1471 1239 1553 κραταιότεραί
1262 1470 1315 1529 είσι
1338 1472 1414 1554 πρός

371 1583 460 1641 ίασιν·
485 1579 566 1661 ᾧπερ
583 1581 685 1662 τρόπῳ
710 1584 758 1639 καί
774 1583 793 1649 ἡ
810 1584 884 1661 γυνὴ
908 1583 927 1649 ἡ
949 1577 1182 1663 πεπληγμένον)
1207 1580 1413 1660 αἱμορροοῦσα

372 1690 402 1748 έν
419 1687 512 1748 πίστει
529 1685 647 1770 μεγάλῃ
664 1689 815 1770 ἐγγίσασα
831 1684 999 1771 προέλαβεν
1015 1691 1092 1749 ἴασιν
1109 1691 1166 1769 πρό
1182 1696 1238 1755 τῆς
1252 1685 1413 1768 θυγατρός

371 1804 423 1856 τοι)
451 1789 723 1879 ἀρχισυναγώγου,
761 1796 903 1876 ἁψαμένη
932 1805 984 1856 τοῦ
1013 1799 1114 1876 κυρίου
1139 1799 1222 1869 ἡμῶν.
1251 1790 1301 1854 διὰ
1329 1801 1415 1854 τοῦτο

371 1909 420 1965 καί
442 1899 647 1987 έξερχόμενοις
669 1903 712 1974 εἰς
735 1902 883 1965 τελείωσιν
895 1899 935 1989 [λ]
953 1899 978 1988 ¹)
1001 1905 1166 1985 ἀναγκαῖόν
1190 1904 1252 1963 ἐστι
1273 1911 1336 1970 τοῖς
1360 1907 1414 1982 μέν

371 2016 610 2094 κατηχουμένοις
623 2011 687 2073 οόσι
700 2009 814 2074 διδόναι
828 2008 1002 2093 βάπτισμα,
1013 2021 1076 2081 τοῖς
1089 2008 1121 2072 δὲ
1132 2009 1246 2080 λαίκοῐς
1257 2019 1414 2088 κοινωνεῖν,

371 2117 602 2203 ε’νδευινυμένοις
620 2114 850 2206 [ένδειξαμένοις
865 2139 932 2180 νει.
949 2116 1022 2181 leet.
1032 2115 1067 2180 in
1077 2139 1180 2203 marg.
1190 2114 1264 2204 sen]
1282 2124 1416 2203 καρποὺς

372 2223 475 2301 ἀξίους
498 2235 673 2310 μετανοίας.
699 2237 799 2290 ταῦτα
823 2227 856 2290 δέ
881 2232 1006 2300 πάντως
1029 2239 1092 2299 τοῖς
1106 2250 1139 2288 τε
1155 2231 1186 2289 ίκ
1201 2237 1254 2288 τοῡ
1270 2225 1344 2288 λαοῦ
1368 2231 1416 2287 καί

373 2347 435 2408 τοῖς
451 2341 482 2400 έκ
498 2349 551 2400 τοῦ
565 2337 673 2422 κλήρου
690 2340 885 2414 πεπτωκόσιν,
910 2340 935 2398 εί
950 2334 1029 2398 δοκεῖ
1043 2343 1091 2397 καί
1115 2339 1194 2417 ὑμῖν,
1219 2334 1416 2420 ἐπικριθήτω·

372 2451 398 2508 εί
424 2454 473 2508 καί
500 2452 673 2530 γέγραπται
700 2450 739 2504 ὅτι
767 2444 887 2506 δυνατοί
915 2443 1055 2515 δυνατῶς
1081 2443 1306 2514 έτασθὴσονται
1325 2437 1414 2528 [Sap.

374 2552 405 2616 vi
439 2551 483 2640 η.
531 2558 546 2617 6
576 2560 637 2639 γάρ
672 2553 834 2637 ἐλάχιστος
862 2547 947 2626 ἄξιος
977 2555 1114 2638 ἀρόσεως
1144 2551 1244 2623 ἐλέους
1276 2555 1336 2612 ἐστι
1369 2558 1418 2612 καί

373 2663 593 2748 ῷπαρέθεντο
620 2662 709 2740 πολύ,
741 2661 827 2726 πλίσν
858 2665 1076 2733 ἀπαιτήσουσιν
1106 2664 1209 2724 αὐτόν.
1247 2659 1312 2723 ἀλλ’
1335 2662 1421 2744 ἀρκεῖ

373 2775 496 2850 αὐτοῖς,
519 2770 600 2833 τοῦτ’
623 2773 683 2832 ἔστι
705 2771 736 2832 δὲ
753 2783 815 2842 τοῖς
832 2775 862 2832 έκ
877 2780 930 2833 τοῦ
946 2770 1070 2855 κλήρου,
1093 2769 1204 2842 ήάλλη
1228 2769 1363 2839 ἐπίθεσις
1387 2771 1416 2830 έν

374 2887 529 2965 περισσεία
550 2883 701 2960 ἐπιτιμίας
725 2882 769 2940 ότι
792 2883 884 2942 ου’κέτι
902 2879 1044 2942 δύνανται
1062 2879 1212 2960 ἅψασθαι
1228 2876 1416 2961 λειτουργίας

373 2996 424 3050 καί
450 2993 501 3051 ου’νι
526 2991 611 3050 αὐτοί
632 2993 737 3072 μόνον,
763 2987 840 3050 ἀλλὰ
857 2995 905 3048 καί
922 2991 950 3049 σι’
963 2983 1209 3062 καταξιωθέντες
1224 2997 1280 3056 τῆς
1297 2983 1417 3069 δωρεᾶς

374 3106 427 3159 τοῦ
444 3100 532 3180 ἁγίου
548 3103 735 3180 πνεύματος,
760 3099 881 3181 ὕστερον
900 3094 931 3158 δὲ
948 3099 1103 3174 πεσόντες,
1128 3098 1210 3164 έκεδς
1227 3098 1254 3156 εί
1267 3114 1313 3164 τις
1329 3092 1417 3156 πάλιν

374 3203 489 3288 κατέβη
516 3211 558 3277 είς
581 3211 630 3269 τόν
648 3209 758 3289 ἀγῶνα
781 3212 830 3267 καί
853 3208 965 3274 ἐνίκησε
988 3211 1038 3266 καί
1062 3216 1098 3284 τῇ
1122 3201 1185 3283 ἰδίᾳ
1209 3205 1319 3264 ἑαυτοῦ
1347 3205 1418 3264 ὑπσ-

373 3326 459 3394 μονῇ.
493 3312 692 3397 ἀνεγκλὴτονς
716 3319 776 3399 γάρ
798 3312 872 3374 εἶναι
896 3319 966 3384 τοὺς
982 3321 1024 3391 τῷ
1041 3311 1106 3390 λαῷ
1123 3318 1317 3396 προεστῶτας
1333 3309 1417 3372 θέλει

345 3413 347 3422 ’
374 3425 389 3486 6
420 3422 506 3492 θεῖος
539 3420 638 3505 λόγος.
677 3430 726 3484 καί
759 3429 802 3500 τῷ
835 3419 1003 3483 διδάσκοντι
1036 3420 1165 3503 διδαχὴν
1198 3424 1333 3506 ρανερόιν
1368 3423 1419 3480 καί

374 3528 503 3615 ἀκριβῆ·
543 3533 558 3592 6
591 3528 640 3610 δέ,
670 3535 760 3616 ρησί,
793 3541 885 3591 ποιῶν
916 3536 966 3592 καί
997 3521 1159 3608 διδάσκων,
1198 3526 1286 3598 οὗτος
1316 3532 1416 3611 μέγας

372 3639 559 3710 κληθήσεται
586 3641 615 3698 έν
644 3651 679 3718 τῇ
703 3636 844 3721 βασιλείᾳ
868 3648 927 3700 τῶν
948 3642 1083 3723 οὐρανῶν
1099 3636 1135 3723 ²).
1171 3635 1222 3700 διὰ
1243 3646 1331 3698 τοῦτο
1354 3640 1414 3720 γάρ

372 3755 421 3810 καί
438 3750 453 3810 ό
470 3746 638 3818 ἀπόστολος
653 3759 782 3831 κατηχεί
796 3749 948 3829 Τιμόθεον
965 3749 1060 3829 λέγων
1078 3743 1229 3832 (Timoth.
1252 3767 1274 3807 α
1295 3742 1326 3804 iv
1351 3741 1416 3829 12)·

372 3855 479 3938 μηδείς
506 3876 560 3918 σου
588 3867 643 3927 τῆς
670 3861 809 3927 νεότητος
836 3861 1079 3943 καταρρονείτω,
1113 3853 1190 3916 ἀλλά
1218 3861 1311 3925 τόπος
1334 3858 1418 3936 γίνου

372 3975 432 4027 τῶν
451 3975 563 4026 πιστῶν
585 3969 615 4026 έν
633 3964 730 4049 λόγῳ,
759 3969 788 4026 έν
818 3969 1011 4050 ἀναστροφῇ,
1042 3967 1071 4024 ἐν
1097 3966 1223 4047 ἀγάπῃ,
1253 3970 1282 4024 ἐν
1309 3968 1416 4038 πίστει,

373 4076 402 4134 έν
421 4076 538 4155 ἁγνείᾳ.

240 4183 280 4246 73
330 4190 346 4242 ί
374 4186 482 4266 ἀνιέρῳ
500 4187 629 4265 σώματι.
647 4219 689 4228 -
707 4184 847 4266 ἔγραψαν
863 4187 943 4263 ἡμῖν.

319 4397 335 4448 1)
350 4382 400 4436 οὖν
414 4400 543 4448 plerumque
559 4395 629 4450 τέλος,
654 4400 687 4438 vel
704 4395 788 4448 ἔκβασις
803 4398 871 4438 ίίείοτ.
884 4398 922 4436 xiil
934 4395 957 4434 7:
975 4395 1038 4448 πέρας
1052 4397 1083 4436 lb.
1096 4397 1117 4434 νί
1129 4399 1164 4434 ίῶι
1184 4391 1293 4434 συντέλεια
1309 4393 1363 4432 Μίίι.
1379 4393 1418 4440 lel

239 4474 271 4511 36.
289 4475 321 4512 40.
338 4473 375 4510 49:
397 4472 448 4510 mv
463 4473 487 4509 3:
511 4472 579 4510 xxviii
595 4473 633 4511 2⁰:
654 4469 768 4513 τελείωσις
784 4469 837 4508 Luc.
854 4470 860 4506 ί
876 4469 909 4506 -ίό,
937 4488 962 4495 -
986 4465 1090 4516 ³)Mat2h.
1107 4477 1120 4504 ν
1137 4471 1168 4507 19.
1186 4463 1207 4509 ὃς
1222 4461 1271 4504 δ’άν
1286 4462 1366 4518 ποιήσῃ
1382 4463 1417 4502 καί

239 4541 328 4600 όιδάξρί
349 4547 377 4583 τί.
395 4549 480 4583 tostam.
497 4541 551 4582 Levi
567 4544 592 4580 13
611 4543 647 4581 fin.
665 4555 685 4592 p.
699 4543 736 4581 1⁶8
753 4541 792 4583 Gr.
814 4539 886 4584 ὂςίάν
901 4537 990 4592 διδάσκῃ
1006 4538 1073 4580 ταῦτα
1087 4539 1122 4578 καὶ
1137 4539 1229 4594 πρόσαγ.
