2998 4972
257 419 320 480 246
1239 421 1256 470 η
1278 401 1374 454 10-11

257 573 343 662 ὑπὲρ
365 579 434 640 τών
460 572 518 652 τάς
538 575 663 650 θυσίας
689 571 746 638 καλ
770 572 829 648 τάς
850 567 1001 656 ἀπαρχάς
1027 568 1293 653 προσφερόντων
1314 593 1379 636 κυ-

259 683 320 765 ρίῳ
341 681 388 764 τῷ
405 680 477 763 θεῷ
497 673 594 760 ἡμῶν
610 676 800 760 δεηθῶμεν,
822 671 912 749 ὅπως
931 668 1163 753 ὁπανάγαδος
1177 668 1260 748 θεὸς
1280 670 1378 756 άμεί-

259 792 360 865 ύηται
383 775 505 854 αύτούς
524 788 597 852 ταῖς
618 776 837 859 ἐπουρανίοις
863 770 971 840 αύτού
991 773 1134 855 δωρεαῖς
1163 771 1220 838 καλ
1240 774 1291 860 δῷ
1313 772 1376 838 αό-

260 893 330 958 τοτς
353 882 391 950 ἐν,
414 881 460 967 τῷ
484 877 626 961 παρόντι
653 877 982 942 ἑκατονταπλασίονα
1002 872 1060 939 καὶ
1088 873 1128 938 ἐν
1154 877 1202 961 τῷ
1219 875 1379 958 μέλλοντι

225 980 347 1066 σζωηυ
370 979 525 1062 αἰώνιον,
555 979 611 1045 καὶ
631 982 806 1064 χαρίσηται
827 973 941 1052 αότολς
963 973 1040 1041 άυτὶ
1062 978 1131 1041 τῶν
1158 980 1379 1062 προσκαίρων

259 1081 299 1150 τά
326 1081 463 1163 αίώνια,
496 1079 571 1147 άντλ
599 1084 668 1146 τών
696 1081 854 1162 ἐπιγείων
881 1075 922 1142 τά
949 1076 1145 1162 ἐπουράνια.
1196 1073 1281 1160 ὑπὲρ
1307 1081 1379 1144 τών

259 1186 495 1268 νεοφωτίστων
515 1180 674 1267 άδελφολν
694 1177 791 1266 ἦμώυ
808 1180 996 1265 δεηδώμευ,
1019 1176 1141 1255 ὄπωςὸ
1162 1179 1279 1262 κύριος
1296 1195 1378 1265 στη-

259 1288 336 1371 ρίση
356 1281 478 1362 αὐτούς
498 1285 555 1350 καί
574 1283 753 1369 βεβαιώσῃ.
797 1278 883 1363 ὑπὲρ
899 1283 968 1346 τοῖν
987 1280 1026 1346 ἐν
1038 1277 1210 1368 άρρωστίᾳ
1226 1280 1378 1362 ἐξεταζο-

259 1388 370 1471 μένων
397 1383 556 1471 ἀδελφάν
581 1383 678 1470 ἡμῶν
704 1385 899 1468 δεηθώμεν,
930 1381 1019 1464 ὅπως
1047 1379 1065 1448 ὁ
1093 1381 1211 1466 κύριος
1235 1381 1379 1467 όύσηται

210 1505 242 1556 10
260 1483 383 1564 αὐτούς
404 1489 512 1572 πάσης
533 1486 638 1554 νόσου
665 1486 722 1552 καλ
744 1485 853 1570 πάσης
873 1487 1054 1568 μαλακίας,
1085 1482 1143 1549 καὶ
1160 1484 1271 1562 σώους
1290 1483 1378 1550 άπο-

260 1590 450 1676 καταστήσῃ
478 1593 519 1674 τῇ
545 1586 624 1677 άγίφ
653 1585 758 1654 αὐτοῦ
792 1589 961 1672 ἐκκλησίᾳ.
997 1581 1085 1671 ύπὲρ
1114 1586 1288 1652 πλεόντων
1320 1587 1380 1652 καλ

259 1687 533 1774 ὁδοιπορούντων
551 1692 739 1776 δεηθοῖμευ.
769 1685 855 1770 ὑπὲρ
878 1693 947 1752 τοῖν
968 1687 1007 1753 ἐν
1028 1686 1205 1771 μετάλλοις
1226 1686 1284 1754 καλ
1303 1686 1379 1766 ἐξο-

259 1795 347 1876 ρίαις
374 1791 432 1858 καὶ
459 1795 627 1877 φυλακαῖς
650 1789 706 1858 καὶ
734 1792 870 1873 δεσμοῖς
897 1785 1006 1855 ὄντων
1034 1786 1091 1852 διά
1117 1786 1156 1854 τό
1182 1786 1289 1874 ὄνομα
1316 1793 1381 1855 τού

261 1895 383 1977 κυρίου
398 1893 585 1978 δεηδοῑμευ.
620 1889 706 1978 ὑπὲρ
727 1896 796 1958 τάν
816 1893 855 1958 ἐν
875 1893 981 1977 πικρά
1003 1891 1142 1977 δουλείᾳ
1164 1914 1380 1958 καταπονου-

211 2011 243 2062 15
260 1994 372 2078 μένων
390 1995 577 2078 δεηδάμεν.
621 1990 707 2080 ὑπὲρ
737 1993 871 2078 ἐχθροῖν
898 1991 955 2058 καὶ
975 1989 1169 2076 μισούντων
1191 1989 1278 2077 ἡμᾶς
1298 1995 1380 2078 δεη-

259 2097 386 2178 θώμεν.
414 2089 500 2178 ὑπὲρ
520 2098 589 2162 τών
609 2094 805 2162 διωκόντων
820 2091 907 2180 ἡμᾶς
926 2091 983 2158 διά
1001 2091 1040 2160 τὸ
1054 2091 1161 2178 ὄνομα
1174 2098 1236 2161 τού
1254 2099 1380 2180 κυρίου

260 2197 455 2280 δεηδοῖμεν,
485 2195 574 2276 ὅπως
596 2193 614 2264 ὁ
636 2195 752 2281 κύριος
774 2193 928 2281 πραΰνας
951 2193 1012 2260 τόν
1030 2193 1147 2280 θυμόν
1168 2193 1282 2262 αύτών
1302 2197 1379 2262 δια-

261 2297 409 2384 στεδάση
431 2296 493 2382 τήν
514 2297 594 2364 καθ’
615 2295 712 2384 ἡμων
733 2296 838 2383 ὀργήν
857 2300 885 2362 ¹⁸.
915 2291 1001 2382 ὑπὲρ
1021 2301 1090 2362 τών
1111 2300 1173 2378 ἔξω
1189 2295 1300 2364 ὄντων
1320 2298 1381 2366 καὶ

262 2402 528 2486 πεπλανημένων
543 2401 737 2486 δεηθιόμευ,
764 2398 853 2475 ὅπως
873 2395 892 2463 ὁ
908 2397 1025 2483 κύριος
1037 2395 1162 2478 αύτούς
1180 2401 1378 2486 ἐπιστρέφῃ.

209 2515 244 2568 20
261 2503 279 2542 *
296 2503 365 2566 τών
385 2505 517 2586 νηπίων
531 2505 591 2586 τῆς
612 2495 790 2588 ἐκκλησίας
804 2499 1102 2586 μνημονεύσωμεν,
1125 2499 1215 2578 ὅπως
1229 2498 1247 2566 ὁ
1262 2502 1382 2586 κύριος

260 2600 438 2679 τελειώσας
453 2599 537 2668 αύτά
553 2603 592 2669 ἐν
607 2608 654 2691 τῷ
669 2603 766 2692 φόβφ
779 2600 885 2670 αὐτοῦ
904 2604 951 2679 είς
960 2602 1083 2687 μέτρου
1093 2597 1226 2686 ἡλικίας
1243 2600 1378 2687 άγάγοι.

259 2698 344 2787 ὑπὲρ
359 2701 517 2789 ἀλλήλων
534 2704 721 2790 δεηδώμεν,
740 2704 830 2782 ὄπως
849 2701 1000 2788 ὁκύριος
1017 2703 1203 2790 διατηρηση
1221 2701 1308 2794 ἡμᾷς
1320 2705 1382 2772 καλ

260 2803 394 2889 φυλάξῃ
421 2809 464 2891 τῇ
492 2803 597 2872 αύτοῦ
619 2807 730 2891 χάριτι
758 2808 805 2883 είς
834 2807 929 2882 τέλος
951 2805 1008 2871 καὶ
1037 2805 1177 2890 βύσηται
1201 2803 1289 2890 ἡμᾶς
1314 2812 1382 2872 τοῦ

259 2909 413 2990 πονηροῦ
432 2906 490 2973 καλ
510 2907 648 2973 πάντων
666 2911 735 2974 τόν
755 2907 959 2974 σκανδάλων
972 2910 1041 2972 τοῖν
1062 2907 1294 2992 ἐργαζομένων
1314 2907 1383 2994 τήν

208 3023 242 3074 25
260 3005 406 3092 άνομίαν
432 3007 488 3073 καί
515 3009 607 3096 σώση
634 3013 680 3087 είς
706 3007 770 3093 τὴν
797 3011 974 3093 βασιλείαν
1001 3005 1109 3075 αύτοῦ
1135 3009 1198 3094 τήν
1226 3009 1383 3095 ἐπουρά-

261 3133 345 3175 νιον.
377 3105 462 3192 ὑπὲρ
476 3110 586 3195 πάσης
609 3115 718 3196 ψυχῆς
739 3113 932 3196 χριστιανῆς
953 3111 1140 3196 δεηθώμεν.
1185 3115 1298 3178 σώσον
1318 3115 1382 3180 καλ

260 3209 453 3297 άνάστησον
471 3209 574 3297 ἡμᾶς,
600 3210 734 3296 ὁθεός,
756 3216 803 3299 τῷ
826 3213 909 3278 ἐλέει
931 3227 1004 3279 σου.
1048 3212 1273 3297 ἐγειρόμεδα·
1297 3215 1382 3300 δεη-

258 3311 377 3388 θέντες
405 3313 548 3391 ἐιιτενιός
574 3313 714 3392 ἑαυτούς
739 3313 796 3381 καὶ
820 3311 989 3398 ἀλλήλους
1014 3317 1061 3402 τῷ
1096 3318 1194 3394 ζώυτι
1217 3320 1290 3402 θεῷ
1318 3317 1383 3382 διά

259 3415 320 3476 τοῦ
341 3418 479 3497 χριστοῦ
500 3413 605 3482 αὐτού
626 3415 871 3499 παραδώμεδα.
917 3415 1111 3499 ἐπευχέσδω
1134 3407 1199 3482 οὖν
1227 3412 1383 3502 ὁάργιε-

208 3533 242 3588 30
260 3512 338 3595 ρεύς
356 3513 413 3580 καλ
432 3518 552 3600 λεγέτω
572 3526 577 3597 Ι
597 3517 701 3602 Κύριε
718 3516 970 3602 παντοκράτορ,
991 3514 1111 3595 ὕψιστε
1132 3521 1150 3562 *
1173 3517 1213 3584 ἐν
1234 3517 1384 3604 ὑψηλοῖς
1395 3535 1431 3594 11

259 3619 437 3699 κατοικῶν,
459 3616 534 3702 άγιε
555 3619 627 3685 *ἐν
648 3617 755 3704 άγίοις
776 3616 1031 3703 άυαπαυόμευε,
1053 3617 1190 3705 ἄναρχε,
1217 3621 1383 3706 μόναρχε,

141 3707 147 3720 ’
258 3712 354 3781 ὁδιά
374 3723 512 3802 χριστοῦ
539 3720 695 3806 κη’ρυγμα
722 3720 879 3806 γνώσεως
902 3718 983 3798 δούς
1010 3717 1093 3806 ἡμῖν
1119 3723 1167 3798 είς
1192 3723 1385 3806 ἐπίγνωσιν

327 3872 493 4009 όιῦοτὴβί,
515 3873 1067 3945 181610h3,12110Matth4,231
1089 3877 1381 3947 mmmmm}

325 3961 341 4008 2
376 3959 418 4026 Ep
455 3959 533 4026 4,13

257 4110 274 4161 3
292 4103 477 4178 ἐπουρανίοις
493 4117 524 4178 yt
544 4112 549 4177 Ι
570 4113 623 4168 ¹1.8
641 4113 760 4181 ττηρίξη
778 4121 790 4166 t
815 4113 820 4178 Ι
850 4114 888 4164 12.
905 4113 935 4166 1³
953 4105 1082 4178 ἐζωρίαις
1099 4131 1116 4165 x
1139 4111 1144 4180 Ι
1169 4114 1202 4166 1³
1218 4111 1270 4166 τοῦ
1286 4113 1320 4178 >
1339 4121 1354 4166 t
1376 4116 1382 4184 Ι

261 4193 291 4244 18
302 4193 457 4264 δεηδώμεν
466 4197 501 4263 ιλ·
509 4217 528 4250 x
542 4197 547 4267 Ι
562 4199 596 4250 20
608 4194 649 4250 ἐτι
661 4191 734 4263 ὑπὲρ
745 4197 808 4264 †y
823 4196 827 4264 λ
841 4199 875 4250 20
886 4193 1129 4265 μνημονεύσομεν
1138 4203 1177 4261 xt,
1192 4196 1351 4264 δτηδίρεν
1362 4217 1384 4266 y

259 4275 264 4344 Ι
283 4279 314 4329 21
333 4274 428 4348 άγάγη
448 4289 460 4332 t
478 4285 483 4346 Ι
503 4285 537 4334 22
554 4278 663 4351 τηρήση
681 4290 693 4335 t
708 4281 760 4350 129
777 4269 831 4335 οόν
849 4275 950 4348 τῃδὶ
968 4281 1048 4347 21³0
1065 4275 1269 4348 παντοκράτωρ
1288 4301 1306 4336 x
1320 4285 1326 4346 Ι
1342 4285 1384 4337 w

257 4357 361 4430 6-1-t,
380 4365 581 4434 παλ-Ι-γΙΒΙ
600 4364 736 4434 καλ-λγ
