3160 4976
679 568 788 644 VIII.

228 673 392 745 Ἐπιστολὴ
403 683 606 747 κανονικὴτοῦ
620 679 711 761 ἁγίου
724 679 893 764 Γρηγορίου
910 681 1074 742 ἐπισκόπου
1086 679 1333 765 Νεοκαιοαρείας

138 791 190 844 τοῦ
206 783 458 870 θαυματουργοῦ
473 790 541 871 περί
558 795 618 847 τών
635 788 665 846 έν
682 799 719 866 τη
736 785 916 871 καταδρομῇ
933 795 994 848 τῶν
1012 783 1189 873 βαρβάρων
1206 787 1332 854 εἰδωλό-

137 890 225 952 θυτα
243 895 406 976 φαγόντων
422 897 441 964 ἢ
458 899 508 955 καί
525 891 614 977 ἔτερα
631 891 925 976 πλημμελησοίντων.

227 1002 271 1060 οο
287 1003 327 1061 τὰ
345 997 503 1084 βρώματα
518 1005 605 1083 ἡμᾶς
622 999 724 1086 βαρεῖ,
749 1006 808 1088 ίερέ
832 1006 935 1081 πάπα,
962 1005 988 1064 εἰ
1002 1007 1119 1089 ἰραγον
1136 1001 1331 1088 αἰχμάλωτοι

135 1116 236 1167 ταῦτα
260 1109 337 1191 ἅπερ
356 1108 565 1196 παρετίθεσαν
583 1112 689 1181 αὐτοῖς
704 1114 734 1170 οί
747 1119 931 1194 κρατοῦντες
948 1114 1060 1190 αὐτῶν,
1077 1111 1212 1193 μάλιστα
1228 1109 1330 1182 ἰπειδὴ
1365 1131 1379 1170 ε

136 1213 179 1285 είς
195 1213 286 1297 λόγος
302 1220 389 1300 παρὰ
412 1219 535 1277 πάντων
559 1223 632 1288 τοὺς
654 1217 915 1303 καταδραμόντας
931 1224 971 1280 τὰ
987 1223 1122 1304 ἡμέτερα
1146 1217 1332 1304 βαρβάρους

140 1320 277 1393 εἰδώλοις
299 1329 342 1405 μή
367 1323 541 1386 τεθυκέναι.
567 1326 583 1387 ό
600 1322 632 1386 δί
650 1327 820 1398 ἀπόστολός
838 1347 928 1414 φησι·
952 1331 992 1388 τὰ
1009 1324 1168 1412 βρώματα
1183 1338 1220 1407 τῇ
1236 1325 1332 1406 κοιλίᾳ

136 1437 187 1492 καί
202 1434 220 1501 ἡ
238 1429 332 1492 κοιλία
350 1441 413 1501 τοῖς
430 1429 605 1516 βρώμασιν,
622 1435 638 1495 ό
656 1433 688 1495 δέ
704 1433 782 1499 θεός
798 1441 848 1496 καί
864 1439 979 1504 ταύτην
996 1440 1047 1496 καί
1059 1443 1159 1497 ταῦτα
1173 1439 1332 1518 καταργή-

139 1557 194 1600 σει.
219 1537 364 1601 ἀλλὰκαὶ
381 1542 396 1601 ό
414 1545 516 1624 σωτὴρ
534 1542 549 1602 ό
566 1545 669 1603 πάντα
685 1543 870 1628 καθαρίζων
887 1548 926 1604 τὰ
943 1540 1101 1626 βρώματα
1126 1545 1162 1604 οιί
1177 1547 1210 1603 τό
1227 1544 1331 1604 εἰσπο-

136 1650 310 1730 ρευόμενον,
336 1653 421 1733 φησί,
445 1658 537 1709 κοινοί
550 1653 599 1710 τόν
618 1650 798 1735 ἄνθρωπον,
822 1649 901 1712 ἀλλὰ
917 1654 950 1711 τί
967 1651 1210 1732 ἐκπορευόμενον.
1233 1655 1281 1710 καί
1297 1652 1332 1710 τό
1350 1671 1377 1706 ιο

136 1759 196 1826 τὰς
223 1765 374 1837 γυναῖκας
400 1760 458 1826 τὰς
487 1757 710 1840 αἰχμαλώτους
743 1756 978 1845 διαφθαρῆναι,
1017 1752 1239 1840 ἰξυβριζόντων
1271 1765 1331 1818 τών

136 1860 313 1947 βαρβάρων
325 1865 369 1933 εἰς
381 1868 420 1924 τὰ
438 1867 572 1944 σώματα
589 1867 703 1943 αότών,
720 1868 747 1926 εί
760 1871 814 1947 μέν
826 1870 877 1926 καί
888 1868 1034 1950 πρότερον
1046 1867 1240 1948 κατέγνωστο
1251 1885 1332 1935 τινος

137 1973 152 2033 ό
181 1968 251 2053 βίος
279 1977 487 2054 πορευομένης
515 1975 612 2033 όπίσω
638 1971 815 2058 όρθαλμῶν
842 1984 902 2035 τῶν
930 1973 1168 2057 ίκπορνευόντων
1196 1976 1276 2034 κατὰ
1297 1975 1332 2034 τό

139 2081 366 2160 γεγραμμένον,
381 2077 470 2148 δῆλον
483 2081 528 2142 ότι
540 2083 559 2151 ἡ
571 2087 695 2164 πορνικὴ
708 2076 769 2154 ίξις
780 2083 974 2152 ὕποπτοςκαί
985 2085 1016 2142 ἰν
1028 2087 1126 2165 καιρῷ
1139 2089 1196 2152 τῆς
1209 2081 1332 2162 αἰχμα-

136 2184 251 2254 λωσίας
275 2191 326 2248 καί
342 2188 376 2247 οιί
393 2192 566 2271 προχείρως
588 2185 634 2250 δεῖ
653 2199 724 2258 ταῖς
745 2195 904 2260 τοιαύταις
926 2199 1076 2250 κοινωνεῖν
1092 2195 1153 2250 τῶν
1171 2191 1283 2272 εόχῶν.
1307 2191 1334 2249 εἰ
1352 2207 1378 2247 ιο

136 2297 306 2373 μέντοιτίς
329 2295 359 2354 έν
382 2296 466 2380 ἄκρᾳ
490 2301 672 2383 σωφροσύνῃ
695 2297 819 2369 ζίησασα
840 2303 891 2358 καί
914 2297 1059 2382 καθαρόν
1082 2301 1132 2358 καί
1153 2291 1211 2369 ἔξω
1229 2299 1333 2366 πάσης

136 2403 283 2472 ὑπονοίας
307 2399 533 2485 ἰπιδεδειγμίνη
559 2401 626 2486 βίον
650 2407 700 2465 τόν
723 2407 868 2489 πρότερον
889 2411 942 2466 νῦν
963 2408 1187 2489 περιπέπτωκεν
1202 2404 1234 2463 ez
1257 2400 1331 2484 βίας

136 2513 188 2570 καί
204 2508 344 2591 ἀνάγκης
365 2508 471 2594 ὕβρειε
495 2513 605 2595 ίχομιν
621 2512 824 2597 παράδειγμα
841 2517 875 2574 τό
891 2516 921 2574 ἰν
938 2519 982 2592 τῷ
1000 2510 1218 2594 δευτερονομίῳ
1234 2513 1268 2571 τί
1285 2513 1333 2571 ἰπί

137 2627 173 2696 τῇ
196 2613 327 2696 νεάνιδι,
352 2620 387 2687 ἣν
413 2621 443 2679 ἰν
464 2626 508 2694 τῷ
533 2617 627 2700 πεδίῳ
651 2619 735 2705 εὗρεν
762 2621 933 2706 ἅνθρωπος
954 2626 1006 2683 καί
1028 2617 1220 2702 βιασάμενος
1237 2622 1332 2687 αὐτὴν

137 2724 289 2806 έκοιμὴθη
305 2722 375 2807 μετ’
400 2728 508 2798 αὐτῆς.
525 2738 562 2808 τῇ
578 2727 704 2805 νεοίνιδι,
722 2734 829 2815 ρησίν,
853 2731 888 2795 οιί
904 2735 1044 2798 ποιήσετε
1062 2725 1160 2790 οὐδέν·
1179 2729 1230 2788 οὐκ
1246 2729 1334 2788 ἔσται
1352 2749 1381 2785 ευ

137 2843 173 2910 τη
187 2830 298 2894 νεάνιδι
313 2835 485 2918 ἁμάρτημα
497 2835 656 2900 θανάτου·
673 2841 717 2898 ὅτι
732 2839 775 2908 ὡς
792 2841 819 2898 εί
832 2857 879 2908 τις
895 2839 1015 2917 ἀναστῇ
1032 2835 1206 2921 ἄνθρωπος
1220 2837 1270 2896 ἰπί
1281 2839 1333 2895 τόν

138 2937 264 3008 πλησίον
290 2943 384 3003 αὐτοῦ
407 2949 457 3004 καί
478 2942 659 3006 θανατώσει
683 2947 778 3006 αὐτοῦ
799 2950 853 3014 τόν
877 2945 999 3026 ψυχήν,
1026 2945 1124 3014 οὕτως
1147 2947 1181 3005 τό
1201 2953 1334 3026 πρᾶγμα

138 3056 236 3109 τοῦτο.
267 3047 394 3131 ἐβόησεν
416 3055 436 3121 ἡ
459 3060 559 3121 νεᾶνις
583 3057 634 3113 καί
658 3054 673 3113 ό
697 3049 830 3135 βοηθῶν
855 3055 906 3114 οὐκ
928 3051 964 3122 ἦν
989 3055 1079 3134 αὐτῇ.
1108 3061 1210 3114 ταῦτα
1233 3055 1335 3131 μέντοι

137 3163 279 3216 τοιαῦτα.
298 3153 378 3226 δεινὴ
392 3155 425 3218 δέ
437 3163 488 3219 καί
499 3162 518 3228 ἠ
531 3154 686 3232 πλεονεξία
698 3163 749 3220 καί
762 3162 813 3221 οὐκ
826 3161 887 3222 ἔστι
905 3157 945 3221 δι’
961 3158 1122 3230 έπιστολῆς
1136 3170 1214 3241 μιᾶς
1226 3179 1335 3243 παρα-

139 3263 265 3324 θέσθαι
288 3269 327 3326 τὰ
350 3264 425 3326 θεῖα
442 3267 636 3349 γράμματα,
662 3267 691 3326 ἐν
708 3266 753 3338 οίς
770 3270 804 3329 οιί
821 3271 854 3328 τό
870 3265 1021 3351 λῃστεύειν
1037 3271 1127 3350 μόνον
1145 3271 1269 3354 φευκτόν
1285 3273 1336 3328 καί
1351 3289 1380 3326 τε

138 3369 289 3457 ρρικώδες
304 3371 557 3455 καταγγέλλεται,
575 3373 654 3438 ἀλλὰ
676 3373 752 3438 καθ’
769 3375 838 3439 όλου
855 3380 888 3436 τό
906 3374 1086 3438 πλεονεκτεῖν
1102 3381 1152 3438 καί
1177 3373 1334 3459 ἀλλοτρίου

138 3478 337 3565 ἰροίπτεσθαι
353 3481 399 3542 ἰπί
416 3481 661 3566 αἰσχροκερδείᾳ.
687 3491 737 3546 καί
753 3493 818 3555 πᾶς
841 3485 856 3546 ό
880 3493 1014 3555 τοιοῦτος
1031 3485 1210 3566 έκκὴρυκτος
1226 3480 1332 3551 έευιλη-

139 3593 211 3657 σίας
225 3587 315 3649 θεοῦ.
344 3590 378 3648 τό
407 3585 439 3648 δέ
457 3591 487 3649 ἐν
502 3597 599 3674 καιρῷ
623 3603 679 3663 τῆς
695 3591 893 3677 καταδρομῆς
924 3595 953 3652 έν
972 3597 1106 3672 τοσαύτη
1135 3593 1254 3673 οἰμωγῇ
1282 3595 1333 3650 καί

138 3701 293 3768 τοσούτοις
307 3694 438 3781 θρήνοις
449 3696 599 3780 τολμῆσαί
614 3719 701 3772 τινας
713 3704 763 3761 τόν
776 3704 879 3785 καιρόν
891 3703 941 3761 τόν
954 3709 1046 3761 πᾶσιν
1060 3699 1189 3785 ὄλεθρον
1200 3703 1332 3786 ρέροντα

220 3875 259 3922 Pg.
276 3875 376 3917 διυκόίίι
393 3877 423 3915 Μ.
443 3895 469 3906 -
491 3873 548 3915 1ίπ.
563 3880 614 3926 pont
630 3872 669 3916 Νε.
684 3877 711 3918 R.
730 3897 757 3906 —
775 3873 944 3930 ἀρχιιπιτκόποο
958 3889 979 3928 ρ,
996 3877 1058 3918 bodl.
1074 3877 1112 3918 158
1127 3881 1150 3918 οε
1163 3875 1211 3916 105.
1227 3895 1254 3904 -
1268 3875 1281 3914 1
1295 3873 1335 3914 τοῦ

138 3956 164 3984 τυ
178 3957 201 3995 ρ,
216 3953 240 3986 οι
252 3943 320 3998 δαυμ.
336 3953 387 3999 pout
402 3944 437 4001 Γρ.
449 3959 482 3987 τι.
495 3951 515 3988 l.
530 3967 557 3978 -—
571 3959 619 3989 κατ.
635 3945 751 4002 βαρβάρων
765 3946 811 3988 τῶν
826 3946 848 3989 ίν
862 3947 1004 4004 αἰχμαλωσίᾳ
1015 3945 1053 3989 nu.
1064 3961 1086 4000 p.
1099 3943 1222 4001 -όίτερί
1231 3957 1280 3988 τινα
1289 3946 1334 3996 pn.

137 4037 164 4047 -
177 4018 192 4056 4
206 4015 251 4069 ίιρί
265 4019 327 4060 bodl.
343 4031 427 4072 οαιιιει,
442 4017 551 4074 ίιρώτιτι
565 4033 601 4072 με.
623 4041 650 4052 ·-
672 4016 750 4062 nm«
763 4033 786 4070 p,
803 4017 866 4063 Πότα
879 4032 900 4061 ι.
922 4041 949 4051 -
971 4017 1006 4075 Ιιρ.
1022 4019 1044 4062 οί
1058 4021 1117 4075 αίχμ.
1134 4021 1177 4072 pR.
1196 4041 1223 4049 -
1236 4021 1250 4060 ό
1264 4017 1334 4072 αυτῷ,

139 4087 190 4141 μιλλ.
205 4102 228 4139 p.
244 4111 271 4120 -··
284 4093 297 4130 ίί
312 4091 352 4145 ήμ.
368 4091 424 4146 μέρη
438 4091 458 4144 β-
473 4095 516 4144 ρΒ.
532 4113 559 4124 -
574 4095 584 4132 7
601 4093 703 4132 cornum.
720 4095 730 4132 1
746 4094 769 4132 τί
783 4095 804 4134 8.
822 4113 848 4123 -
862 4095 876 4135 ⁹
891 4095 970 4136 nuth.
986 4106 1016 4134 ιτ
1032 4097 1066 4133 11.
1082 4113 1109 4124 ·-
1124 4097 1150 4134 10
1164 4093 1219 4146 φησί
1233 4103 1259 4132 ιν
1273 4102 1293 4130 ι.
1308 4111 1335 4122 -

139 4159 195 4211 ha..
211 4158 270 4216 λέγει
285 4173 305 4204 κ.
326 4183 352 4196 -·
372 4160 448 4218 όμοιον
466 4165 503 4205 καί
522 4166 547 4206 τό
567 4167 639 4207 'uult
656 4165 776 4206 ίλοιιιλείπε.
796 4187 822 4196 -
843 4169 866 4206 11
882 4165 920 4211 τὰς
934 4165 994 4220 ιίχμ.
1012 4178 1058 4220 γυκ.
1073 4163 1101 4206 όι.
1117 4177 1139 4216 ρ.
1155 4162 1194 4209 τὰς
1208 4167 1303 4206 nurum
1317 4164 1338 4204 B

138 4235 295 4283 pmummt.
319 4255 345 4266 —·
365 4238 390 4276 12
405 4235 487 4278 αὐτῶν.
508 4235 557 4279 ιλλλ·
575 4237 595 4278 εί
608 4237 651 4289 pR.
673 4259 699 4268 -
720 4239 747 4278 1³
761 4235 773 4278 ό
787 4249 849 4289 ινιτ.
871 4259 898 4268 -
918 4235 1066 4293 πορευομένης
1085 4238 1201 4280 bomem!
1214 4241 1261 4278 tm
1275 4239 1298 4278 οἰ
1312 4247 1334 4284 ι,

139 4301 298 4358 πορνιυορέκηε
312 4309 388 4348 molo
402 4311 528 4360 qun-pud
542 4311 574 4360 R,
595 4307 744 4364 πορευομένου
762 4323 785 4362 ρ.
811 4333 835 4376 3-
859 4311 923 4352 Num.
940 4312 978 4350 ιτί
993 4311 1027 4351 19.
1053 4331 1079 4340 -
1104 4313 1130 4350 14
1144 4307 1166 4350 ίυ
1181 4307 1214 4362 τῷ
1228 4320 1250 4347 κ.
1265 4308 1293 4348 12.
1308 4328 1336 4337 -

141 4379 166 4417 10
180 4378 247 4418 Duum
263 4379 311 4419 xxll
325 4380 413 4422 25-25·
429 4401 456 4412 ·-
470 4383 497 4422 10
511 4392 535 4435 ρ.
551 4385 603 4432 pout
616 4393 660 4424 εισι.
671 4385 714 4433 Rp.
726 4403 752 4414 -
766 4380 806 4423 οἰικ
821 4379 867 4424 ίστι
877 4383 920 4434 Rp.
931 4403 957 4412 —
971 4383 998 4424 n
1014 4377 1075 4424 οὕτω
1089 4383 1145 4432 Βερ.
1156 4381 1209 4422 nunt
1221 4381 1260 4430 οιιί
1275 4374 1336 4420 οόται

138 4449 174 4490 καί
187 4450 322 4500 praebunt,
344 4454 384 4492 εοσ
403 4464 447 4494 non
461 4457 586 4502 εςποιοιειιε
599 4454 636 4494 ιιιί
651 4466 692 4496 ποτ
706 4455 821 4496 όοόίοίειιί
835 4465 876 4496 τοο
891 4467 912 4495 ι.
933 4475 960 4486 -
982 4457 1009 4494 24
1023 4451 1047 4494 όί
1061 4454 1175 4505 καίπερ,
1190 4453 1226 4494 καί
1241 4453 1264 4492 ό.
1278 4454 1294 4492 1.
1309 4463 1336 4492 ιν

138 4522 204 4560 etium
219 4522 246 4562 R
266 4541 292 4552 -
311 4525 338 4564 Ιό
354 4521 442 4576 φρικτόν
457 4535 480 4574 ρ,
495 4522 588 4575 φευκτόν
603 4526 699 4566 ‹lob-tur
714 4527 839 4566 όοόίοίεοίι
854 4536 894 4566 m
909 4530 932 4566 εἰ
946 4537 967 4566 ι.
982 4547 1008 4556 -
1022 4527 1050 4566 118
1065 4523 1183 4579 ἀλλοτρίου
1196 4524 1263 4570 odam
1279 4523 1333 4564 όοιί-

33 4615 41 4626 .
138 4592 207 4632 ieiuni
223 4595 281 4642 οείο,
297 4590 421 4646 ἀλλοτρίων
436 4605 472 4644 πρ.
489 4595 555 4634 -1ί
571 4593 611 4641 πᾶς
626 4595 726 4640 τοιοῦτος
741 4589 802 4637 bodl}
819 4597 866 4646 Ιθό,
883 4609 918 4648 ορ.

144 4875 261 4928 Λ
