3052 4974
87 425 219 495 ιιι-υ
1167 430 1207 498 α

85 595 255 678 θεώμενοι
283 590 406 670 αύτούς
431 597 646 678 κατανυγῶσι
675 592 731 660 παλ
758 592 1003 679 ἀσφαλέστεραι
1031 595 1207 679 γένωνται,

44 705 77 764 λθ
88 694 331 779 εὐλαβούμενοι
345 696 360 783 ΙΙ
375 707 444 772 τοῖς
455 693 579 779 ὁμοίοις
594 708 798 782 περιπεσεῖν.
820 700 825 782 Ι
845 694 887 761 ού
899 696 1052 780 μέντοιγε
1063 696 1207 782 βδελύξη

45 796 148 866 αυτὸν
174 795 405 883 περιπεσόντα
428 796 479 863 ε’νλ
505 795 562 863 καλ
590 798 736 884 δευτέρῳ
764 798 950 881 σφύλματι,
980 786 1007 862 ῶ
1034 797 1207 882 ἐπίσκοπε,

87 896 160 964 οὐδὲ
181 898 349 975 κωλύσεις
368 895 473 964 αὐτόν
487 903 549 964 τοῦ
566 901 735 982 κυριακοό
753 899 867 982 λόγου,
888 896 967 964 οὐδὲ
984 903 1100 984 κοινῆς
1120 901 1208 965 διαί-

87 1025 140 1084 της
163 997 272 1066 αύτδν
294 999 443 1080 ἐξῶσεις·
479 1001 616 1086 ἐπείπερ
639 998 718 1066 οὐδὲ
741 997 759 1065 ὁ
780 1000 898 1086 κύριος
919 1013 1097 1086 παρῃτεῖτο
1125 998 1242 1084 μετδσ

87 1105 150 1166 τῶν
166 1105 328 1168 τελωνῶν
349 1101 406 1167 καὶ
424 1103 442 1142 *
464 1100 673 1190 ἁμαρτωλῶν
690 1103 836 1186 ἐσθίειν,
860 1105 878 1144 *
897 1102 953 1168 καὶ
971 1101 1038 1168 ὑπὸ
1053 1105 1122 1168 τῶν
1136 1107 1207 1168 Φα-

89 1207 225 1288 ρισαίων
248 1201 499 1288 ἐγκαλούμενος
519 1205 597 1291 περὶ
618 1206 741 1270 τούτου
759 1207 875 1290 ἔλεγεν
899 1203 950 1271 Ού
973 1207 1089 1292 χρείαν
1111 1207 1208 1289 ἕχον-

89 1323 140 1369 σιν
158 1305 195 1370 οἰ
215 1304 393 1390 ἰσχύοντες
413 1309 551 1391 ἰατροῦ,
579 1305 655 1372 ἀλλ’
679 1308 716 1372 ολ
733 1311 845 1384 κακῶς
869 1310 1010 1391 ἔχοντες.
1054 1318 1123 1382 τοῖς
1145 1296 1209 1371 οὖν

90 1405 127 1470 δι1
155 1404 322 1491 ἁμαρτίας
341 1408 559 1493 ἀφορισθεῖσι
580 1407 661 1493 παρ’
684 1405 780 1494 ὑμῶν
806 1407 863 1474 καὶ
885 1409 1208 1493 συναναστρέφεσθε

90 1506 141 1572 καὶ
160 1513 422 1593 συναυλιῖεσθε,
447 1509 704 1594 ἐπιμελούμενοι
730 1517 756 1594 *,
774 1513 1064 1597 παρακαλοῦντες,
1088 1515 1101 1548 *
1123 1506 1208 1573 ὑπο·
1228 1521 1260 1574 10

91 1615 306 1696 στηρίξαντες,
326 1613 479 1696 λέγοντες
501 1610 615 1690 αὐτοῖς
626 1611 804 1697 Ἰσχύσατε,
827 1623 935 1697 χεῖρες
957 1609 1130 1694 δνειμέναι
1152 1612 1209 1676 καί

91 1711 207 1794 γόνατα
231 1714 503 1799 παραλελυμένα.
536 1717 744 1800 παρακαλεῖν
766 1711 830 1800 γὰρ
852 1713 914 1798 χρη
935 1711 1014 1789 τούς
1036 1703 1207 1776 πενθούν-

92 1837 143 1890 τας
166 1814 222 1880 καλ
242 1825 316 1892 τοίς
340 1813 580 1899 ὀλιγούνχοῦσι
602 1819 800 1902 προθυμίαν
819 1816 970 1897 διδόναι,
995 1812 1084 1890 ὅπως
1103 1810 1147 1898 μὴ
1167 1815 1209 1898 τῇ

94 1912 222 2004 ἀμετρίᾳ
248 1917 311 2001 τῆς
338 1916 445 2002 λύπης
475 1919 522 1993 εἰς
549 1915 751 2002 ἀφροσύνην
779 1917 993 2001 χωρήσωσιν·
1033 1913 1170 2002 ἐπείπερ
1192 1911 1209 1980 ὁ

54 2027 81 2084 41
95 2013 288 2103 ὀλιγόύυχος
302 2017 438 2104 ἰσχυρός
458 2017 588 2104 ἄφρων.
610 2021 614 2105 Ι
634 2021 666 2084 εἰ
678 2019 717 2084 δέ
731 2043 781 2095 τις
802 2017 1018 2103 ἐπιστραφεὶς
1032 2019 1210 2101 μετανοίας
1228 2033 1260 2083 15

94 2117 215 2202 καρπὸν
236 2121 461 2212 ἐπιδείξηται,
482 2120 556 2187 τότε
570 2120 627 2185 καὶ
650 2123 696 2198 εἰς
718 2119 912 2205 προσευχὴν
933 2121 1129 2198 είσδέξασθε
1146 2115 1208 2183 αύ-

93 2219 159 2284 τόν·
186 2219 231 2299 ῶς
258 2221 322 2288 τόν
348 2220 426 2288 υἰδυ
449 2219 509 2312 τόν
536 2220 750 2306 α’πολωλότα,
779 2221 840 2288 τόν
862 2221 1010 2303 ἄσωτον,
1040 2219 1101 2285 τόν
1126 2217 1208 2303 μεταλ

96 2327 221 2408 πορνῶν
248 2323 442 2408 μειῶσαντα
468 2322 530 2407 τήν
554 2323 722 2409 πατρικὴν
747 2321 883 2400 ούσίαν,
912 2321 972 2388 τόν
993 2325 1128 2406 χοίρους
1148 2321 1208 2405 βό-

95 2439 208 2490 σκοντα
225 2429 285 2492 καὶ
300 2431 466 2510 κερατίων
483 2425 719 2510 ἐμπλησθῆναι
743 2425 978 2508 ἐπιθυμοῦντα
995 2423 1052 2488 καὶ
1067 2421 1112 2508 μοΙ
1127 2446 1209 2505 τυγ-

96 2525 244 2608 χάνοντα,
273 2526 521 2612 *μεταγνόντα
544 2526 600 2592 καλ
623 2526 942 2612 παλινδρομήσαντα
964 2523 1047 2610 πρὸς
1067 2522 1126 2590 τόν
1144 2547 1209 2588 πα-
1226 2540 1260 2591 20

96 2627 163 2712 τίρα
188 2628 243 2694 καλ
275 2629 414 2694 εἰπόντα
435 2628 610 2714 Ἥμαρτον
639 2631 685 2706 εἰς
712 2627 772 2694 τόν
800 2624 948 2710 οὐρανόν
975 2625 1033 2692 καλ
1062 2625 1209 2692 ἰνῶπιόν

97 2745 161 2812 σου,
176 2730 230 2796 καλ
245 2728 360 2796 οὐκέτι
375 2729 441 2814 είμλ
457 2727 546 2810 ἄξιος
563 2733 742 2795 καλεῖσθαι
759 2731 832 2806 υἱός
848 2747 922 2813 σου,
938 2727 1020 2813 μετὰ
1035 2731 1209 2814 μουσικῶν

99 2825 319 2914 όφιλότεκνος
333 2828 442 2918 πατὴρ
458 2831 686 2916 προσελάβετο
700 2833 730 2914 *,
753 2833 810 2897 καλ
832 2828 894 2915 τήν
916 2830 1060 2916 ἀρχαίαν
1085 2827 1209 2914 στολην

99 2931 146 2996 καί
164 2931 221 2999 τόν
243 2933 429 2999 δακτύλιον
451 2933 507 2998 καὶ
530 2933 571 2999 τό
593 2930 791 3019 ὑποδήματα
822 2931 972 3009 ἀποδούς
999 2933 1121 3016 ἔσφαξε
1149 2929 1209 2994 τόν

99 3034 240 3102 σιτευτόν
261 3034 391 3120 μόσχον
418 3033 475 3101 καλ
501 3031 703 3120 εὐφραίνετο
731 3034 814 3120 μετὰ
842 3039 911 3100 τῶν
937 3037 1058 3118 φίλων.
1103 3028 1209 3106 οὕτως
1226 3048 1260 3098 εσ

158 3259 279 3310 matth
296 3259 322 3322 ο,
342 3259 393 3322 121
410 3258 440 3310 11
461 3259 514 3324 ιω]
535 3257 577 3321 35,
596 3257 679 3323 311⁴
698 3259 771 3309 Prov
790 3259 830 3318 ιι,
849 3255 882 3306 εο
897 3253 902 3322 Ι
917 3256 948 3305 ει
968 3257 1027 3306 Luc
1047 3255 1087 3318 15,
1107 3252 1137 3304 ει

103 3455 112 3504 l
130 3453 258 3528 θεόμενοι
272 3479 296 3512 w
311 3460 317 3528 Ι
333 3462 345 3513 l
365 3461 564 3527 κατανυγῶσιν
575 3479 593 3512 x
608 3459 612 3526 Ι
630 3462 642 3511 1
656 3455 772 3527 γόνοντε
784 3477 818 3525 w,
837 3456 970 3527 γένονται
982 3476 998 3509 x
1014 3457 1018 3525 Ι
1033 3461 1049 3509 2
1068 3449 1208 3524 βδελλύξη

103 3555 123 3588 w
135 3549 139 3602 Ι
153 3539 306 3606 διαλύσεις
319 3563 342 3596 w
357 3546 363 3612 Ι
376 3546 393 3598 0
405 3539 528 3598 τελόνων
540 3563 571 3609 w,
586 3545 735 3598 τελονῶντ
751 3545 756 3612 Ι
771 3544 855 3596 6τῶν
867 3545 900 3607 -Ι-
912 3551 959 3611 yzt
973 3545 978 3608 Ι
993 3543 1010 3594 0
1023 3535 1135 3595 ἐσθίειν
1147 3548 1211 3608 post

102 3627 215 3682 τελωνῶν
225 3635 274 3696 yzt
288 3631 293 3694 Ι
308 3617 414 3697 δός-Ι·
425 3647 458 3695 yz
475 3633 478 3692 Ι
493 3631 510 3681 6
527 3630 583 3683 τῶν
596 3631 711 3682 alterum
723 3631 781 3694 >t
801 3635 806 3690 Ι
825 3631 877 3681 01
891 3627 1071 3696 φαρισσαίων
1083 3645 1125 3694 wy
1141 3627 1164 3694 Ιῖ
1175 3625 1208 3693 w]

106 3705 338 3780 Ιθύφοριαθεῖσιν
350 3733 366 3766 1
382 3717 386 3776 Ι
401 3713 418 3766 0
430 3711 717 3780 συναναστρέφεσθαι
730 3732 754 3764 w
769 3715 774 3777 Ι
791 3715 822 3765 10
831 3714 1035 3777 συναλίζεσθαι
1048 3731 1080 3774 w,
1094 3711 1208 3764 συναλί-

104 3795 177 3854 ζεσθε
188 3799 347 3864 postulabat
360 3799 515 3852 Cotelerius
530 3799 535 3866 Ι
552 3799 584 3850 10
596 3791 691 3850 αύτῶν
703 3798 842 3851 παντοίωι
855 3793 959 3864 τρόπωι
970 3797 1003 3864 Ι-
1013 3815 1037 3847 w
1052 3797 1057 3862 Ι
1073 3797 1105 3850 10
1116 3813 1209 3863 παρα-

105 3882 261 3943 Ιςατούντες
278 3901 295 3934 1
310 3883 315 3950 Ι
332 3883 364 3935 10
381 3882 592 3944 νουθετοῦντες
610 3885 642 3950 -Ι-
660 3903 684 3934 w
699 3885 703 3950 Ι
721 3883 749 3934 ll
771 3884 880 3952 χείραις
898 3901 921 3934 w
937 3884 941 3946 Ι
964 3885 994 3934 12
1012 3884 1180 3948 παρακαλεῖ
1194 3899 1208 3932 τ

127 3963 154 4014 13
169 3957 388 4034 όλιγοηυχοόσιν
405 3986 435 4028 x,
460 3959 645 4034 όλιγοψύχοις
663 3985 687 4018 w
706 3966 711 4035 Ι
737 3969 769 4019 13
788 3967 911 4020 διδῶναι
928 3985 952 4017 w
972 3969 977 4032 Ι
1000 3968 1031 4018 14
1048 3959 1064 4018 ὁ
1082 3969 1116 4031 >
1133 3973 1180 4032 yzt
1203 3965 1208 4032 Ι

106 4044 133 4094 15
148 4043 262 4116 ἰσχυρῶς
280 4059 291 4102 t
310 4053 314 4114 Ι
336 4051 369 4103 10
388 4045 563 4115 ἐπιδείξεται
580 4069 613 4119 yz
634 4051 638 4116 Ι
663 4051 693 4102 10
710 4050 759 4103 καλ
778 4090 793 4104 ..
814 4054 845 4104 17
863 4047 914 4105 τὸν
931 4054 1046 4116 primum
1064 4050 1098 4113 >
1117 4067 1131 4099 z
1153 4055 1157 4110 Ι
1178 4047 1211 4098 10

106 4124 277 4198 εἰσδίξασθαι
297 4153 320 4187 w
341 4136 345 4204 Ι
366 4137 396 4187 11
416 4128 590 4188 ἅπωλωλότα
602 4155 640 4198 w,
658 4129 837 4189 α’πωλωλῶτα
854 4155 871 4187 x
885 4137 890 4204 Ι
913 4135 945 4187 18
962 4132 1108 4202 μιῶοαντα
1126 4149 1142 4182 x
1157 4133 1162 4196 Ι
1176 4131 1211 4181 20

106 4201 176 4276 01101
192 4221 224 4285 Ι-
241 4239 265 4270 w
280 4223 284 4286 Ι
299 4221 335 4271 20
351 4220 534 4288 μεταγνῶντα
552 4239 575 4270 w
597 4221 601 4286 Ι
625 4223 657 4272 ’12
676 4223 814 4274 καλεῖσθε
833 4239 849 4272 x
869 4223 873 4285 Ι
893 4223 927 4272 ‘23
945 4212 1142 4284 προσελάβετο
1159 4233 1181 4265 w
1203 4213 1207 4282 Ι

106 4297 134 4348 20
150 4302 245 4354 τοῦτον
261 4309 294 4372 -Ι-
313 4321 335 4356 w
357 4303 362 4372 Ι
381 4307 414 4356 21
431 4299 482 4358 τὸν
500 4308 575 4372 ρεῖαν
593 4314 669 4370 xyzt.
689 4304 720 4358 τὸ
738 4325 761 4356 w
782 4311 786 4366 Ι
805 4308 838 4356 ’λλ
858 4297 975 4363 ἐπιδούς
993 4321 1015 4352 w
1031 4300 1036 4368 Ι
1051 4303 1084 4351 24
1103 4295 1209 4365 ἔσφαξε

107 4397 135 4446 'a
154 4381 272 4454 ἕῦφαξεν
290 4409 319 4448 x,
341 4383 453 4454 σφάξας
471 4406 501 4442 τε
519 4397 566 4454 γκε
580 4393 585 4452 Ι
600 4393 633 4440 25
651 4387 700 4441 καλ
717 4392 752 4453 >
768 4391 883 4455 yzt125
902 4380 1079 4454 ηύφραίνετο
1097 4392 1143 4450 yzt

961 4469 1006 4538 5*
