3120 4980
1202 327 1265 392 283

212 507 232 541 α
251 486 377 553 Πέτρος·
399 477 483 550 οὖτος
507 483 646 558 ἐκήρυξεν
669 482 700 542 ἐν
723 489 871 556 γαλϊλαίαι
894 487 944 542 καλ
969 482 1083 551 ἐντοῖς
1105 491 1265 558 μεσογείοις

145 570 268 628 κόντοο·
286 571 338 626 καλ
355 567 506 642 γαλόταις·
524 573 574 627 καλ
586 568 685 635 άσίας·
705 572 755 627 καλ
767 574 920 640 βιθυνίας·
938 571 988 626 καλ
1006 569 1101 643 όόμης
1120 570 1197 628 ἔνθα
1214 573 1264 628 καλ

144 653 317 726 ἐσταυρώθη
335 653 392 714 όπό
414 650 547 726 άγρίντπα
569 655 739 726 πρεφέκτου.
776 652 808 712 ἐν
832 657 945 727 χρόνοις
968 654 1104 726 νέροινος,
1128 657 1264 730 βασιλέως

145 739 284 813 όωμαίοεν
305 764 324 796 ·:·

212 827 380 896 βΠαύλος·
405 821 488 890 οότος
512 821 650 896 ἐκήρυξεν
673 818 731 880 άπὸ
754 823 928 894 ἐερουοαλημ
952 822 1003 889 ἐως
1026 829 1078 882 τού
1102 825 1264 896 ίλλυρικοό·

144 911 193 966 καλ
211 909 339 974 ἐναλίας·
358 911 409 966 καὶ
427 909 575 974 ἐσπανίας·
595 907 678 980 μέχρι
691 907 801 980 όάμης,
821 909 897 965 ἔνθα
914 911 964 965 καὶ
982 908 1035 982 τήν
1047 909 1179 983 κεφαλήν
1195 907 1264 968 άπε-

143 993 254 1067 τμήθει
274 991 331 1051 ύπό
348 999 405 1051 τῶν
422 991 518 1051 αύτοόν
540 991 652 1064 α’σεβῶν
674 989 836 1066 α’ρχόντων·
859 993 986 1066 κηρύξας
1008 993 1063 1066 τήν
1086 993 1200 1068 ἐυσεβήι
1218 1001 1264 1053 πί-

144 1099 206 1137 στιν
223 1083 273 1152 τήι
290 1075 494 1149 άνθρωπότητι
513 1076 545 1134 ἐν
563 1078 637 1136 ἐτεσι
654 1084 698 1136 λέ·
724 1075 861 1150 ἐτελιόθη
881 1077 913 1135 όέ
931 1078 1003 1150 μετά
1021 1081 1141 1151 πέτρου,
1168 1078 1200 1138 ἐν
1217 1085 1265 1154 τήι

144 1165 285 1237 εἰρημένη
303 1163 384 1220 πόλει
403 1162 494 1236 όάμηι
515 1185 534 1216 ·:·

211 1247 412 1321 γ’ίάκωβοςό
434 1253 486 1306 τού
509 1243 673 1319 ζεβεόάιοο·
698 1239 781 1312 ούτος
799 1239 911 1320 rutel}
941 1255 1047 1320 φυλαῖς
1080 1255 1133 1306 τού
1162 1250 1264 1323 ίσραήλ

143 1343 208 1400 ταῖς
227 1332 260 1391 ἐν
277 1339 325 1406 τήι
344 1337 514 1402 όιαοποροῖι·
540 1329 796 1404 ἐυαγγιλισάμενος
813 1331 864 1389 τόν
882 1334 1011 1405 χριστόν,
1030 1329 1194 1405 άναιρεῐται
1211 1357 1264 1406 μα-

144 1420 247 1490 χάιρα,
267 1415 324 1475 όπό
342 1415 459 1490 ήροόόοο
477 1423 529 1474 τού
546 1415 701 1490 τετράρχου
719 1441 738 1472 ο

213 1499 382 1574 δ’ίωάννης
401 1498 416 1560 ό
434 1499 562 1574 α’όελφός
579 1497 683 1560 αύτού·
702 1494 785 1567 οὖτος
802 1508 850 1574 τήν
867 1499 945 1576 άσήοι
963 1504 1121 1576 κηρύσσων,
1140 1501 1198 1560 ύπὸ
1216 1507 1264 1560 θο-

143 1593 284 1659 μετιανοό
303 1587 439 1659 βασιλέως
458 1585 567 1658 όόμης,
592 1585 736 1659 ἐξωρίσθη
757 1586 788 1644 ἐν
805 1585 919 1659 πάτμωι
941 1592 987 1661 τήι
1007 1588 1096 1661 νήσω·
1121 1589 1198 1646 ἐνθα
1215 1593 1265 1648 καλ

144 1671 348 1745 σονεγράτματο
365 1671 398 1730 τό
417 1671 586 1744 ἐυαγγέλιον
597 1668 699 1730 αύτοό·
720 1669 751 1728 ἐν
763 1679 824 1736 τοῖς
837 1672 951 1744 χρόνοις
967 1677 1110 1744 τραλανοό
1123 1668 1198 1730 ὅπου
1215 1675 1265 1731 καλ

144 1756 199 1830 τήν
216 1754 405 1827 ἀποκάλυψιν
425 1754 581 1815 ἐθεάσατο·
605 1753 692 1830 ἐτέθη
712 1757 745 1813 δέ
764 1754 795 1814 ἐν
814 1755 932 1828 ἐφέσωι,
957 1756 1108 1828 μετάρσιος
1126 1760 1264 1829 γεγονσός·

145 1840 192 1900 θιό
212 1843 263 1899 καὶ
280 1839 297 1900 ό
315 1839 398 1913 λόγος
415 1841 581 1914 κεκράτηκε.
618 1839 671 1898 σύν
688 1846 738 1899 τοῖι
757 1839 828 1914 ἐνόχ
846 1844 897 1899 καλ
913 1839 983 1914 ήλία
1003 1841 1043 1900 ἐτι
1063 1839 1095 1900 ἐν
1112 1845 1196 1915 σαρκλ
1213 1838 1265 1900 αό-

144 1949 195 1984 τον
212 1922 357 1998 ύπάρχειν
372 1949 391 1982 ιε

214 2007 376 2082 εἈνόρέας
393 2009 409 2068 ό
427 2007 555 2083 άόελφός
568 2011 686 2082 πέτρου·
705 2003 788 2076 οότος
808 2009 947 2083 ἐκήρυξεν
958 2011 1035 2085 πάση
1053 2017 1102 2085 τήι
1118 2017 1264 2084 παραλίω·

145 2096 320 2169 βλθονίαστέ
332 2099 383 2155 καλ
395 2097 518 2154 πόντου·
538 2093 652 2168 θράκης
664 2099 714 2154 καὶ
726 2101 866 2161 σκυθίας·
884 2095 1036 2167 μετέπειτα
1050 2097 1092 2165 δὲ,
1115 2095 1263 2170 ἐπορεύθη

145 2179 178 2238 ἐν
196 2183 420 2255 σεβαστουπόλει
443 2185 489 2253 τήι
513 2179 647 2254 μεγάλην·
673 2175 745 2238 ὅπου
767 2179 961 2253 παρεμβάλλει
984 2179 1079 2252 ψάρος
1103 2185 1153 2239 καλ
1177 2183 1266 2255 φάσις

144 2264 286 2339 ποταμός·
309 2260 345 2325 ού
363 2263 500 2337 ἐσοότερον
522 2266 552 2324 οἱ
568 2266 706 2329 αἰθίοκες
724 2265 869 2323 οίκοόσιν·
893 2263 991 2322 ἐπειτα
1021 2263 1053 2323 ἐν
1076 2265 1198 2339 κάτραις
1215 2271 1267 2338 τῆς

143 2349 267 2424 άχαΐας·
285 2353 335 2408 καί
355 2348 523 2423 ἐσταυρώθη
541 2348 598 2408 όντό
617 2348 755 2422 αίγεάτου
772 2349 962 2408 άνθυπότου·
987 2355 1036 2406 καλ
1055 2346 1143 2421 ἐτέθη
1163 2348 1194 2408 ἐν
1211 2352 1265 2408 τιά-

144 2458 228 2508 τραις
245 2441 296 2508 τῆς
320 2432 453 2500 ἐλλάόος·
481 2435 623 2509 μετετέθη
647 2435 693 2504 δὲ,
719 2433 750 2493 ἐν
772 2433 1064 2492 κωνσταντινούπολει
1091 2441 1267 2508 μεταλουκοῖι

144 2526 199 2579 τοῦ
218 2519 419 2593 ἐοαγγελιστοῦ
437 2523 486 2578 καλ
507 2521 655 2592 τιμσθέου.

215 2609 407 2670 ςΦίλϊππος·
431 2597 514 2670 οὖτος
537 2604 569 2664 ἐν
593 2609 703 2676 φρυνία
727 2603 846 2675 ἐκήρυξε
868 2603 920 2662 τόν
941 2602 1070 2676 χριστόν·
1094 2607 1145 2662 καλ
1168 2603 1266 2664 ἐσταυ-

145 2686 232 2761 ροόθη
251 2687 283 2747 ἐν
302 2689 447 2761 ἴεράπολει
465 2695 516 2764 τής
534 2687 628 2754 άσίας.
654 2689 730 2746 ἔνθα
747 2691 798 2746 καλ
816 2685 905 2761 ἐτέθη
924 2711 943 2744 ·:·

215 2780 484 2849 ζΒαρθολομαῖος·
508 2767 591 2840 οότος
614 2783 674 2838 τοῖς
692 2774 786 2838 ίνόοίς
810 2782 870 2838 τοῖς
892 2774 1081 2848 καλουμένοις
1100 2773 1265 2847 ἐυθαίμοσι·

145 2859 277 2931 κηρύξας
294 2859 346 2916 τόν
368 2860 483 2933 χριστόν
500 2863 550 2917 καί
574 2859 705 2924 δεδωκάς
723 2855 822 2924 αύτοῑς
840 2857 871 2916 τό
890 2860 963 2916 κατά
983 2865 1131 2931 ματθαλον
1149 2857 1266 2933 ἐυαγγέ-

148 2953 223 3016 λισν,
242 2944 386 3002 τέθαπται
406 2943 437 3002 ἐν
454 2941 681 3020 ούρβανουπολει
700 2943 754 3016 τήν
771 2943 904 3016 κεφαλήν
921 2941 1116 3016 άποτμηθείς·
1141 2946 1197 3015 πρό
1216 2949 1266 3018 τῆς

145 3033 263 3101 σφαγής
282 3027 438 3100 ἐκόαρθελς
455 3024 548 3101 ὅσπερ
567 3028 661 3098 θύλαξ
676 3049 694 3081 ·:·

216 3137 234 3185 η
260 3118 378 3187 Θωμάς·
408 3107 492 3180 οὖτος
514 3113 634 3188 ἐκήρυξε
658 3115 787 3183 πάρθοις
809 3113 859 3169 καὶ
881 3111 1000 3185 μήδοις·
1029 3115 1079 3170 καὶ
1102 3121 1264 3188 γερμανοῖς,

145 3201 198 3256 καλ
216 3196 368 3268 όρκανοῖς·
387 3203 544 3257 τελειοῦται
564 3200 596 3256 δὲ
615 3201 797 3270 λογχευθεὶς·
822 3195 854 3254 ἐν
871 3196 952 3254 πόλει
971 3200 1022 3268 τῆς
1041 3198 1151 3269 ἐνόίας,
1176 3205 1263 3257 κολα·

145 3289 216 3357 μίτη
236 3285 388 3357 λεγομένη·
412 3292 506 3341 κεῖται
526 3283 573 3355 δὲ,
599 3281 631 3342 ἐν
649 3281 733 3355 έόέση
751 3288 802 3355 τῆς
821 3279 962 3354 ότδρόνης
986 3305 1005 3336 ·:·

217 3374 241 3425 θ
257 3365 445 3434 Ματθαίοςὸ
462 3367 599 3441 τελάνης·
617 3361 700 3435 οὖτος
717 3373 764 3442 τήι
783 3365 898 3442 ε’βραΐόι
915 3366 1033 3440 γλιόοση,
1054 3367 1086 3426 τό
1099 3366 1267 3442 ἐυαγγέλιον

147 3451 241 3522 αὐτοῦΙ
258 3452 458 3526 σονεγράψατο
476 3459 587 3524 πρῶτος
605 3451 636 3510 ἐν
660 3453 846 3526 Ιιερουυαλήμ·
868 3451 1043 3526 ήρμηνεόθη
1067 3453 1099 3510 δὲ
1122 3459 1169 3527 τήι
1188 3452 1267 3530 ἕλλη-

147 3543 227 3611 νικήι
246 3536 380 3610 γλάσσηι,
404 3535 461 3597 άπὸ
484 3538 611 3596 ίωάνυου
631 3544 683 3596 τοό
700 3538 864 3612 ξεβεόάιου·
890 3529 972 3602 ούτος
995 3539 1121 3611 κηρύξας
1138 3539 1190 3598 τόν
1208 3563 1266 3613 χρι-

147 3624 216 3681 στόν
235 3620 267 3680 ἐν
286 3621 431 3694 ἐεραιτόλει
448 3629 499 3696 τῆς
517 3627 617 3693 συρίας
635 3626 704 3695 πυρλ
722 3629 881 3682 τελειοῦται
895 3645 913 3677 ·:·

217 3701 354 3772 ἰἹούόας
372 3706 512 3780 ἐακύβου·
536 3701 619 3774 οὖτος
638 3705 669 3764 ἐν
686 3707 764 3780 πάση
782 3713 829 3778 τήι
847 3712 1057 3781 μισοποταμίαι
1075 3708 1199 3781 κηρύξας
1217 3708 1268 3767 τόν

147 3789 276 3865 χριστόν,
309 3787 366 3849 όπό
393 3792 535 3852 ίουόαίων
567 3789 731 3864 ἀναιρεῖται
760 3799 870 3857 λίθοις·
899 3801 992 3851 κεῖται
1020 3792 1053 3852 δὲ
1077 3791 1194 3866 ἐνεδέση
1220 3799 1267 3866 τήι

148 3875 231 3934 πόλει
254 3897 274 3929 τ·

216 3983 247 4019 ια
267 3965 416 4028 Θαδδαῖος
433 3958 449 4019 ό
469 3967 583 4034 λεβαῖος
600 3965 650 4021 καλ
668 3961 784 4028 eodone·
808 3956 893 4028 οότος
912 3960 1053 4027 ἐόεσινοίς
1071 3959 1205 4034 ἐκήρυξε·
1223 3962 1266 4020 τέ·

150 4051 263 4104 θακται
282 4046 315 4104 δὲ
334 4043 366 4104 ἐν
382 4042 524 4119 όστρακνη
542 4053 589 4120 τῆι
607 4044 689 4107 πόλει
707 4051 757 4120 τῆς
774 4047 925 4122 άιγύπτου.
961 4051 1139 4117 στανρωθείς
1158 4067 1177 4100 ·:·

218 4135 248 4203 ιβ
268 4126 412 4203 Ἰάκωβος·
437 4127 519 4198 οότος
541 4125 579 4206 ήν
601 4131 730 4203 άόελφός
753 4138 804 4191 τοῦ
827 4139 941 4204 κυρίου,
969 4153 1043 4187 κατα
1067 4149 1141 4187 σανα
1166 4134 1265 4203 [εἰςλ]·

149 4221 324 4274 καθίσταται
348 4216 396 4286 δὲ,
423 4221 532 4286 πρῶτος
561 4213 715 4282 ἐπίσκοπος
738 4214 960 4289 ἐνιερουσαλήμ·
984 4209 1067 4283 οὖτος
1091 4211 1267 4288 ἐμαρτύρησε

151 4304 345 4375 καταβληθελς
362 4297 420 4359 όκό
437 4297 554 4375 α’νόμων
571 4297 696 4374 άνόρόν,
717 4299 748 4362 ἐν
766 4307 818 4361 τού
835 4301 991 4374 πτερυγίου
1008 4304 1061 4358 τού
1078 4304 1154 4362 ναοό
1170 4305 1222 4358 τοό
1235 4300 1268 4360 ἐν
