3160 4976
1405 389 1454 457 85

249 577 446 645 περισπασμῶν.
468 570 490 624 εἰ
504 569 532 624 δέ
546 574 591 639 μή.
606 571 654 624 κᾶν
668 569 719 623 ἀπό
732 572 820 639 γάμου
833 575 895 639 μιᾶς
908 571 1032 639 γυναικός
1047 568 1107 622 ῶν*
1122 566 1165 620 καί
1176 565 1388 638 μαρτυρούμενος
1402 557 1452 610 ὖπέ

249 665 354 716 πάντων
375 667 428 714 τῶν
450 666 560 722 πιστῶν,
582 658 721 731 βιωτικαῖς
746 661 852 731 χρείαις
874 663 909 728 μή
932 660 1161 732 περιπλεκόμενος,
1184 656 1280 724 τέχνην
1303 657 1339 721 μή
1364 649 1451 708 εἰδώς,

249 751 363 804 πλοῦτον
376 754 413 819 μή
427 751 589 818 κεκτημένος,
604 747 720 809 ἄτεκνος.
738 749 761 801 εἰ
778 748 806 802 δὲ
821 748 935 818 ε’γγαμός
948 747 1004 801 ε’στι
1017 749 1060 802 καί
1077 747 1099 800 εἰ
1118 747 1173 816 ἶχει
1187 746 1273 808 τέκνα,
1290 742 1453 810 διδαχθήτω

250 842 282 894 τά
302 839 378 892 τέκνα
396 837 479 892 αύτσύ
500 839 635 911 εύσίβειαν
651 841 814 910 ἰργάζεσθαι
828 838 871 891 καί
885 836 951 892 εἶναι
966 840 1085 910 καθαροί,
1107 836 1149 888 ἵνα
1161 837 1268 904 γένηται
1281 832 1409 904 εὐάρεστοι
1422 838 1453 903 τῇ

217 929 380 999 αέκκλησίᾳ
399 933 437 998 τῷ
456 931 545 982 κανόνι
564 935 610 991 τῆς
629 928 824 1000 λειτουργίας’.
849 927 1028 996 ἐπιμελείσθω
1052 927 1080 980 δέ
1105 925 1193 980 αὐτῶν
1214 926 1232 987 ἡ
1252 923 1388 985 ἰκκλησία,
1413 920 1456 972 ἵνα

252 1020 364 1090 Ιίκεῖνα]
378 1021 425 1088 μίν
438 1026 618 1091 προσκαρτερῇ
631 1021 669 1086 τῷ
679 1019 751 1086 νόμω
766 1021 810 1070 καὶ
823 1023 854 1086 τῇ
869 1015 990 1082 διακονίᾳ
1002 1022 1050 1078 τῆς
1062 1017 1236 1088 λειτουργίας,
1250 1013 1330 1073 αύτδς
1343 1011 1370 1065 δί
1384 1011 1410 1064 έν
1424 1017 1455 1082 τῇ

191 1125 203 1136 ·
255 1108 382 1179 ἐκκλησίᾳ
402 1109 538 1178 ε’πιτελέσῃ
557 1110 590 1159 τά
610 1106 713 1160 δέοντα.
734 1106 802 1158 ἔστω
822 1106 850 1160 δέ
867 1107 884 1168 ή
903 1107 1055 1178 λειτουργία
1075 1105 1199 1165 τοιαύτη·
1220 1109 1323 1173 πρῶτον
1344 1103 1389 1170 μέν
1404 1105 1456 1152 τῶν

255 1201 327 1270 παρά
340 1203 387 1250 τοῦ
401 1197 545 1252 ἐπισκόπου
559 1199 736 1266 κελευομένων
756 1195 793 1256 ὡς
813 1197 856 1249 ἰπὶ
868 1205 952 1268 τροφῇ
967 1194 1042 1266 lm]
1061 1197 1181 1264 γενέσθω
1196 1193 1309 1264 έργάτης
1321 1193 1399 1259 μόνον
1413 1191 1457 1258 καὶ

255 1290 350 1346 παντὸς
369 1290 416 1338 τοῦ
436 1287 536 1360 κλήρου
557 1286 710 1357 σύμβουλος
724 1285 792 1338 έστω
805 1290 849 1339 καὶ
863 1285 1018 1357 σύμβολον*
1032 1291 1078 1347 τῆς
1091 1285 1241 1346 ἰκκλησίας,
1260 1281 1388 1334 διακονῶν
1402 1283 1458 1340 τοῖς

210 1391 234 1426 ιυ
254 1375 411 1448 ἀρρώστοις,
436 1374 565 1428 διακονῶν
586 1382 641 1436 τοῖς
664 1374 757 1440 ξένοις,
783 1381 916 1448 συνεργῶν
935 1381 995 1436 ταῖς
1013 1380 1120 1448 χήραις,
1141 1375 1277 1443 γενόμενος
1296 1379 1382 1442 πατὴρ
1406 1375 1457 1422 τῶν

254 1465 384 1536 όρρανῶν,
399 1467 601 1537 περιερχόμενος
618 1465 644 1518 έν
656 1465 755 1525 πάσαις
765 1470 824 1524 ταῖς
837 1470 889 1516 τῶν
904 1463 1061 1533 ένδεομένων
1075 1465 1178 1526 οἰκίαις,
1192 1467 1228 1531 μή
1242 1482 1281 1532 τις
1293 1462 1310 1533 ή
1325 1461 1352 1514 έν
1365 1461 1458 1530 θλίβει

253 1555 270 1616 ἦ
285 1555 311 1608 έν
324 1554 426 1623 νόσῳή
442 1553 468 1606 έν
482 1553 660 1626 ταλαιπωρίᾳ.
681 1553 707 1606 ἰν
726 1560 786 1615 ταῖς
801 1560 854 1606 τῶν
868 1555 1074 1623 κατηχουμένων
1089 1553 1185 1613 οἰκίαις
1198 1553 1392 1625 περιερχίσθω,
1417 1549 1459 1602 ἵνα

254 1643 411 1716 έπιστηρίξῃ
429 1645 491 1702 τοὺς
510 1643 684 1707 διστάζοντας
697 1647 741 1697 καί
755 1641 852 1713 διδάξῃ
867 1645 930 1702 τοὺς
943 1643 1018 1703 ὄντας
1032 1643 1151 1702 ἰδιώτας.
1173 1641 1271 1715 ἄνδρας
1290 1641 1459 1714 προειμένους

254 1732 407 1796 ε’νδυσάτω,
434 1739 539 1800 κοσμῶν
565 1733 661 1806 κρύους
681 1734 755 1793 ὄντος
773 1735 834 1793 τοὺς
862 1732 967 1796 ξένους,
993 1732 1097 1802 ὁδηγῶν
1116 1734 1178 1792 τοὺς
1202 1732 1229 1784 ίκ
1252 1738 1299 1793 τῆς
1321 1731 1459 1802 παροικίας

210 1837 234 1874 ιο
255 1821 343 1874 αὐτῶν
367 1822 582 1894 παρερχομένους
604 1823 621 1885 ἣ
645 1821 885 1892 ρυγαδιυομένους.
915 1823 973 1893 περὶ
997 1828 1044 1884 τῆς
1069 1829 1122 1876 τῶν
1145 1821 1302 1890 ἰνδιομένων
1325 1818 1457 1892 βοηθείας

256 1911 427 1980 διαγγειλέτω
440 1919 472 1983 τῇ
486 1911 623 1981 έκκλησίᾳ.
643 1914 687 1964 τόν
708 1913 849 1966 ἰπίσκοπον
862 1914 898 1980 μὴ
914 1910 1106 1970 ὑπωπιασάτω,
1128 1914 1206 1980 μόνον
1220 1910 1248 1964 δὲ
1263 1911 1289 1963 έν
1302 1915 1335 1980 τῇ
1348 1916 1458 1982 κυριακῇ

256 1999 335 2053 αὐτόν
347 2000 567 2069 άναμιμνησκέτω
580 2001 637 2074 περί
650 2003 755 2055 πάντων
769 2001 811 2054 ἵνα
821 2000 887 2073 εἰδῇ.
901 1999 969 2053 ἔστω
980 2000 1008 2054 δὲ
1018 2003 1108 2072 νήρων
1118 2009 1150 2072 τῇ
1162 1999 1221 2072 ὥρᾳ
1232 2006 1280 2062 τῆς
1291 2004 1457 2068 συναγωγῆς,

259 2091 459 2162 περιερχόμενος
473 2089 499 2142 έν
513 2099 544 2162 τῇ
558 2090 694 2159 ἐκκλησία,
713 2095 756 2144 καί
775 2091 844 2144 ἔστω
859 2097 977 2164 προνοῶν
990 2095 1026 2160 μή
1040 2110 1079 2151 τις
1093 2090 1110 2162 ᾖ
1124 2092 1322 2162 περυσιωμένος
1334 2088 1352 2151 ή
1366 2086 1458 2160 εύτρά·

256 2180 333 2239 πελος
347 2179 364 2240 ἢ
378 2182 545 2242 στασιάστης
558 2180 574 2240 ή
589 2182 775 2250 ματαιολόγος.
796 2184 881 2234 πάντα
899 2181 1043 2252 ἄνθρωπον
1063 2179 1131 2251 ὁρῶν
1151 2182 1194 2232 καὶ
1208 2179 1312 2232 ἀκούων
1327 2177 1458 2246 ε’λεγχέτω

205 2285 233 2322 κο
253 2271 296 2320 καί
306 2270 350 2320 τόν
362 2268 501 2338 όρείλοντα
510 2272 638 2341 τιμωρίαν
650 2268 839 2335 ἀναδέξασθαι
850 2270 996 2336 έξωθείτω,
1013 2269 1055 2321 ἵνα
1065 2269 1109 2322 καί
1120 2269 1144 2320 οί
1155 2269 1243 2321 λοιποὶ
1254 2267 1337 2340 ρόβον
1349 2266 1457 2336 έχωσιν.

254 2357 297 2410 καί
318 2358 340 2410 εἰ
360 2358 469 2429 ἐρωτῴη
490 2358 570 2410 αύτόν
590 2357 662 2418 όπως
682 2365 849 2432 συγχωρήσῃ
869 2359 942 2428 αύτῷ
956 2364 1124 2420 κοινωνῆσαι,
1145 2359 1312 2430 παράκλησιν
1327 2359 1458 2410 ποιείσθω

255 2445 337 2516 αύτῷ.
353 2447 376 2499 εἰ
390 2445 417 2500 δέ
431 2447 544 2515 ε’πιμένοι
557 2465 596 2507 τις
610 2446 636 2499 έν
650 2456 681 2520 τῇ
697 2451 795 2502 πτώσει
808 2449 889 2502 αύτοῡ
903 2451 920 2512 ἦ
934 2451 961 2503 έν
974 2453 1004 2518 τῇ
1015 2445 1124 2518 ἀταξίᾳ,
1139 2447 1290 2521 άναριρίτω
1305 2448 1361 2519 περὶ
1375 2445 1458 2498 αὐτοῦ

253 2539 315 2607 πρός
334 2541 377 2590 τόν
398 2537 537 2588 ἐπίσκοπον
556 2539 600 2588 καί
619 2538 794 2610 άροριζίσθω
812 2540 912 2612 ἡμέρας
931 2539 996 2592 ἔπτὰ
1016 2539 1060 2590 καὶ
1079 2539 1218 2590 καλείσθω
1236 2535 1339 2594 ἔπειτα,
1361 2535 1404 2586 ίνα
1421 2539 1457 2603 μή

253 2626 475 2698 αἰχμαλωτισθῃ.
494 2625 515 2678 εἰ
534 2624 562 2677 δέ
583 2625 671 2678 έλθῶν
686 2628 763 2679 πάλιν
777 2628 965 2683 άκολασταίνοι
978 2629 1021 2680 καὶ
1036 2627 1150 2697 ἐπιμένοι
1171 2626 1197 2678 έν
1210 2630 1248 2695 τῷ
1267 2627 1457 2698 παραπτώματι

205 2732 232 2768 ν’,
253 2713 343 2774 αὐτοῦ,
358 2714 568 2785 άποβαλλέσθω,
584 2715 633 2775 ἕως
647 2715 677 2767 ἂν
689 2721 853 2785 μετανοήσας
867 2717 980 2779 άληθῶς
993 2720 1056 2790 πρός
1066 2717 1158 2769 ίαυτόν
1169 2715 1238 2776 ἔλθῃ
1252 2715 1383 2784 δεόμενος,
1399 2715 1420 2768 εἰ
1432 2714 1458 2767 έν

253 2807 326 2857 πόλιι
338 2805 380 2857 ἰπὶ
390 2805 506 2873 αἰγιαλῷ
515 2806 661 2867 θαλάσσης
669 2806 734 2868 έστί,
746 2809 928 2878 περιερχέσθω
936 2806 963 2859 έν
969 2813 1025 2860 τοῖς
1035 2808 1254 2879 περιθαλασσίοις
1266 2807 1363 2866 τόποις,
1374 2805 1459 2858 εἴποτέ

253 2893 309 2946 ε’στί
328 2913 368 2954 τις
386 2897 520 2956 τεθνηκὼς
541 2894 567 2946 έν
587 2904 618 2967 τῇ
638 2896 777 2966 θαλάσσῃ,
797 2894 934 2949 ἰνδυσάτω
955 2896 1034 2949 αὐτόν
1053 2899 1097 2950 καὶ
1114 2898 1240 2967 θαβάτω.
1260 2896 1360 2963 ὁμοίως
1373 2897 1416 2946 καί
1429 2899 1458 2946 τό

253 2985 334 3054 [ευ]
356 2983 461 3053 δοχεῑον
484 2983 629 3057 ἰρευνόιτω,
650 2985 735 3038 εἴποτέ
759 2987 817 3039 έστί
837 3004 876 3046 τις
895 2987 1035 3038 καταλύων
1056 3005 1106 3040 που
1125 2985 1263 3057 ἄρρωστος
1289 2983 1416 3047 ήίνδεής
1441 2984 1458 3046 ἧ

252 3077 356 3147 νεκρός,
385 3075 429 3126 καί
448 3073 598 3142 ἀγγελλέτω
626 3083 658 3146 τῇ
683 3075 824 3146 ἐκκλησία,
852 3075 894 3128 ἵνα
920 3077 953 3128 τὰ
973 3075 1065 3129 δέοντα
1087 3075 1124 3128 ένί
1144 3073 1245 3143 έκάστορ
1271 3078 1458 3146 προνοήσηται.

207 3177 233 3216 ³0
253 3166 313 3224 τούς
329 3164 523 3236 παραλυτικούς
542 3167 585 3217 καί
598 3167 658 3224 τοὺς
671 3165 794 3224 ἀσθενεῖς
807 3166 932 3218 λουσάτω
946 3163 983 3224 ῶς
996 3167 1099 3238 πρέπει,
1114 3163 1156 3218 ίνα
1168 3167 1274 3233 γένηται
1289 3162 1380 3224 αὐτοῖς
1394 3163 1458 3216 άνά-

252 3253 332 3325 φυξις
346 3253 397 3307 ἀπό
412 3259 464 3307 τῶν
477 3253 579 3307 ὀδυνῶν
593 3253 691 3308 αὐτῶν.
714 3255 751 3307 ένί
764 3255 868 3324 ἑκάστῳ
881 3255 914 3307 τά
928 3253 1021 3308 δέοντα
1037 3255 1081 3308 διά
1095 3262 1141 3317 τής
1155 3253 1296 3314 ἐκκλησίας
1316 3252 1421 3306 διδότω.

253 3345 317 3416 Περὶ
330 3349 382 3396 τῶν
395 3341 582 3416 βραδυνόντων
595 3345 665 3406 ήκειν
679 3344 716 3404 εἰς
729 3348 776 3406 τήν
796 3344 937 3406 ε’κκλησίαν
949 3343 988 3397 ύτι
1001 3349 1037 3413 μή
1052 3345 1248 3398 εἰσελθέτωσαν
1261 3345 1398 3414 γενομένης
1412 3349 1457 3404 τής
1483 3337 1528 3420 μβ

252 3432 428 3504 λειτουργίας.
443 3433 515 3486 άλλά
529 3430 581 3497 ἔξω
596 3431 727 3495 ἔστωσαν,
742 3433 792 3494 ίως
806 3433 837 3486 ἂν
851 3434 976 3506 τελεσθῇ.

253 3523 285 3575 Εἴ
304 3541 344 3581 τις
361 3520 483 3593 βραδέως
503 3521 582 3574 έλθοι
600 3522 635 3582 εἰς
653 3525 700 3583 τήν
714 3523 879 3596 λειτουργίαν
892 3524 909 3585 ή
924 3527 969 3576 τοῦ
986 3530 1088 3593 στῶμεν
1102 3526 1211 3585 καλῶς·
1224 3527 1365 3594 λεγομένου
1379 3525 1396 3588 ἦ
1411 3533 1457 3586 τῆς

207 3626 233 3664 ιο
252 3617 404 3684 προσφορᾶς
417 3613 638 3684 προσφερομένης,
653 3611 726 3672 όστις
739 3612 771 3664 άν
784 3613 810 3684 ᾖ,
826 3613 877 3677 ἔξω
891 3615 988 3682 μενέτω
1000 3616 1044 3668 καὶ
1058 3618 1093 3683 μὴ
1108 3615 1270 3685 εἰσαγαγέτω
1285 3614 1364 3667 αὐτόν
1375 3615 1388 3665 ὁ
1400 3615 1457 3667 διά-

252 3719 336 3760 κονος.
361 3701 441 3760 τύπος
459 3704 510 3772 γάρ
527 3700 581 3753 ἔστι
602 3708 648 3762 τῆς
669 3702 767 3775 ἡμέρας
789 3709 835 3764 τῆς
858 3706 969 3776 κρίσεως
991 3711 1037 3765 τῆς
1059 3706 1208 3773 μελλούσης
1235 3709 1277 3756 καὶ
1296 3703 1338 3756 ἵνα
1357 3708 1392 3772 μή
1413 3705 1457 3756 διὰ

251 3796 297 3850 τῆς
316 3796 406 3860 ρωνῆς
427 3797 473 3852 τῆς
492 3791 661 3851 εἰσελεύσιως
681 3791 772 3864 ἐνέδρα
795 3798 851 3853 τοῖς
871 3797 1093 3866 προσευχομένοις
1112 3797 1229 3862 γένηται.
1257 3794 1345 3846 ε’λθῶν
1366 3793 1393 3846 δέ
1414 3797 1457 3846 καὶ

253 3879 337 3952 εὑρὼν
357 3881 537 3950 κεκλεισμένην
558 3885 604 3942 τήν
623 3883 711 3953 θύραν
731 3887 767 3950 μή
786 3881 893 3950 κούάτω
908 3882 952 3936 διὰ
970 3885 1003 3935 τά
1017 3884 1201 3955 προειρημένα.
1223 3885 1288 3952 μετά
1303 3884 1330 3936 δὲ
1346 3887 1373 3934 τό
1388 3885 1457 3936 τελε-

253 3974 352 4044 σθῇναι
366 3974 412 4033 τὴν
431 3973 597 4043 προκειμένην
619 3970 776 4040 δοξολογίαν
793 3971 934 4025 εἰσελθέτω
949 3975 1040 4032 πιστός
1053 3973 1069 4034 ή
1084 3976 1172 4034 πιστή.
1187 3976 1313 4033 Διάκονος
1327 3975 1423 4041 λεγέτω
1440 3973 1456 4035 ἦ

334 4084 343 4116 1
355 4075 367 4102 *
378 4080 432 4118 haec
449 4081 516 4120 τοεοιι
529 4082 607 4128 procu!
624 4082 692 4120 dumo
707 4085 746 4120 ιιιιι
760 4092 817 4121 nme
832 4084 889 4122 male
901 4093 967 4120 νοεεει
978 4087 1015 4120 ειιει
1026 4085 1133 4131 corrupta
1144 4089 1202 4128 ειιιιε,
1214 4083 1260 4126 τοῖς
1271 4081 1457 4135 συμφιλολογούσι

252 4149 344 4202 μελήσει
353 4149 421 4190 ταύτά
432 4162 464 4202 γε.
480 4153 504 4190 ίιι
520 4153 596 4192 codice
606 4156 695 4198 syriaco
706 4163 733 4192 εει
742 4155 849 4201 leguntur
859 4163 915 4202 ιμιοο
926 4154 995 4192 edidi.
1011 4173 1038 4180 -
1052 4149 1088 4192 ὁ*
1098 4151 1135 4190 ἳνα
1145 4152 1303 4206 ευσρεετοῠντα
1314 4155 1340 4209 τῇ
1352 4152 1457 4208 εἰκλησίεμ

251 4219 340 4278 γίνηται
356 4220 385 4265 εἰς
400 4220 478 4261 κανόνα
493 4233 512 4260 τ.
528 4222 566 4262 L?
582 4224 635 4262 neat
650 4227 1002 4281 tum3·wv·1³exspuet-averio.
1019 4227 1048 4262 ιε’.
1061 4225 1143 4264 Genea.
1157 4227 1193 4265 ΙΙῙ
1210 4223 1297 4278 ἐγένετο
1316 4223 1457 4278 wopam:

252 4292 281 4336 εἰς
292 4291 363 4346 ψυχὴν
379 4291 458 4340 ζῶσαν.
474 4313 500 4322 -·
515 4295 535 4332 8.
551 4291 587 4332 9*
599 4295 742 4336 vehementur
757 4297 811 4335 ιιιίΙιί
827 4297 947 4346 displicent
961 4307 1016 4345 quae
1032 4296 1091 4344 dedi,
1108 4299 1202 4335 meliora
1216 4300 1368 4346 appositurus,
1384 4300 1403 4338 εἰ
1419 4300 1456 4336 hn-

254 4367 359 4405 buissem.
375 4369 460 4404 mm
475 4371 509 4405 ονε
523 4363 594 4417 τροφὴ
604 4367 681 4406 λίεεελι,
698 4369 719 4406 vl
735 4369 762 4408 25
777 4369 832 4407 xxiv
847 4369 874 4407 45
889 4369 943 4408 huc.
956 4370 986 4408 xli
1002 4369 1029 4407 23
1042 4367 1092 4408 Act.
1109 4369 1125 4408 ίί
1140 4371 1167 4408 46
1181 4371 1203 4407 ix
1220 4373 1244 4408 19
1260 4371 1322 4409 xxvii
1337 4373 1363 4410 3³
1380 4371 1424 4409 Ιιιε.
1441 4371 1457 4410 ii

255 4439 291 4478 λύε
315 4435 421 4491 βρώματα
436 4438 514 4478 nuth,
530 4439 568 4476 xiv
583 4439 610 4477 15
630 4439 685 4478 Luc.
700 4441 723 4478 ix
742 4442 767 4480 1³
789 4442 814 4479 ili
830 4443 867 4478 11:
891 4437 1023 4492 έπισιτισμός
1041 4442 1096 4480 Luc.
1119 4441 1190 4480 1112.
1213 4452 1254 4490 pro
1274 4439 1383 4494 σύμβολον
1404 4444 1456 4492 poni

254 4512 366 4560 potuisset
380 4509 498 4564 μυστήριον
514 4512 544 4549 cr.
560 4512 650 4550 υουνιίι.
667 4509 680 4562 β
695 4513 774 4552 xxviii.
785 4532 811 4540 —
826 4514 853 4550 32
869 4509 967 4563 βραδέως
982 4511 1099 4565 ἡκόντωνί
1116 4534 1138 4540 -
1156 4515 1181 4554 ³4
1196 4508 1209 4536 ⁸
1225 4513 1248 4552 in
1263 4516 1340 4554 codice
1355 4516 1455 4563 syriaco:

257 4579 272 4634 ή
287 4583 326 4635 τῆς
341 4581 409 4634 καλῆς
424 4579 551 4636 λεγομένης,
568 4583 607 4622 κοιλ
622 4584 646 4622 in
661 4585 759 4632 margine
776 4581 862 4634 στῶμεν
877 4581 951 4628 καλῶς
964 4585 1111 4636 adscriptum.
