2998 4972
93 439 112 490 ι
134 423 164 474 ¹²
1149 428 1211 492 τω

94 587 335 674 είρηνεύωνται
361 587 402 654 τά
431 586 516 676 πρὸς
534 585 635 674 ἡμᾶς,
664 587 754 666 ὅπως
780 589 819 656 ἐν
845 583 969 676 ἡσυχίᾳ
990 588 1046 654 καὶ
1074 585 1215 677 ὁμονοίᾳ

93 691 269 776 διάγοντες
289 689 351 756 τδν
371 690 482 757 πάντα
508 691 634 784 χρόνον
661 693 719 775 τῆς
746 693 829 774 ζωῆς
847 686 943 775 ἡμῶν
969 689 1156 774 δοξάζωμέυ
1174 709 1213 756 σε

93 791 149 858 διό
179 791 288 876 Ἰησοῦ
319 795 458 880 χριστοῦ
488 798 547 876 τῆς
582 793 718 868 ἐλπίδος
747 787 853 877 ἡμῶν.
899 796 946 858 ἐτι
977 791 1213 877 προσφίρομέν

91 911 146 958 σοι
167 893 225 959 καί
245 890 332 979 ὑπὲρ
355 894 494 960 πάντων
514 899 584 960 τόν
606 891 666 959 ἀπ’
696 896 819 970 αἰτόνος
839 892 1138 981 εύαρεστησύντων
1158 912 1212 959 σοι

92 993 211 1080 ἁγίων,
234 1000 461 1083 πατριαρχιόυ,
479 1000 681 1082 προφητῶν,
705 996 865 1079 δικαίων,
888 993 1103 1079 ἀποστόλων,
1126 1013 1246 1081 μορε

91 1096 226 1183 τύρων,
255 1093 487 1182 όμολογητῦν,
518 1097 728 1181 ἐπισκόπων,
752 1099 1008 1183 πρεσβυτέρων,
1031 1098 1212 1180 διακόνων,

90 1196 348 1283 ῦποδιακόνωυ,
385 1198 632 1285 ἀναγνωστιόν,
668 1203 823 1284 ψαλττόν,
855 1201 1054 1285 παρθένων,
1087 1201 1212 1284 χηρῦν,

91 1305 232 1382 λααιιόν,
249 1299 307 1366 καί
328 1301 466 1368 πόντων
494 1291 545 1368 όν
572 1301 747 1368 ἐπίστασαι
769 1299 870 1384 αύτδς
896 1300 937 1367 τά
960 1299 1118 1386 ὀνόματα.
1162 1305 1212 1370 ἐτι

90 1403 328 1489 προσφίρομέν
350 1419 403 1468 σοι
425 1399 511 1488 ὑπὲρ
530 1407 592 1470 τοῦ
613 1407 698 1470 λαοῦ
715 1403 850 1487 τούτου,
873 1405 930 1471 ἵνα
952 1401 1129 1489 ἀυαδείξης
1150 1402 1213 1468 αύ-

90 1503 152 1570 τόν
190 1507 238 1583 είς
274 1507 414 1571 ἔπαινον
450 1510 512 1572 τοῦ
541 1510 679 1592 χριστοῦ
714 1525 778 1572 σου
812 1509 986 1590 βασίλειον
1021 1503 1211 1592 ίεράτευμα,
1232 1521 1265 1574 10

91 1611 196 1684 ἐδνος
217 1605 332 1692 ἀγιον,
354 1603 440 1694 ῦπέρ
462 1611 531 1674 τοῖν
553 1610 591 1674 ἐν
613 1611 784 1696 παρθενίᾳ
805 1605 862 1674 καί
883 1604 1017 1694 ἁγνείᾳ,
1040 1602 1126 1691 ὑπὲρ
1144 1611 1214 1700 τόν

89 1712 212 1796 χηρῶν
227 1712 287 1794 τῆς
308 1708 503 1794 ἐκκλησίας,
530 1706 616 1795 ὑπὲρ
633 1714 703 1775 τόν
723 1709 762 1775 ἐν
784 1721 920 1794 σεμνοῖς
944 1708 1063 1793 γάμοις
1084 1707 1141 1774 καὶ
1162 1731 1212 1774 τε·

91 1815 304 1896 τνογονίαις,
331 1807 418 1895 ύπὲρ
438 1815 508 1878 τόν
525 1815 657 1897 νηπίων
677 1815 738 1878 τοῦ
760 1815 846 1878 λαοῦ
867 1829 947 1894 σου,
974 1809 1064 1888 ὅπως
1085 1811 1213 1896 μηδένα

89 1909 190 1998 ἡμῶν
220 1910 413 1998 ἀπόβλητον
438 1913 588 1999 ποιήσῃς.
634 1917 682 1980 ἐτι
709 1912 868 1998 ἀξιοῦμέν
895 1929 933 1980 σε
959 1911 1016 1979 καί
1041 1909 1126 1997 ύπέρ
1154 1915 1214 1998 τῆς

91 2016 223 2092 πόλεως
241 2013 364 2098 ταύτης
386 2015 443 2080 καί
460 2019 528 2081 τόν
548 2013 776 2082 ἐνοικούντων
788 2017 817 2098 *,
839 2012 925 2101 ὑπὲρ
947 2019 1016 2082 τόν
1038 2015 1077 2082 ἐν
1101 2012 1212 2100 ἀρρω-
1232 2027 1264 2082 lb

90 2119 216 2200 στίαις,
239 2109 325 2201 ὑπὲρ
347 2120 416 2183 τόν
439 2116 478 2184 ἐν
500 2121 606 2204 πικρᾷ
628 2118 785 2206 δουλείᾳ,
807 2114 893 2204 ὑπὲρ
912 2121 982 2184 τόν
1002 2117 1041 2184 ἐν
1059 2109 1212 2204 ἐξορίαις,

89 2215 179 2304 ύπέρ
196 2222 267 2284 τόν
287 2217 326 2284 ἐν
346 2217 517 2303 δημεύσει,
541 2215 628 2305 ὑπὲρ
648 2220 822 2286 πλεόντων
848 2219 905 2284 καὶ
928 2215 1213 2303 ὁδοιπορούντων,

90 2317 183 2396 ὅπως
196 2318 335 2386 πόντων
349 2317 628 2407 ἐπίκουροςγένη,
641 2322 780 2387 πόντων
789 2318 917 2406 βοηθός
927 2317 1212 2405 καίάντιλήπτωρ.

90 2425 140 2488 ἔτι
157 2422 420 2507 παρακαλούμέυ
441 2436 480 2488 σε
502 2425 521 2464 *
541 2420 627 2508 ύπέρ
648 2427 717 2490 τοῖν
738 2417 930 2508 μισούντων
946 2418 1033 2506 ἡμᾶς
1054 2420 1110 2486 κα1
1132 2421 1214 2486 διω-

90 2523 228 2590 κόντων
245 2519 332 2608 ἡμᾶς
352 2521 410 2589 διά
432 2523 471 2591 τό
494 2523 600 2610 δνομά
627 2542 709 2608 σου,
737 2524 823 2606 ὑπὲρ
845 2528 914 2591 τύυ
940 2525 1001 2603 ἐξω
1027 2521 1136 2588 ὄντων
1156 2523 1213 2588 καὶ
1230 2537 1265 2590 20

90 2624 378 2709 πεπλανημένων,
412 2625 502 2704 ὅπως
535 2626 735 2714 ἐπιστρέψης
766 2625 890 2703 αύτούς
920 2628 965 2702 είς
996 2622 1128 2709 ἀγαδόυ
1157 2623 1214 2690 καί

88 2726 154 2792 τόν
176 2724 293 2810 θυμόν
307 2723 421 2794 αύτῦυ
435 2727 598 2816 πραῦνης.
645 2733 692 2796 ἐτι
714 2730 975 2814 παρακαλοῦμεν
989 2745 1027 2794 σε
1049 2725 1106 2792 καί
1127 2722 1213 2813 ύπέρ

90 2832 164 2896 τοῖν
192 2829 453 2914 κατηχουμένωυ
480 2835 538 2916 τῆς
565 2832 746 2916 ἐκκλησίας
771 2830 828 2897 καὶ
855 2826 942 2915 ύπὲρ
966 2837 1035 2895 των
1062 2831 1214 2914 χειμαζο-

89 2930 208 3015 μένων
228 2925 296 2995 ύιιδ
316 2931 378 2996 τοῦ
399 2931 580 3018 ἀλλοτρίου
602 2934 659 3000 καί
679 2929 766 3018 ύιιέρ
785 2937 853 3000 τοῖν
876 2931 915 2997 ἐν
931 2935 1091 3016 μετανοίᾳ
1112 2927 1212 2995 ἀδελ-

90 3031 171 3118 φεόν
192 3028 306 3116 ἡμῶν,
335 3031 424 3111 ὅπως
452 3032 531 3113 τούς
551 3035 615 3120 μὲν
638 3033 816 3122 τελειύσης
845 3034 884 3100 ἐν
910 3036 952 3118 τῇ
979 3035 1105 3113 πίστει,
1134 3028 1213 3106 τούς
1230 3045 1264 3096 τε

89 3134 131 3199 δὲ
162 3137 351 3220 καδαρίσης
380 3141 398 3181 *
425 3135 596 3222 ἐνεργείας
618 3141 681 3204 τοῦ
703 3140 872 3222 πονηροῦ,
906 3137 976 3200 τεόν
1002 3130 1126 3216 δὲτὴν
1153 3155 1213 3216 με-

92 3235 240 3300 τάνοιαν
267 3237 451 3324 προσδέξῃ,
487 3238 544 3305 καὶ
577 3238 797 3325 συγχωρήσης
824 3237 881 3303 καὶ
906 3233 1021 3312 αύτοίς
1048 3233 1105 3300 καί
1130 3231 1212 3318 ἡμῖν

89 3335 134 3403 τά
156 3336 410 3422 παραπτώματα
428 3335 534 3425 ἡμύυ.
580 3343 628 3408 ἔτι
649 3340 887 3426 προσφέρομέν
907 3356 962 3403 σοι
976 3336 1034 3403 καὶ
1047 3333 1134 3416 ύπέρ
1155 3339 1214 3421 τῆς

91 3437 277 3525 εὐκρασίας
297 3444 360 3505 τοῦ
380 3440 478 3528 ἀέρος
501 3444 558 3510 καλ
584 3448 643 3528 τῆς
666 3441 828 3528 εύφορίας
848 3439 918 3506 τόν
942 3443 1099 3524 καρπόν,
1125 3436 1215 3514 ὅπως

91 3541 285 3618 ἀνελλιποδς
312 3545 624 3628 μεταλαμβάνοντες
651 3548 720 3610 τόν
739 3541 829 3629 παρά
852 3546 915 3608 σοῦ
935 3539 1087 3626 ἀγαθοῖν,
1111 3543 1215 3606 αίνιῦ-
1232 3552 1268 3606 30

90 3645 156 3730 μίν
179 3659 218 3710 σε
233 3639 413 3722 ἀπαύστως
425 3643 486 3712 τόν
507 3647 646 3714 διδόντα
668 3647 800 3732 τροφήν
823 3645 914 3731 τόση
929 3647 1040 3731 σαρκί.
1085 3645 1133 3708 ἔτι
1149 3663 1214 3706 πα-

162 3867 260 3920 3Τ1ιιι
279 3884 297 3918 α
318 3863 340 3925 l,
361 3863 373 3914 1
391 3861 396 3923 Ι
413 3862 444 3914 10
461 3865 529 3916 Patr
547 3881 565 3915 α
583 3865 608 3928 ²,
627 3861 813 3924 1112οΜ11111
827 3861 908 3926 lom
922 3862 927 3927 Ι
943 3859 973 3912 31
993 3860 1086 3911 ΡεεΙιο
1105 3857 1162 3918 1311,
1181 3857 1215 3908 25

96 4065 107 4114 1
127 4053 365 4130 είρητεόοτταιτ
390 4063 394 4126 Ι
416 4063 433 4111 2
452 4052 645 4125 δοξάζομένγ
665 4064 670 4118 Ι
694 4061 773 4109 δσοι
793 4048 1043 4124 ιύαρεστησάντων
1060 4069 1077 4118 y
1101 4050 1105 4119 Ι
1128 4041 1214 4102 δαῦ-

93 4143 142 4208 τδς
163 4139 316 4199 ἐπίπαττε
339 4151 370 4210 yt
395 4145 400 4210 Ι
429 4146 459 4195 15
483 4137 515 4196 ἐκ
538 4135 612 4211 αῦτη·
628 4144 662 4210 -Ι-
678 4159 696 4208 γ
726 4145 730 4208 Ι
762 4141 792 4194 16
815 4136 946 4207 ἐξαρίαις
969 4157 985 4190 x
1012 4142 1016 4204 1
1045 4137 1076 4188 18
1098 4130 1215 4188 πόντων

93 4236 171 4300 prius
189 4233 254 4297 >t
280 4233 285 4296 Ι
317 4229 350 4281 19
371 4227 422 4282 καί
438 4231 473 4296 †
492 4235 523 4294 γε
550 4231 554 4293 Ι
580 4231 613 4280 ⁸22
631 4222 721 4282 αύτδν
741 4222 879 4292 πραόνως
899 4243 930 4290 x,
955 4225 1003 4274 εεδ
1025 4215 1094 4287 ”νης
1117 4237 1179 4272 corr
1208 4219 1212 4283 1

92 4307 740 4381 23κα1>γ124κα1>γ126ἐκτῆςψ
756 4311 855 4378 γ1130
872 4301 1044 4366 ἀκελλειπῦς
1062 4304 1167 4373 111130.
1181 4304 1212 4356 31

94 4395 239 4468 αίτοῦμέν
257 4407 303 4466 m

973 4485 1010 4545 17
