3052 4974
92 389 114 450 β
137 390 240 442 49-50
1183 401 1223 460 77

92 560 136 622 τί
154 556 193 622 δὲ
216 561 356 638 είκομεν
371 551 430 620 τόν
445 555 572 638 τρόπον
586 553 699 622 αὐτῶν
718 557 943 640 ἐπιζητεῖσθαι
966 551 1080 634 ὁποῖος
1102 559 1120 596 *
1141 582 1223 643 τυγ-

91 657 212 741 χάνεις
236 655 352 740 ἐπειδὴ
371 656 533 733 πολλάκις
548 657 689 742 ἐγχωρεῖ
702 656 759 722 καί
773 654 851 734 τοὺς
865 657 929 722 δύο
945 655 1001 722 καί
1016 655 1094 734 τούς
1110 661 1224 724 πλείο-

94 783 162 836 νας
192 757 249 826 ἐπὶ
276 762 371 846 κακῷ
397 763 609 843 μαρτυρῆσαι
641 759 698 825 καὶ
726 757 917 844 συμφώνως
945 751 1133 842 προστῆναι
1162 762 1224 826 τοῦ

94 861 266 944 ψεύδους,
308 857 354 938 οὓς
379 858 458 938 τούς
483 859 546 926 δύο
576 863 826 946 πρεσβυτέρους
857 857 942 924 κατά
974 859 1160 945 Σωσάννης
1185 860 1224 926 ἐν

92 967 300 1048 Βαβυλῶνι,
340 961 396 1028 καὶ
433 959 511 1040 τούς
536 961 632 1040 υίοός
661 966 730 1028 τοῖν
757 959 964 1047 παρανόμων
990 958 1075 1026 κατά
1103 961 1120 1000 *
1148 967 1257 1030 Noc-5

94 1066 211 1148 βουθὲ
234 1065 273 1130 ἐν
285 1067 477 1152 Σαμαρείᾳ,
500 1063 557 1128 καὶ
577 1061 616 1128 τό
637 1067 767 1147 πλῆθος
782 1065 850 1128 τοῖν
865 1060 1038 1128 Ἰουδαίων
1060 1060 1144 1129 κατά
1163 1066 1224 1130 τοῦ

93 1170 224 1250 κυρίου
247 1165 287 1232 ἐν
305 1163 520 1251 Ἰερουσαλὴμ
547 1164 604 1232 καί
624 1164 709 1230 κατά
732 1165 912 1250 Στεφάνου
938 1168 999 1230 τοῦ
1022 1165 1222 1251 πρωτομάρ-

95 1291 202 1351 τυρος
227 1264 343 1332 αότοό.
388 1271 539 1333 ἔστωσαν
562 1256 627 1333 οὖν
650 1267 686 1331 oc
701 1267 870 1353 μάρτυρες
889 1279 1022 1351 πραεῖς,
1051 1255 1221 1352 άόργητοι,

95 1370 271 1452 ἐπιεικεῖς,
292 1367 509 1454 άγαπητικοί,
536 1368 726 1456 σοι’φρονες,
750 1368 936 1452 ἐγκρατεῖς,
960 1365 1143 1454 άπόνηροι,
1165 1391 1222 1434 πι-

95 1476 185 1556 στοί,
207 1472 400 1554 θεοσεβεῖς·
428 1466 449 1557 ἡ
466 1469 532 1556 γάρ
551 1475 619 1536 τάν
638 1470 801 1536 τοιούτων
815 1473 983 1554 μαρτυρία
1003 1469 1060 1535 καί
1084 1468 1140 1534 διά
1162 1475 1222 1536 τοῦ
1242 1487 1273 1540 10

94 1573 231 1659 τρόπου
249 1569 363 1638 αὐτῶν
376 1576 498 1657 βεβαία
515 1574 532 1612 *
547 1570 603 1638 καὶ
620 1569 676 1637 διά
693 1575 751 1655 τῆς
767 1570 983 1656 ἀναστροφῆς
1005 1568 1118 1636 αὐτῶν
1136 1569 1222 1658 άλη-

93 1674 164 1762 θής
183 1670 339 1758 ὑπάρχει.
375 1679 444 1740 τοῖν
461 1675 498 1740 δὲ
516 1671 560 1759 μή
578 1673 740 1740 τοιούτων
757 1671 801 1758 μιΙ
817 1673 1047 1757 παραδέχεσθε
1063 1671 1121 1750 τάς
1134 1696 1222 1759 μαρ-

95 1782 235 1864 τυρίας,
274 1771 340 1842 κάν
373 1788 571 1861 συμφωνεῖν
604 1777 751 1840 δοκοῖσιν
786 1772 841 1840 ἐπὶ
875 1777 917 1860 τῇ
949 1779 1219 1862 καταμαρτυρίᾳ·

96 1880 343 1966 προστέτακται
362 1875 427 1962 γάρ
445 1877 484 1943 ἐν
502 1889 571 1954 τοῖς
591 1877 707 1962 νόμοις
731 1873 803 1942 Οόκ
824 1878 884 1962 ἔσχ
905 1874 988 1960 μετά
1011 1879 1146 1941 πολλῶν
1166 1875 1221 1942 ἐπὶ

96 1986 219 2069 κακίᾳ·
250 1978 290 2046 οό
313 1981 481 2065 παραδεῖῃ
503 1976 611 2064 άκονΙν
629 1981 790 2064 ματαίαν·
814 1975 855 2044 οὐ
874 1977 1116 2064 συγκαταδήσῃ
1137 1979 1220 2064 μετά
1241 1995 1271 2046 111

95 2084 256 2169 πλήθους
283 2085 435 2149 ἐκκλῖναι
456 2081 494 2147 τό
517 2083 660 2148 δίκαιον.
706 2081 745 2145 ἐν
766 2081 858 2164 μέρει
881 2080 918 2146 δὲ
941 2079 1077 2146 καὶτὸν
1103 2082 1220 2166 κρινό-

95 2211 206 2270 μενον
227 2186 352 2252 είδέναι
375 2180 525 2268 ὀφείλετε
548 2185 565 2222 *
588 2180 701 2259 ὁποῖός
722 2183 792 2248 ἐστι
813 2186 854 2266 τῇ
875 2185 935 2246 τοῦ
954 2186 1034 2266 βίου
1054 2187 1220 2270 σννηθείᾳ

95 2289 155 2354 καί
182 2285 401 2372 ἀναστροφῇ·
434 2289 464 2350 εί
480 2285 775 2370 μεμαρτυρημένος
802 2281 861 2349 τόν
881 2287 976 2368 βίον,
1005 2287 1037 2350 εί
1055 2283 1219 2370 άνέγκλη-

95 2415 172 2473 τος,
199 2392 232 2455 εί
251 2386 404 2474 ὁσιότητα
428 2387 613 2472 ἐζηλωκώς,
640 2388 670 2452 εί
690 2385 870 2470 φιλόχηρος
892 2385 948 2450 καὶ
970 2384 1145 2470 φιλόξενος
1163 2384 1219 2452 καί

94 2492 312 2578 φιλόπτωχος
340 2489 397 2556 καὶ
429 2488 655 2574 φιλάδελφος,
693 2489 724 2552 εί
751 2484 796 2572 μὴ
826 2485 1065 2572 αἰσχροκερδὴς
1092 2486 1149 2553 καὶ
1173 2485 1217 2574 μή
1236 2504 1270 2556 20

94 2593 232 2679 βράτης
248 2592 305 2658 καί
327 2591 562 2677 χρηματόλαψ,
587 2592 619 2656 εί
638 2591 786 2674 σώφρων
815 2587 935 2674 καὶμὴ
958 2588 1096 2674 ἄσωτος,
1125 2591 1156 2656 εί
1172 2590 1217 2676 μή

94 2698 249 2781 με’δυσος
270 2693 326 2760 καὶ
344 2691 388 2778 μή
409 2692 614 2777 άργοφάγος,
637 2690 727 2776 εἰμὴ
752 2687 980 2778 εόσπλαγχνος
1000 2691 1058 2758 καί
1079 2690 1218 2777 εὐμετά-

49 2799 210 2874 5θδοτος.
232 2799 236 2881 Ι
258 2797 289 2860 εί
311 2793 376 2880 γάρ
403 2793 495 2880 αὐτῷ
520 2793 782 2878 προϋπόκεινται
808 2797 889 2879 ἔργα
918 2798 1049 2879 φαῦλα,
1087 2793 1150 2880 ἤδη
1180 2795 1218 2860 ἐκ

94 2902 223 2984 μέρους
242 2897 381 2983 ἀληθεῖς
402 2892 445 2962 όν
468 2893 537 2962 εἷεν
559 2895 615 2961 καί
634 2897 674 2961 αί
691 2899 756 2961 νῦν
778 2894 869 2982 αὐτῷ
894 2897 1135 2982 ἐπιφερόμεναι
1157 2921 1218 2962 κα-

94 3005 265 3086 τηγορίαι,
290 3001 321 3064 εί
338 2997 383 3085 μή
407 2995 450 3065 άν
472 2997 564 3086 αὐτῷ
586 2994 624 3062 τό
646 2999 780 3063 δίκαιον
800 3001 866 3082 ἔχει
887 2999 1216 3082 συναγωνιζόμενον·
1234 3015 1269 3066 26

96 3103 244 3188 ἐγχωρεῖ
267 3098 333 3186 γάρ
360 3098 464 3168 αὐτόν
488 3096 715 3187 ἡμαρτηκέναι
741 3100 803 3184 μέν
825 3123 920 3180 ποτε,
953 3099 1076 3164 τούτου
1097 3100 1135 3166 δὲ
1157 3103 1219 3166 τοῦ

96 3203 307 3290 ἐγκλήματος
328 3201 446 3270 άθιόον
464 3200 638 3286 ὑπάρχειν.
678 3201 732 3266 διὸ
753 3201 900 3286 ἀκριβῶς
921 3199 1057 3288 περὶτὰ
1079 3207 1217 3270 τοιαῦτα

168 3363 201 3412 14
218 3361 297 3414 Exod
313 3359 360 3426 23,
380 3361 432 3414 2.1

99 3515 111 3566 l
133 3508 247 3581 τρόπων
263 3531 277 3565 τ
292 3515 297 3578 Ι
314 3515 383 3574 luc
394 3514 428 3581 -Ι-
439 3533 474 3580 γτ
490 3515 494 3579 Ι
509 3515 525 3566 3
544 3511 696 3581 συμφόνως
714 3533 737 3566 w
753 3515 757 3580 Ι
773 3513 789 3566 3
806 3509 858 3564 τοῦ
873 3513 908 3578 >
925 3531 942 3564 x
957 3513 993 3580 14
1011 3507 1157 3574 σωσάννας
1174 3533 1191 3566 x
1210 3515 1215 3584 Ι

95 3602 113 3650 5
132 3601 185 3654 τοῦ
201 3602 235 3666 -Ι-
251 3599 386 3665 χ·τ1Ι5.6
404 3596 551 3666 ναβουθαὶ
568 3592 696 3666 γτ1(Ν”
716 3600 739 3667 t)
759 3602 763 3664 Ι
787 3599 819 3650 10
835 3591 854 3666 ἡ
872 3607 943 3664 xyzt,
963 3594 991 3650 εί
1008 3617 1031 3648 w
1051 3595 1055 3666 Ι
1077 3600 1106 3650 11
1126 3592 1216 3667 όιτάρ·

97 3701 142 3751 χει
159 3686 194 3752 -Ι-
212 3689 256 3750 w}
274 3685 361 3737 11.12
379 3675 475 3737 αότάν
492 3678 608 3751 άληθὴς
625 3677 749 3751 ὑπάρχει
765 3685 799 3748 >
817 3703 841 3736 w
860 3680 865 3752 Ι
888 3685 917 3734 12
937 3678 969 3736 δὲ
987 3691 1064 3750 xyzt,
1088 3677 1143 3751 γάρ
1162 3704 1185 3738 w
1211 3686 1214 3752 Ι

100 3772 132 3820 12
149 3764 372 3836 παραδέχεσθαι
390 3788 412 3819 w
428 3771 432 3832 Ι
450 3771 488 3820 12.
505 3770 536 3822 13
553 3763 606 3837 τὴν
622 3770 784 3838 μαρτυρίαν
801 3772 866 3834 γττΙ
889 3770 920 3822 13
939 3767 1042 3835 δοκῶσι
1060 3772 1094 3821 W
1109 3772 1114 3833 Ι
1131 3771 1218 3823 14τῶ

97 3851 176 3922 νόμω
194 3861 205 3906 t
225 3855 230 3918 Ι
256 3855 286 3904 15
304 3850 517 3922 σνγκοιταδήσει
535 3872 560 3905 w
579 3857 584 3919 Ι
606 3854 638 3905 16
655 3855 768 3923 πλῆθος
786 3873 810 3906 w
833 3858 838 3918 Ι
866 3855 897 3906 16
915 3846 1043 3921 ἐγκλῖναι
1066 3873 1090 3906 w
1109 3855 1114 3922 Ι
1135 3856 1168 3908 16
1186 3850 1218 3908 ἐν

155 3934 330 4008 κρινόμενον
347 3942 381 4004 >
399 3959 422 3992 w
442 3941 447 4004 Ι
473 3941 503 3992 17
522 3934 639 3992 κα1τόν
657 3932 828 4006 κρινόμενον
844 3938 878 4006 -Ι-
896 3958 919 3990 w
946 3942 951 4005 Ι
979 3941 1009 3991 17
1030 3933 1105 3992 ἐστιν
1122 3958 1140 3992 x
1159 3943 1163 4006 Ι
1186 3941 1218 3994 18

96 4017 346 4092 μεμαρτυριμένος
359 4043 383 4076 w
403 4025 408 4088 Ι
430 4026 461 4075 19
473 4016 612 4092 ὁσιότητα
625 4042 667 4090 wy
682 4025 686 4089 Ι
703 4025 735 4075 16
748 4016 885 4092 ἐζηλωκὸς
897 4043 920 4075 w
935 4026 940 4090 Ι
957 4025 989 4076 19
1001 4021 1156 4092 φιλόχηρος
1167 4023 1217 4078 καί

96 4109 131 4173 >
141 4127 176 4176 γε
191 4113 196 4174 Ι
214 4109 247 4162 19
259 4106 310 4162 καὶ
319 4109 443 4162 ultimum
456 4117 528 4176 xyzt,
543 4106 570 4162 εί
579 4129 603 4160 w
619 4109 623 4178 Ι
638 4110 679 4160 20.
690 4110 722 4160 21
736 4105 836 4177 καὶμὴ
850 4103 1070 4178 βράτης>υχτ
1085 4109 1091 4177 Ι
1105 4111 1136 4160 21
1150 4125 1204 4176 χρη

96 4188 232 4260 ματάλαψ
251 4212 302 4258 wx,
321 4189 541 4256 κολυανάλωτος
552 4213 595 4262 γε,
614 4194 851 4262 χρηματολαίλαφ
864 4201 876 4246 1
890 4202 895 4256 Ι
909 4196 940 4245 21
961 4191 989 4247 εί
999 4191 1038 4262 μὴ
1051 4212 1102 4259 wx‚
1119 4183 1197 4261 ἢγτῖ
1209 4200 1215 4264 Ι

95 4281 128 4330 22
141 4277 191 4332 καὶ
204 4272 244 4346 μὴ
258 4297 308 4341 wx,
322 4268 400 4346 ἦγτῖ
416 4311 419 4345 Ι
434 4281 466 4332 22
479 4272 629 4348 α’ργοφάος
638 4283 671 4332 W
687 4282 691 4345 Ι
706 4283 739 4331 22
748 4275 788 4349 μὴ
798 4282 914 4332 ultorum
923 4281 957 4343 >
965 4287 1012 4345 yzt
1027 4282 1031 4343 Ι
1046 4278 1079 4330 23
1090 4273 1216 4343 προϋπό-

95 4379 187 4414 κειται
206 4371 255 4430 yzt
270 4363 275 4431 Ι
290 4365 323 4414 23
337 4355 400 4431 ἤδει
414 4383 436 4412 w
451 4365 456 4431 Ι
472 4367 503 4415 21
522 4358 728 4434 ἐπιφερόμεναι
741 4358 817 4418 αότιό
830 4373 841 4416 1
856 4365 860 4428 Ι
875 4366 909 4416 25
923 4359 982 4430 ἔχοι
993 4381 1036 4428 52,
1050 4381 1064 4414 τ
1078 4381 1095 4416 ο
1108 4372 1216 4418 correct
