3128 4972
659 471 874 532 ..49-

159 637 289 702 decimo
307 636 360 701 die
378 636 545 722 jejunium
565 637 737 717 solverint,
763 639 870 722 sequi,
896 660 952 703 eos
976 641 1063 703 hune
1080 638 1168 703 diem
1191 639 1225 704 in
1244 663 1368 705 memo·

160 757 242 822 riam
271 756 388 821 mortis
411 758 490 821 Jesu
515 757 641 822 Christi
664 759 859 823 celebrasse.
906 759 1092 842 Jejunando
1123 758 1210 824 enim
1239 782 1369 845 semper

160 877 299 942 indicari
327 876 516 956 tristitiam,
549 878 708 942 solvendo
741 885 852 943 autem
875 879 1041 964 jejunium
1069 878 1228 944 tristitiae
1255 879 1366 944 finem.

161 997 247 1062 Cum
274 996 378 1081 igitur
401 996 517 1060 Asiani
540 996 594 1061 die
618 1005 734 1081 quarto
759 997 885 1063 decimo
903 998 1070 1083 jejunium
1094 999 1268 1079 solverint,
1301 1023 1367 1064 ma·

160 1117 321 1182 nifestum
345 1091 434 1197 esse,
462 1139 518 1182 eos
545 1119 609 1182 hoc
632 1116 685 1182 die
708 1118 865 1182 statuisse
889 1118 1066 1184 Dominum
1097 1119 1249 1184 omnibus
1272 1120 1368 1184 malis

161 1247 196 1304 et
223 1237 395 1302 laboribus
424 1236 635 1321 perfunctum
663 1259 681 1303 e
709 1237 780 1302 vita
808 1259 880 1302 esse
910 1261 1090 1324 egressum.
1138 1240 1204 1304 Sed
1233 1240 1367 1305 minime

161 1380 276 1422 verum
299 1365 362 1436 est,
388 1358 476 1442 quod
499 1356 549 1420 illi
571 1365 692 1443 putant
714 1379 821 1442 neque
837 1359 990 1444 probant,
1014 1359 1158 1423 Asianos
1180 1383 1247 1425 non
1270 1360 1368 1424 aliam

163 1479 205 1543 ob
244 1501 376 1543 causam
414 1477 563 1562 potuisse
598 1477 750 1562 jejunare
791 1477 855 1543 nisi
895 1478 1051 1563 lugentes
1086 1479 1222 1544 Domini
1262 1480 1368 1544 nostri

163 1597 362 1685 passionem.
418 1597 571 1682 Namque
602 1597 711 1664 variae
744 1607 823 1662 sunt
855 1619 972 1664 causae
1004 1598 1189 1683 jejunandi.
1250 1600 1368 1682 Neque

163 1718 251 1784 enim
273 1719 428 1802 lugentes
452 1725 584 1781 tanturn
601 1717 811 1802 jejunabant,
837 1718 895 1804 sed
918 1697 1018 1782 etiam
1034 1718 1244 1803 poenitentes
1268 1727 1367 1802 atque

163 1838 196 1918 ii,
221 1837 279 1922 qui
301 1840 343 1903 ad
367 1839 527 1902 sollemne
551 1838 685 1921 aliquod
701 1839 936 1902 celebrandum
959 1839 1174 1918 accedebant,
1200 1841 1262 1903 hoc
1280 1839 1367 1922 jeju-

162 1959 216 2024 nio
240 1981 276 2024 se
299 1967 465 2042 paranteS,
489 1980 530 2023 ne
553 1959 680 2044 impuro
705 1965 739 2022 et
761 1957 862 2044 impio
886 1958 994 2022 animo
1018 1981 1069 2023 res
1093 1981 1202 2024 sacras
1226 1959 1365 2024 adirent.

163 2080 247 2144 Cum
271 2101 348 2143 vero
372 2078 430 2142 illo
453 2079 661 2164 potissimum
686 2087 881 2162 argumento
905 2078 997 2142 nisus
1014 2079 1120 2144 Steitz
1144 2102 1238 2145 suam
1254 2079 1367 2144 defen·

162 2199 248 2264 derit
263 2199 475 2278 sententiam,
501 2198 634 2263 uberius
653 2199 694 2262 de
711 2201 773 2262 hac
789 2221 823 2262 re
840 2198 1077 2283 disputandum
1093 2207 1156 2279 est,
1180 2222 1243 2284 quo
1260 2199 1367 2284 magis

160 2325 329 2405 appareat,
351 2341 448 2403 quam
463 2319 629 2382 infirmum
645 2318 691 2382 sit
705 2318 918 2404 praecipuum
934 2318 1017 2382 illud
1034 2319 1105 2404 ejus
1122 2333 1365 2404 argumentum.

246 2441 299 2504 Ac
330 2437 471 2523 primum
503 2438 636 2522 quidem
668 2438 702 2502 in
732 2438 922 2502 universum
954 2461 1020 2504 non
1052 2460 1155 2522 nego,
1184 2440 1366 2524 jejunando

161 2558 299 2624 indicari
320 2558 505 2623 tristitiam.
552 2558 651 2622 Haud
673 2580 746 2622 raro
770 2558 856 2622 enim
880 2557 1064 2623 invenimus
1081 2559 1272 2643 jejunatum
1295 2581 1367 2623 esse

161 2681 202 2744 ab
234 2679 290 2759 iis,
327 2679 382 2762 qui
413 2679 512 2744 rebus
544 2678 691 2743 adversis
723 2678 776 2743 vel
809 2677 1056 2742 calamitatibus
1088 2686 1184 2743 erant
1215 2677 1365 2743 afflicti&

161 2800 330 2864 Velut-
353 2807 391 2862 ut
423 2799 456 2863 id
487 2820 589 2862 unum
621 2799 755 2863 afferam
783 2835 824 2846 -
852 2797 997 2862 Davides
1029 2821 1088 2862 rex
1119 2799 1254 2883 ejusque
1286 2797 1368 2862 socii

155 2919 402 3004 jejunaverunt,
428 2940 503 2983 eum
519 2919 674 2983 nuncium
691 2919 731 2983 de
748 2918 857 2983 Saulis
881 2926 916 2983 et
930 2918 950 2980 J
953 2918 1127 2982 onathanis
1144 2925 1250 2982 morte
1274 2939 1367 2983 acce·

159 3041 287 3125 pissent
310 3039 358 3123 (ΙΙ
375 3041 463 3103 Sam.
484 3043 518 3118 l,
545 3041 613 3126 12).
638 3077 680 3087 —
704 3038 769 3104 Sed
792 3038 851 3102 illa
874 3037 1035 3102 derebus
1058 3036 1204 3102 adversis
1228 3038 1367 3102 tristitia

159 3159 293 3224 minime
316 3160 388 3223 sola
410 3165 482 3224 erat
500 3158 675 3244 jejunandi
695 3180 804 3223 causa.
850 3156 1017 3241 Imprimis
1042 3157 1129 3222 enim
1151 3159 1215 3221 hoc
1238 3179 1366 3222 moero·

159 3279 202 3343 ris
222 3278 319 3364 signo
342 3279 365 3342 ii
381 3301 511 3363 quoque
533 3279 725 3358 utebantur,
750 3277 806 3362 qui
822 3277 868 3342 de
892 3277 1072 3362 peccatis
1095 3276 1177 3340 suis
1194 3277 1364 3359 dolebant,

159 3401 193 3463 h.
212 3421 240 3463 e.
266 3399 486 3484 poenitentes.
519 3399 591 3464 Hac
615 3406 704 3463 certe
728 3399 768 3462 de
791 3419 890 3462 causa
906 3397 1123 3483 jejunabatur
1146 3399 1187 3462 ab
1203 3398 1367 3463 Israelitis

162 3517 313 3583 omnibus
341 3541 462 3603 magno
491 3517 717 3604 expiationum
744 3517 814 3598 die,
844 3541 909 3602 quo
939 3517 1089 3603 pontifex
1117 3517 1279 3582 maximus
1307 3541 1365 3604 pro

161 3637 275 3722 populi
304 3639 449 3724 peccatis
477 3637 637 3703 sacrificia
666 3637 812 3704 iaciebat
840 3639 932 3723 (Lev.
965 3641 1041 3722 lo).
1097 3639 1169 3703 Hac
1199 3639 1239 3702 de
1268 3660 1367 3703 causa

154 3757 394 3841 jejunaverunt
423 3757 612 3838 Israelitae,
646 3780 721 3822 cum
748 3781 768 3822 a
793 3760 896 3824 Baale
925 3765 960 3822 et
990 3759 1032 3822 ab
1060 3760 1213 3837 Astarte,
1247 3758 1366 3842 quibus

160 3877 357 3958 servierant,
388 3879 429 3942 ad
453 3880 615 3943 dehoram
638 3900 673 3942 se
697 3885 929 3944 converterent
951 3878 993 3943 ab
1018 3899 1055 3942 eo
1080 3878 1210 3942 veniam
1234 3886 1269 3941 et
1291 3900 1365 3960 gra·

159 3996 241 4060 tiam
264 4005 417 4084 petentes
441 3999 470 4082 (I
487 4001 575 4063 Sam.
595 4001 624 4078 7,
649 4001 756 4082 3-6).
791 3997 846 4063 Sic
869 3998 969 4064 etiam
992 3998 1103 4078 Ahab,
1129 4017 1203 4061 cum
1227 3997 1257 4061 si
1272 3997 1364 4061 Elias

247 4273 256 4306 ¹
281 4279 327 4338 cf.
344 4279 472 4338 Tertull.
491 4279 543 4354 (de
560 4280 657 4358 jejun.
681 4299 705 4338 c.
723 4277 784 4353 7.):
809 4297 948 4358 „semper
967 4276 1070 4336 inedia
1084 4278 1228 4338 moeroris
1243 4280 1366 4358 sequela

161 4366 217 4437 est,
233 4365 313 4424 sicut
327 4366 446 4425 laetitia
460 4367 590 4426 accessio
606 4365 758 4443 saginae.“

1132 4465 1147 4511 4
