2998 4972
104 431 123 479 σ
141 413 245 466 23-20
1163 423 1226 486 265

104 575 151 657 άς
172 577 230 645 διά
252 576 317 664 τήν
337 575 537 664 ὁμολογίαν,
567 571 665 658 οὗτος
691 584 923 664 καθαιρείσθω
953 579 1010 647 καὶ
1035 580 1225 667 άποβοιλλίἡ

103 687 196 748 σθω·
226 679 268 748 οὐ
288 679 355 766 γάρ
374 683 483 764 ἔστιν,
511 682 648 766 ἐπείπερ
672 681 816 767 ἤρνηται
837 681 899 768 τήν
914 682 1053 769 χριστοῦ
1072 683 1227 764 διάταξιν

54 783 162 855 maz
184 787 277 850 ἔστιν
296 781 441 850 ἀπίστου
456 786 587 868 χείρων.
609 784 615 870 Ι
634 777 652 850 6
674 782 774 862 αὐτὸς
795 784 872 871 περὶ
888 786 1106 870 παρθένων*
1128 790 1225 870 Παρ-

101 885 206 962 θένος
233 882 275 951 σά
303 897 560 971 χειροτονεῖται·
601 884 763 971 ἐπιταγήν
793 885 859 972 γάρ
892 891 1015 968 κυρίου
1051 884 1114 954 οὐκ
1150 889 1224 973 ἕχο-

101 1009 183 1070 μεν·
214 985 350 1072 χνάμης
375 986 440 1071 γάρ
468 987 538 1052 ἐστι
566 985 605 1054 τὸ
638 989 805 1071 ἔπαθλον,
837 985 900 1056 οόκ
925 988 981 1055 ἐπὶ
1002 990 1145 1076 διαβολῇ
1164 993 1259 1064 τοῦτ

52 1089 233 1172 25χάμου,
267 1085 344 1154 ἀλλ’
379 1088 434 1155 ἐπὶ
467 1093 572 1175 σχολή
603 1093 662 1174 τής
690 1085 870 1174 εὐσεβείας.
901 1100 907 1172 Ι
935 1088 1028 1175 κάχσδ
1057 1096 1225 1185 Λεββαῖος

102 1187 121 1256 6
142 1188 340 1274 ἐπικληθείς
362 1191 531 1269 Θαδδαῖος
547 1192 627 1258 τάδε
649 1189 727 1276 περὶ
747 1195 861 1278 χηράν
882 1191 1103 1279 διατάσσομαι
1127 1194 1224 1282 Χήρα

100 1291 144 1358 οῦ
169 1302 427 1378 χειροτονεῖται,
455 1291 530 1360 ἀλλ’
556 1296 588 1360 εί
608 1295 672 1379 μὲν
696 1293 734 1360 ἐκ
755 1297 884 1360 πολλοῦ
903 1292 1051 1380 άπέβαλε
1078 1293 1138 1362 τόν
1162 1294 1224 1362 άν-

100 1395 167 1478 δρα
192 1391 250 1460 καί
278 1393 464 1479 σωφρόνως
490 1393 546 1460 καὶ
576 1391 841 1480 άκαταχνάστως
869 1399 961 1482 ἔζησε
988 1397 1045 1464 καὶ
1074 1401 1142 1463 τάν
1173 1400 1223 1464 ol-

100 1499 206 1562 κείων
227 1493 347 1582 ἄριστα
369 1496 573 1582 ἐπεμελήθη,
596 1493 641 1574 άς
659 1495 785 1564 Ἰονδλθ
806 1496 981 1564 καδἍννα
1001 1499 1040 1564 αί
1058 1498 1221 1583 σεμνότα-
1242 1520 1274 1572 ιο

99 1622 167 1681 ται,
182 1597 447 1664 κατατασσέσθω
468 1601 515 1676 είς
534 1597 572 1664 τὸ
586 1591 742 1684 χηρικόν·
767 1602 798 1666 εί
814 1600 851 1666 δὲ
865 1600 987 1667 νεωστί
1002 1598 1150 1686 άπίβαλε
1163 1601 1223 1691 τὸν

99 1695 283 1783 όμόζυχον,
309 1696 356 1784 μή
384 1702 614 1782 πιστευέσθω,
641 1699 726 1766 άλλά
754 1701 865 1789 χρόνῳ
892 1702 1008 1787 νεότης
1034 1703 1221 1788 κρινέσθω·

98 1799 140 1866 τά
161 1799 229 1888 γάρ
252 1800 345 1885 πάθη
368 1800 443 1868 ἔσθ’
470 1800 524 1868 ὅτι
546 1800 603 1868 καὶ
626 1806 781 1889 συγχηρᾷ
801 1799 1014 1887 άνθριάποις,
1044 1805 1061 1844 *
1089 1803 1133 1890 μή
1156 1801 1223 1870 ὑπὸ

97 1907 293 1986 κρείττονος
319 1907 461 1986 χαλινοῦ
490 1903 677 1990 είρχόμενα.
729 1901 748 1970 6
779 1902 878 1982 αὐτὸς
907 1907 985 1993 περὶ
1019 1906 1222 1993 ἐπορκιστοῦ

97 2007 115 2046 *
151 2003 369 2090 Ἑπορκιστής
409 2001 451 2071 σά
486 2017 740 2091 χειροτονεῖται·
783 2003 917 2085 εὐνοίας
954 2006 1020 2094 γάρ
1061 2007 1221 2076 ἑκουσίου
1240 2029 1273 2082 15

97 2105 150 2172 τὸ·
165 2109 321 2174 ἔπαθλον
349 2107 406 2174 καλ
430 2107 564 2194 χάριτος
583 2112 671 2175 θεοῦ
691 2108 748 2174 διά
767 2111 906 2196 χριστοῦ
928 2109 1139 2197 ἐπιφοιτήσει
1160 2115 1221 2180 τοῦ

97 2205 199 2293 άχίσυ
221 2206 426 2293 πνεύματος·
450 2206 470 2275 6
489 2207 554 2294 γάρ
574 2207 690 2294 λαβάν
713 2211 860 2296 χάρισμα
886 2211 1036 2295 ἰαμάτων
1065 2211 1111 2278 δι’
1135 2211 1221 2280 άπο-

97 2309 278 2389 καλάυεως
315 2306 383 2378 ῦπό
412 2315 500 2379 θεοῦ
535 2310 793 2394 άνσδείκννται,
832 2317 985 2399 φανεράς
1017 2309 1120 2400 οὔσης
1155 2320 1219 2382 πά-

96 2430 154 2480 σιν
176 2413 236 2498 τῆς
260 2414 299 2480 ἐν
320 2410 411 2502 αότφῑ
431 2412 575 2500 χάριτος.
622 2412 684 2480 ἐὰν
707 2415 745 2480 δὲ
766 2419 862 2499 χρεία
883 2412 989 2480 αὐτοῦ
1013 2417 1149 2502 γένηται
1174 2419 1221 2495 είς

45 2528 85 2590 26
96 2509 322 2600 ἐπίσκοπσυή
338 2511 605 2601 πρεσβῦτιρονή
622 2516 796 2598 διάκονον,
808 2528 1055 2602 χειροτονεῖται.
1076 2526 1082 2597 Ι
1102 2521 1220 2603 Σίμων
1236 2539 1271 2590 ευ

94 2619 134 2684 δὲ
157 2613 177 2683 6
198 2621 391 2703 Κανανίτης
413 2616 505 2703 κάχεό
528 2618 751 2703 διατάσσομαι
768 2613 836 2684 ὑπὸ
862 2617 979 2684 πόσων
1000 2616 1129 2704 ὀφείλει
1150 2645 1219 2706 χει-

95 2726 316 2804 ροτονεῖσθαι
337 2717 356 2786 6
378 2719 560 2797 ἐπίσκοπος
585 2720 783 2798 Ἐπίσκοπος
802 2716 871 2787 ὑπὸ
891 2723 995 2806 τριῶν
1014 2717 1037 2807 ή
1060 2723 1125 2789 δάο
1145 2724 1219 2792 ἐπι-

94 2821 235 2888 σκόπων
262 2826 540 2908 χειροτονείσθω·
573 2819 634 2888 ἐάν
661 2823 702 2888 δέ
726 2847 776 2899 τις
801 2818 868 2888 ὑπὸ
895 2819 969 2900 ἑνός
995 2829 1219 2911 χειροτονηθή

95 2923 303 3008 ἐπισκόπου,
325 2927 559 3010 καθαιρείσθω
582 2923 638 2990 καί
658 2920 758 3002 αὐτὸς
779 2923 836 2992 καὶ
859 2920 878 2989 6
897 2925 1134 3012 χειροτονήσας
1155 2925 1219 2992 αό-

93 3026 170 3092 τόν·
194 3023 257 3092 ἐάν
279 3028 317 3093 δὲ
339 3023 471 3112 άνάχκη
486 3027 659 3113 καταλάβῃ
674 3023 742 3094 ὑπό
764 3023 839 3104 ἑνός
860 3025 1047 3094 ἐπισκόπου
1067 3049 1217 3111 χειροτο-
1234 3047 1268 3098 ²5

94 3132 247 3215 ιοηθήναι
268 3126 325 3196 διά
346 3126 384 3194 τὸ
405 3127 449 3213 μή
469 3127 640 3195 δύνασθαι
662 3133 821 3206 πλείονας
840 3129 1109 3212 παραγενέσθαι,
1136 3132 1217 3196 διω-

92 3233 184 3315 γμοῦ
203 3227 299 3308 ὄντος
319 3227 459 3318 ήδλλης
479 3229 633 3315 τοιαύτης
656 3231 777 3313 αίτίας,
801 3229 959 3316 ψήφισμα
979 3230 1137 3316 κομιζέτω
1159 3235 1218 3316 τής

163 3404 386 3469 4Οοτα7,25

95 3540 107 3591 l
128 3531 168 3600 ὥς
185 3539 220 3603 >
237 3557 255 3606 y
271 3541 307 3604 13
324 3531 453 3594 άνιίστων
469 3557 493 3591 w
514 3539 519 3609 Ι
539 3540 555 3594 3
574 3532 766 3608 διατάσσομαι
782 3538 817 3604 -Ι-
835 3540 897 3604 1Ι5
915 3536 1028 3608 χνοόμης
1046 3543 1076 3594 in
1093 3560 1110 3594 x
1128 3559 1150 3594 ω
1167 3543 1216 3596 hu·

93 3627 143 3677 bet
162 3625 199 3675 ab
217 3625 328 3678 homine
346 3643 401 3677 non
420 3642 521 3693 graeco
540 3642 593 3690 εστ,
613 3627 679 3692 quid
697 3627 787 3677 subsit
804 3627 920 3690 nescio!
940 3627 957 3678 5
975 3619 1052 3678 όστιν
1069 3644 1087 3678 x
1103 3625 1106 3694 Ι
1122 3627 1137 3677 7
1158 3626 1216 3679 Θα-

93 3709 181 3769 δαῖος
199 3715 211 3760 t
230 3707 235 3777 Ι
255 3711 270 3760 7
289 3711 391 3778 χειροῖν
409 3713 434 3762 Χ
455 3709 460 3778 Ι
480 3711 496 3760 8
514 3700 660 3778 άπίβαλεν
676 3728 695 3762 x
714 3711 719 3776 Ι
738 3710 755 3762 9
774 3705 872 3778 ἔζησεν
890 3729 907 3763 x
922 3711 927 3776 Ι
944 3710 976 3762 10
994 3702 1107 3779 ίουδήθ
1123 3713 1147 3764 X
1163 3714 1167 3777 Ι
1185 3712 1214 3764 11

92 3788 221 3860 χειρινδν
239 3813 262 3845 w
283 3797 287 3858 Ι
309 3797 338 3849 11
358 3786 503 3861 άκόβαλεν
521 3813 538 3848 x
553 3795 558 3860 Ι
579 3796 610 3850 13
629 3787 662 3850 όν
677 3787 762 3848 dnm.
780 3790 816 3846 τά
834 3787 889 3861 γάρ
905 3789 991 3863 πάθη
1010 3787 1112 3850 ἕσθότε
1130 3812 1215 3864 σννη-

91 3883 178 3947 χορει*
190 3872 361 3946 άνθρτότισις
378 3874 417 3948 μή
435 3871 494 3937 άπὸ
512 3880 674 3946 κρείττονος
697 3879 816 3948 χαλινοῦ
839 3875 993 3948 ιίρχόμενα
1011 3899 1106 3948 margo
1124 3887 1136 3932 t
1156 3884 1161 3947 Ι
1183 3882 1215 3934 13

91 3957 258 4032 σῦνχηράγ
283 3961 473 4032 Ι,13εί-Ι-ι
496 3965 500 4029 Ι
526 3965 556 4016 14
576 3960 735 4032 είρχόμεθα
754 3965 788 4030 tl
817 3967 847 4018 Ιθ
866 3963 1057 4034 διατάσσομαι
1074 3966 1108 4031 -Ι-
1125 3973 1137 4016 t
1155 3965 1161 4034 Ι
1182 3967 1215 4018 15

91 4040 227 4102 §novam
244 4050 279 4113 >
295 4067 319 4101 w
344 4048 348 4117 Ι
370 4050 410 4102 18.
427 4051 458 4104 19
475 4049 545 4102 πάσι
562 4057 593 4116 χι
607 4051 612 4116 Ι
627 4052 661 4102 70
679 4042 840 4104 δκόσκοπον
857 4053 882 4104 Χ
898 4051 1004 4115 120.21
1024 4043 1214 4116 διατάσσομαι

90 4125 170 4200 ια’χά
190 4133 281 4201 τίμιον
299 4126 315 4186 6
333 4133 492 4203 κανανίτης
509 4153 549 4202 w,
573 4129 651 4204 κάχά
669 4135 760 4202 σίμων
778 4125 793 4188 6
811 4137 969 4202 κανανίτης
987 4129 1177 4200 διατάσσομαι
1194 4153 1214 4201 y

92 4217 97 4287 Ι
117 4219 151 4271 23
168 4209 224 4286 άφ’
241 4236 259 4270 x
279 4219 284 4284 Ι
304 4220 337 4273 73
355 4220 561 4288 χιιροτσνηθεῖ
576 4237 599 4271 w
619 4219 622 4288 Ι
643 4222 676 4272 21
694 4214 819 4274 ίσιιόκσν
837 4224 871 4274 W
886 4220 890 4283 Ι
905 4223 938 4272 25
957 4213 1115 4274 ἱκισιιόκου
1131 4220 1166 4285 >
1182 4228 1214 4286 yt

93 4302 97 4368 Ι
118 4303 153 4356 26
169 4303 307 4364 πλείονας
323 4300 543 4371 παραγενέσθαι
561 4305 595 4368 >
607 4321 631 4355 w
650 4303 654 4370 Ι
673 4307 706 4356 27
725 4295 813 4366 ὅντως
830 4322 848 4356 x
867 4303 872 4371 Ι
895 4306 928 4356 27
946 4302 1107 4372 κομιζέσθω
1125 4311 1136 4356 t
1156 4306 1160 4361 Ι
1179 4305 1212 4358 77

92 4386 142 4454 τῆς
158 4387 229 4454 >y
