2998 4972
101 405 170 471 2212

100 568 296 658 ἀνθράκων
309 567 481 647 ἀπελάσας
499 568 619 654 σημειά
640 591 676 634 τε
690 565 746 634 καὶ
760 569 881 654 τέρατα
904 567 943 634 ἐν
963 571 1011 654 τῷ
1030 571 1101 656 λαῷ
1120 567 1219 653 ποιή-

101 687 178 756 σοις,
207 673 373 758 *τροφῆς
395 670 453 738 καλ
475 674 581 738 ποτοῦ
601 668 659 737 καὶ
683 667 795 736 ὕπνου
818 668 1016 754 μεταλαβών
1040 665 1059 734 6
1084 669 1219 754 τρέφων

100 773 229 852 πάντας
247 771 327 850 τούς
347 773 529 860 χρήζοντας
543 775 670 857 τροφῆς
691 769 748 838 καλ
770 772 945 856 ἐμπιπλῶν
967 775 1036 838 πάν
1053 773 1139 858 ζῷον
1161 767 1218 838 εύ-

99 876 232 957 δοκίας,
257 875 453 961 ἐφανέρωσέ
476 891 539 940 σου
559 872 597 940 τὸ
618 869 723 957 ὄνομα
745 885 813 950 τοῖς
832 869 1017 956 ἀγνοοῦσιν
1039 871 1132 955 αύτό,
1155 871 1218 958 τήν

99 975 241 1060 ἄγνοιαν
271 976 502 1062 ἐφυγάδευσε,
528 975 591 1062 τήν
619 972 793 1059 εὐσέβειαν
817 973 1069 1060 άνεζωπύρησε,
1097 973 1135 1042 τό
1156 973 1251 1041 δι’-5

99 1076 189 1162 λημά
211 1093 274 1144 σου
299 1077 490 1164 ἐπλήρωσε,
519 1075 557 1144 τό
586 1081 688 1162 ἔργον
713 1071 732 1142 6
759 1078 887 1156 ἔδωκας
915 1073 1006 1164 αύτρῑ
1030 1079 1216 1144 ἐτελείωσε·

99 1179 156 1244 καλ
179 1182 285 1244 ταῦτα
307 1179 418 1246 πάντα
440 1177 678 1266 κατορθώσας,
706 1176 821 1264 χερσὶν
843 1175 980 1262 ἀνόμων
1001 1176 1219 1264 κατασχεθελς

100 1279 220 1366 ίερέων
251 1278 309 1346 καλ
339 1278 522 1366 ἀρχιερέων
556 1280 789 1365 ψευδωνύμου
815 1279 873 1346 καλ
901 1283 987 1346 λαοῦ
1019 1279 1219 1366 παρανόμου

98 1382 266 1468 προδοσίᾳ
279 1385 342 1446 τοῦ
360 1380 423 1466 τήν
442 1387 566 1449 κακίαν
587 1382 795 1468 νοσήσαντος
809 1381 866 1448 καὶ
887 1379 995 1448 πολλά
1014 1379 1136 1447 παθόν
1157 1376 1216 1445 ὑπ’

98 1479 212 1548 αὐτόν
234 1480 291 1548 καλ
308 1486 420 1550 πάσαν
435 1490 454 1531 *
471 1481 608 1568 ἀτιμίαν
630 1480 778 1562 ὑποστάς
801 1487 845 1568 σή
864 1483 1085 1568 συγχωρήσει,
1107 1504 1213 1568 παρα·
1236 1497 1269 1550 1⁰

98 1582 216 1660 δοθεὶς
234 1584 372 1671 Πιλάτφ
399 1587 448 1672 τῷ
463 1582 603 1670 ήγεμόνι
625 1584 682 1652 καὶ
703 1584 835 1672 κριθεὶς
864 1581 882 1650 6
904 1583 1018 1669 κριτής
1038 1581 1095 1650 καλ
1115 1607 1218 1650 κατα-

98 1680 271 1770 κριθελςό
299 1685 428 1773 σωτήρ,
458 1691 594 1775 σταυρῷ
619 1686 824 1772 προσηλύθη
851 1682 869 1752 6
897 1684 1033 1770 ἀπαθής
1053 1683 1110 1752 καὶ
1136 1682 1218 1750 ἀπέ-

96 1794 210 1855 θανεν
229 1783 248 1854 ό
268 1791 310 1873 τή
332 1785 434 1872 φύσει
454 1786 626 1867 ἀθάνατος
645 1788 702 1855 καὶ
722 1789 828 1874 ἐτάφη
848 1785 866 1855 ό
885 1786 1056 1870 ζωοποιός,
1077 1789 1135 1854 λ’νιι
1153 1786 1215 1852 πά-

96 1895 186 1968 θους
204 1889 290 1976 λύσῃ
308 1891 366 1956 καλ
385 1889 540 1958 θανάτου
564 1890 713 1976 ἐξέληται
734 1891 874 1968 τούτους
895 1898 912 1938 *
935 1887 980 1954 δι’
1002 1884 1061 1966 ούς
1075 1888 1218 1973 παρεγέ·

97 2015 194 2074 νετο,
222 1989 280 2058 καλ
310 1990 393 2077 (λήξῃ
413 1991 454 2058 τά
484 1992 590 2078 δεσμά
619 1996 680 2060 τοῦ
704 1993 867 2078 διαβόλου
892 1991 950 2058 καλ
976 1991 1119 2078 όύσηται
1141 1987 1219 2066 τούς
1236 2005 1269 2058 16

97 2092 308 2178 ἀνθρώπους
338 2093 377 2158 ἐκ
404 2093 462 2176 τής
484 2092 613 2180 ἀπάτης
636 2091 752 2162 αύτού.
796 2094 853 2161 καλ
874 2093 996 2178 ἀνέστη
1018 2095 1056 2160 ἐκ
1086 2095 1219 2178 νεκράν

97 2199 140 2282 τῇ
154 2199 251 2281 τρίτη
265 2191 372 2281 ήμίρηι
390 2195 448 2262 καλ
461 2196 713 2280 τεσσαράκοντα
731 2191 870 2282 ήμεροῖν
892 2195 1136 2282 συνδιατρίψας
1149 2205 1219 2270 τοίς

96 2303 267 2382 μαθηταῖς
284 2295 462 2382 ἀνελήφθη
483 2299 529 2374 είς
550 2295 628 2375 τούς
646 2295 813 2383 οὐρανούς
833 2297 889 2364 καλ
907 2296 1080 2380 ἐκαθέσθη
1101 2295 1139 2362 ἐκ
1161 2295 1219 2360 δε-

97 2400 181 2478 ξιῶν
203 2415 268 2465 σου
289 2401 349 2464 τοῦ
369 2401 454 2465 θεοῦ
476 2398 533 2465 καλ
554 2397 678 2484 πατρὸς
700 2397 815 2464 αύτού.
859 2398 1063 2484 μεμνημένοι
1084 2387 1148 2464 οὖν
1169 2385 1219 2464 τόν

98 2499 146 2568 δι’
169 2496 258 2585 ήμάς
283 2496 479 2584 ὑπέμεινεν,
508 2497 770 2586 εύχαριστούμέν
792 2517 864 2584 σοι,
889 2501 950 2566 θεὲ
970 2498 1216 2584 παντοκράτορ,
1235 2511 1269 2567 20

97 2596 162 2688 σύγ
181 2600 263 2668 ὅσον
278 2599 468 2686 ὀφείλομεν,
492 2600 566 2669 ἀλλ’
590 2600 672 2670 ὅσον
692 2601 883 2686 δυνάμεθα,
904 2602 961 2670 καλ
982 2600 1045 2686 τήν
1066 2601 1218 2678 διάταξιν

97 2702 207 2770 αύτοῦ
229 2705 434 2790 πληρούμεν.
480 2705 518 2770 ἐν
540 2694 563 2790 ή
583 2702 648 2789 γάρ
669 2703 768 2770 νυκτὶ
787 2705 1000 2790 παρεδίδοτο,
1024 2700 1138 2787 λαβύν
1155 2699 1217 2790 άρ-

98 2829 161 2872 τον
190 2816 263 2882 ταῖς
288 2801 398 2888 άγίαις
427 2805 483 2870 καλ
511 2803 660 2890 ἀμύμοις
690 2802 795 2872 αύτού
822 2804 917 2894 χερσὶ
941 2807 998 2871 καλ
1026 2803 1219 2890 ἀναβλέψας

97 2905 185 2992 πρὸς
205 2907 260 2990 σε’,
291 2903 456 2973 τὸνθεόν
482 2903 589 2974 αὐτοῦ
614 2906 671 2974 καλ
698 2907 840 2996 πατέρα,
872 2905 929 2974 καλ
955 2907 1081 2983 κλάσας
1114 2906 1219 2972 ἐδωκε

95 3019 170 3086 τοῖς
192 3013 375 3093 μαθηταῖς,
399 3005 504 3076 εἰπάν
530 3012 636 3076 Τοῦτο
659 3006 696 3074 τό
716 3009 903 3094 μυστήριον
925 3013 983 3094 τής
1004 3010 1122 3092 καινῆς
1143 3007 1219 3072 δια·
1235 3023 1269 3074 25

95 3109 227 3195 θήκης,
251 3108 369 3194 λάβετε
391 3108 426 3189 ἐξ
445 3107 567 3195 σύτού,
596 3111 737 3196 φάγετε,
761 3110 860 3176 τούτό
887 3109 959 3176 ἐστι
979 3106 1018 3176 τὸ
1035 3107 1130 3193 σῶμά
1151 3131 1219 3192 μου

97 3211 137 3280 τό
158 3211 236 3296 περὶ
258 3215 395 3278 πολλῶν
413 3211 655 3298 θρυπτόμενον
672 3213 719 3290 εἰς
736 3209 859 3296 άφεσιν
880 3208 1062 3297 άμαρτιύν.
1107 3206 1217 3276 ολσαύ-

98 3337 166 3390 τως
184 3312 241 3380 καλ
263 3310 301 3378 τό
322 3312 483 3398 ποτήριον
504 3313 648 3399 κεράσας
671 3314 705 3392 ἐξ
727 3318 824 3378 οίνου
840 3311 896 3378 καλ
910 3310 1032 3390 ὕδατος
1047 3309 1104 3378 καλ
1122 3309 1219 3396 ἁγιά-

98 3433 163 3492 σας
185 3413 356 3481 ἐπέδωκεν
377 3411 507 3498 αύτοις,
529 3417 636 3500 λέγων
657 3418 759 3481 Πίετε
782 3415 816 3494 ἐξ
838 3411 944 3480 αύτοῦ
964 3414 1098 3498 πάντες,
1120 3413 1219 3482 τοῦτό

99 3516 173 3583 ἐστι
195 3513 236 3582 τό
256 3507 337 3601 αλμά
362 3539 429 3600 μου
455 3514 592 3600 ιδπερὶ
620 3520 755 3583 πολλῶν
777 3515 1004 3600 ἐκγυνόμενον
1026 3518 1073 3596 είς
1095 3514 1220 3601 άφεσιν
1236 3531 1271 3584 30

99 3615 291 3704 ἀμαρτιάυ·
322 3622 421 3684 τοῦτο
451 3630 575 3686 ποιεῖτε
603 3621 651 3696 είς
676 3616 738 3704 τήν
766 3615 850 3704 ἐμήν
873 3615 1075 3703 ἀνάμνησιν·
1105 3615 1220 3696 ὁσάκις

169 3823 298 3876 εεειιω
317 3824 374 3884 145,
395 3821 426 3875 ιο
440 3826 444 3890 ι
459 3823 477 3875 ο
494 3825 543 3878 Ioh
562 3825 602 3888 ιι,
620 3825 637 3875 ι
652 3822 657 3892 ι
671 3825 705 3875 τε
723 3823 778 3876 cor
795 3841 814 3875 α
832 3825 877 3888 ιι,
896 3823 998 3878 ιιι-νο

102 4032 111 4083 Ι
133 4019 267 4096 ἀπήλασε
284 4027 353 4092 512
372 4023 422 4081 καλ
438 4026 473 4095 -Ι-
489 4029 558 4094 γΙλ
577 4019 808 4095 ἐφανέρωσένιΙ
824 4029 839 4080 δ
858 4020 1058 4096 ἐφυγάδευσεν
1074 4020 1220 4093 πΙδέζω·

100 4109 225 4180 κύριτεν
242 4129 274 4178 x,
293 4103 493 4178 άνεζωιιύρηοε
509 4130 541 4178 γ,
560 4103 763 4180 ἀνεζωπήρωσε
782 4120 794 4164 ι
820 4115 824 4179 Ι
851 4113 868 4164 θ
887 4105 1048 4180 ἐπλήρωσεν
1067 4131 1082 4162 x
1103 4116 1108 4176 Ι
1127 4112 1144 4162 6
1162 4103 1218 4164 ἐτε-

100 4199 222 4253 λείωσεν
238 4197 279 4259 xl
304 4195 334 4247 10
351 4187 399 4248 άτι
415 4196 450 4265 -Ι-
467 4204 479 4250 ι
499 4195 504 4264 Ι
527 4198 555 4248 12
574 4187 703 4259 άπαθείς
720 4199 744 4249 X
764 4197 769 4264 Ι
792 4199 821 4250 14
840 4191 950 4258 τούτοις
966 4201 1000 4262 y?
1027 4197 1084 4262 114
1102 4189 1169 4258 τούς
1187 4196 1220 4264 †

97 4291 130 4350 γλ
150 4288 156 4344 Ι
182 4282 212 4334 15
230 4274 310 4348 ρήξει
328 4299 345 4330 x
365 4280 370 4349 ή
393 4283 421 4334 17
444 4273 553 4350 ἡμέρας
575 4277 765 4348 ἐνδιατρίψας
783 4290 796 4333 t
818 4281 824 4349 Ι
848 4281 882 4334 20
899 4277 1103 4346 παντοκράτωρ
1121 4283 1163 4346 x!
1186 4281 1220 4336 2³

99 4364 201 4434 χερσὶν
219 4383 235 4416 x
252 4367 256 4432 i
271 4367 303 4415 ’λλ
323 4361 429 4419 ἔδακεν
447 4385 463 4418 x
478 4365 483 4434 Ι
498 4368 532 4417 ’λδ
550 4359 626 4419 ἐστιν
644 4367 729 4434 1129
747 4366 827 4418 κίστε
845 4384 861 4417 x
877 4367 882 4430 Ι
897 4365 930 4418 30
948 4358 1025 4418 ἐστιν
1041 4382 1059 4416 x
