2998 4972
266 407 329 470 236
1281 419 1298 468 ⁷1
1318 405 1387 454 ²·⁴

269 565 308 634 ἐν
328 562 410 650 ύμῖν
432 561 498 634 κάν
519 563 607 652 άνήρ
628 589 679 644 τις
707 557 730 652 ᾗ
754 561 820 632 κάν
840 567 946 652 γυνή,
972 564 1029 631 καὶ
1051 564 1134 652 τύχη
1159 565 1319 653 τοιαύτης
1336 593 1389 633 τι-

266 667 325 746 νδς
338 669 488 754 χάριτος,
511 672 837 754 ταπεινοφρονείτω,
860 666 909 733 ἵν’
929 665 983 734 ἐπ’
1006 664 1098 756 αύτῷ
1120 666 1247 754 εὐδοκῇ
1262 665 1389 748 ὁθεός.

267 769 323 837 ἐπὶ
348 774 424 836 τίνα
444 771 528 855 γάρ,
557 773 681 855 φησίν,
710 769 895 856 ἐπιβλέψαι,
923 767 1000 835 ἀλλ’
1021 764 1045 854 ἢ
1066 768 1122 836 ἐπὶ
1143 769 1204 837 τόν
1223 771 1390 838 ταπεινόν

267 871 323 939 καὶ
348 869 491 958 ἡσύχων
518 870 576 938 παλ
603 871 768 957 τρέμοντά
796 893 863 955 μου
888 869 968 949 τούς
995 869 1132 956 λόγουεῖ
1151 874 1157 956 Ι
1176 871 1217 938 τά
1236 873 1302 957 μὲν
1324 864 1424 944 ούνδ

232 974 384 1055 οπρῦτα
404 977 465 1039 τοῦ
487 973 591 1058 λόγον
613 973 798 1058 ἐξεθέμεθα
819 973 897 1057 περὶ
917 977 986 1039 νῦν
1008 973 1235 1058 χαρισμάτων,
1257 973 1388 1062 ὅσαπερ

267 1072 382 1153 όθεὸς
403 1073 475 1142 κατ’
505 1077 598 1141 ίδίαν
618 1075 783 1160 βούλησιν
806 1075 972 1160 παρέσχεν
999 1073 1196 1159 άνθρκποις
1217 1075 1275 1142 καί
1297 1075 1390 1154 ὅπως

267 1180 335 1242 τάν
357 1179 467 1261 ψευδῆ
493 1175 756 1262 ἐπιχειρούντων
784 1171 938 1261 λέγεινῆ
959 1176 1126 1265 ἀλλοτρίῳ
1147 1177 1315 1263 πνεύματι
1333 1203 1389 1244 κι-

148 1303 151 1310 *
269 1279 444 1364 νουμένων
470 1276 588 1364 ἤλεγξε
612 1275 672 1344 τόν
700 1278 829 1362 τρόπον
857 1277 914 1344 καὶ
945 1277 996 1345 ότι
1030 1291 1191 1364 πονηροῖς
1224 1281 1389 1358 πολλάκις

267 1377 518 1465 άπεχρήσατοὸ
545 1377 628 1457 θεός
651 1378 735 1465 πρός
760 1402 797 1445 τε
816 1385 1025 1467 προφητείαν
1050 1379 1107 1446 καὶ
1132 1386 1387 1466 τεροτοποιίον,

219 1495 251 1550 10
268 1485 333 1549 νῦν
365 1484 403 1550 δέ
430 1481 487 1548 ἐπὶ
513 1480 552 1546 τό
578 1481 849 1568 κορυφαιότατον
876 1483 935 1566 τῆς
966 1481 1242 1567 ἐκκλησιαστικῆς
1267 1484 1389 1548 διατυ-

268 1583 405 1661 ποίσεως
427 1579 562 1668 ὁλόγος
580 1579 668 1668 ἡμᾶς
688 1583 824 1667 ἐπείγει,
846 1589 864 1626 *
887 1582 976 1661 ὅπως
994 1582 1051 1650 καί
1071 1583 1198 1669 ταύτην
1218 1585 1390 1668 μαθόντες

268 1684 347 1770 παρ’
370 1682 466 1771 ἡμῶν
483 1683 546 1769 ττΙν
567 1685 729 1770 διάταξιν,
753 1682 791 1751 οἰ
799 1685 978 1771 ταχθέντες
994 1684 1041 1752 δι’
1065 1682 1159 1770 ἡμῶν
1173 1685 1291 1771 γνάμη
1312 1710 1389 1771 χρι-

268 1792 351 1854 στοῦ
373 1791 566 1870 ἐπίσκοποι,
596 1786 706 1852 πάντα
728 1785 813 1852 κατά
840 1785 899 1864 τάς
921 1789 1172 1870 παραδοθείσας
1190 1784 1272 1872 ἡμῖν
1289 1788 1389 1856 ἐντο-

268 1888 328 1966 λάς
354 1893 515 1973 ποιῆσθε,
545 1887 670 1966 εἰδότες
696 1887 746 1954 ότι
771 1884 790 1953 6
814 1883 910 1972 ἡμων
934 1886 1069 1955 άιιούων
1093 1893 1230 1974 χριστοῦ
1257 1887 1387 1974 ἀκούει,

219 1987 288 2058 ιοό
311 1990 350 2056 δὲ
377 1993 516 2074 χριστοῦ
541 1987 679 2056 άκούων
706 1993 767 2056 τοῦ
784 1993 871 2056 θεοῦ
897 1989 954 2056 καὶ
976 1987 1102 2072 πατρὸς
1128 1987 1234 2056 αὐτοῦ
1255 1989 1388 2076 άκούει,

269 2083 333 2180 ᾦιΙ
356 2091 437 2170 δόξα
462 2092 509 2167 είς
534 2088 613 2166 τούς
642 2093 782 2168 αίκνας·
810 2089 910 2176 άμτΙυ.
930 2095 936 2178 Ι
955 2091 1023 2176 άμα
1040 2095 1160 2158 τοίνυν
1179 2087 1423 2177 ύπάρχονιεςί

267 2190 363 2278 ἡμεῖς
390 2192 427 2258 οί
450 2192 598 2259 δεκαδύο
629 2196 691 2258 τοῦ
718 2198 842 2278 κυρίου
866 2192 1048 2260 ἀπόστολοι
1075 2193 1178 2260 τάσδε
1205 2195 1265 2272 τάς
1292 2199 1391 2274 θείας

268 2292 349 2382 ύμῖν
381 2293 607 2378 ἐντελλόμεθα
641 2295 806 2375 διατάξεις
843 2295 920 2382 περ1
952 2293 1077 2372 παντὸς
1108 2293 1392 2381 ἐκκλησιαστικοῦ

268 2398 392 2480 τύπου,
430 2395 678 2483 συμπαρόντων
704 2392 785 2483 ἡμῖν
815 2394 872 2464 καὶ
906 2401 967 2464 τοῦ
992 2400 1050 2482 τῆς
1076 2396 1219 2482 ἐκλογῆς
1244 2399 1392 2478 σκεύους

218 2512 252 2564 20
270 2498 412 2567 Παύλου
434 2502 495 2564 τοῦ
515 2497 774 2566 σνναποστύλον
789 2494 886 2585 ἡμῶν
906 2499 964 2566 καί
981 2497 1143 2584 Ἰαπάβου
1166 2503 1229 2565 τοῦ
1250 2499 1390 2566 ἐπισκό-

269 2623 336 2667 που
357 2599 414 2666 καὶ
435 2603 504 2666 τάν
525 2604 654 2666 λοιπῦν
675 2601 914 2687 πρεσβυτέρων
940 2601 998 2668 καί
1016 2605 1085 2667 νῦν
1104 2601 1186 2667 ἑπτά
1204 2602 1388 2670 διακόνων.

269 2705 401 2788 πρῶτος
425 2691 489 2766 οῦν
512 2701 577 2785 έγά
599 2726 686 2787 φημι
710 2703 840 2787 Πέτρος
863 2709 880 2746 *
903 2702 1091 2769 ἐπίσκοπον
1108 2710 1389 2790 χειροτονεῖσθαι,

269 2801 314 2881 τός
340 2802 470 2882 ἐντοῖς
494 2807 725 2890 προλαβοῦσιν
752 2804 821 2890 άμα
847 2805 971 2882 πάντες
991 2803 1233 2889 διεταξάμεθα,
1262 2807 1302 2871 ἐν
1322 2810 1391 2872 πά-

269 2923 326 2974 σιυ
353 2903 537 2990 ἄμεμπτον,
565 2913 583 2952 *
609 2902 676 2973 ὑπὸ
709 2905 833 2985 παντὸς
865 2911 927 2973 τοῦ
960 2909 1045 2974 λαοῦ
1070 2904 1311 2992 ἐκλεγόμενον·
1345 2899 1391 2974 ού

217 3021 251 3074 25
270 3003 518 3092 ὀνομασθέντος
549 3007 605 3074 καλ
634 3006 833 3094 ἀρέσοντος,
867 3006 1048 3075 συνελθόν
1082 3003 1100 3074 ὁ
1130 3007 1210 3087 λαός
1242 3008 1311 3095 ἅμα
1340 3015 1391 3099 τῷ

271 3113 503 3199 πρεσβυτερίηι
530 3109 588 3176 καὶ
615 3123 685 3189 τοῖς
712 3115 880 3194 παροῦσιν
903 3109 1098 3188 ἐπισκόποις
1126 3109 1165 3178 ἐν
1190 3111 1299 3199 ἡμέρᾳ
1325 3137 1391 3178 κυ-

270 3217 372 3299 ριακῇ
393 3220 427 3297 *,
458 3209 476 3278 6
501 3217 518 3254 *
545 3212 725 3299 πρόκριτος
752 3216 821 3278 τοῖν
851 3213 979 3280 λοιπῦν
1001 3211 1157 3299 ἐρωτάτω
1178 3211 1217 3280 τό
1238 3217 1391 3299 πρεσβυ-

269 3313 382 3398 τέριον
409 3313 466 3380 καὶ
492 3313 552 3382 τόν
582 3313 665 3381 λαὸν
691 3318 722 3382 εί
744 3312 844 3392 αύτός
870 3313 963 3380 ἐστιν
991 3309 1032 3381 δν
1058 3317 1231 3382 αἰτοῦνται
1258 3319 1305 3394 είς
1326 3314 1391 3402 άρ-

269 3439 387 3500 χοντα·
417 3414 473 3480 καὶ
499 3416 766 3501 ἐπινευσάντων,
796 3417 1082 3504 προσεπερκκτάτ
1112 3419 1145 3484 εί
1170 3429 1392 3504 μαρτυρεῖται

337 3605 354 3658 3
372 3605 429 3672 ΙεοΙ
448 3605 490 3670 66,
508 3603 545 3674 21
563 3607 593 3658 14
610 3609 670 3660 Luc
690 3606 729 3674 10,
750 3608 782 3660 16
797 3607 801 3676 Ι
818 3607 850 3659 19
867 3609 920 3660 Act
936 3607 963 3672 9,
983 3607 1015 3660 15

272 3775 324 3828 1.2
341 3767 456 3842 χάριτός
473 3791 551 3836 τινος
568 3793 587 3842 y
602 3778 638 3841 12
657 3775 706 3831 λ’να
724 3784 736 3828 t
755 3778 760 3842 Ι
779 3777 796 3829 8
812 3767 932 3845 ἥλετξεν
949 3795 966 3828 x
980 3777 985 3845 Ι
1000 3777 1017 3829 11
1034 3767 1229 3844 άπτχαρίσατο
1248 3785 1269 3843 t,
1288 3771 1321 3832 ἐκ
1337 3769 1390 3830 άλ-

270 3862 330 3920 λοις
346 3850 529 3927 άπεχρήοατο
547 3877 643 3929 margo
660 3861 740 3925 τΙΙθ
758 3860 825 3914 νονλ
842 3869 873 3929 γε
891 3860 914 3929 [1
931 3861 955 3930 ι]
977 3865 981 3930 Ι
1004 3863 1036 3915 10
1052 3856 1097 3932 τὸ]
1116 3862 1155 3916 τά
1172 3865 1208 3926 x!
1226 3863 1257 3914 ll
1275 3853 1389 3930 ἡμάςύ

270 3938 353 4012 λόγος
370 3963 388 4011 y
402 3945 408 4013 Ι
424 3947 453 3998 11
473 3939 581 4013 ἐπείγει
599 3951 638 4010 ιῖ,
656 3948 859 4012 προςκαλεῖται
873 3963 891 4013 y
906 3949 910 4012 Ι
928 3949 958 3998 ll
977 3935 1015 4016 ἣν
1031 3941 1103 4016 ύμῖν
1119 3945 1170 4000 καλ
1188 3941 1392 4015 διατάττομεν,

270 4023 370 4090 καθύς
387 4027 466 4096 παρά
485 4029 535 4082 τοῦ
560 4030 663 4096 κυρίου
682 4026 884 4100 παρελάβομεν
899 4033 934 4099 -Ι-
950 4049 969 4099 y
994 4030 1000 4100 Ι
1028 4032 1116 4084 11.12
1135 4027 1208 4096 παρ’
1232 4024 1313 4100 ἡμῶν
1334 4049 1391 4100 μα·

270 4109 405 4178 θόντεςῖ
430 4116 435 4184 Ι
464 4116 495 4168 14
512 4115 647 4168 ποιεῖσθε
664 4133 697 4180 x,
719 4117 858 4184 ποιῆτε]
884 4121 889 4178 Ι
918 4117 948 4169 15
971 4108 1062 4170 αύτοῦ
1083 4114 1134 4170 καί
1155 4111 1263 4182 πατρὸς
1278 4115 1336 4186 γῖΙ
1360 4119 1393 4172 18

270 4191 342 4266 ύμῖν
357 4217 401 4266 xy,
420 4194 501 4267 ἡμύν
519 4206 531 4250 t
549 4197 554 4268 Ι
575 4201 608 4252 22
625 4191 669 4254 ὅτι
687 4194 741 4268 χρὴ
759 4201 793 4270 -Ι-
809 4219 828 4268 y
848 4201 853 4268 Ι
872 4204 906 4254 24
923 4193 1096 4271 άριστίτδηκ
1112 4200 1146 4269 -Ι-
1162 4218 1188 4267 y,
1208 4191 1393 4270 άριατήιδηκ

269 4282 305 4350 «Ι-
322 4285 402 4349 1124
420 4279 621 4352 ἐκλελεγμένον
637 4291 669 4352 yt
683 4287 688 4352 Ι
702 4285 737 4338 26
753 4286 962 4355 πρεσβυτερείω
978 4305 996 4339 x
1010 4286 1016 4356 Ι
1030 4287 1063 4338 27
1082 4283 1282 4354 ουκενδοκήτα
1300 4285 1335 4351 -Ι-
1353 4295 1368 4339 t
1387 4287 1392 4354 Ι

271 4368 304 4417 22
323 4361 355 4420 δὲ
371 4368 406 4434 -Ι-
424 4376 436 4419 t
450 4369 455 4433 Ι
469 4370 512 4420 27.
524 4369 558 4420 28
575 4369 796 4436 κρεσβντερεῖον
812 4383 830 4420 x
