3052 4974
301 391 342 454 68
1354 384 1371 450 β
1388 385 1421 436 ⁴¹

302 540 365 616 οὖν
394 550 451 616 καὶ
478 549 521 616 σύ
551 554 655 633 ποίει,
685 539 713 616 ἀ
738 549 914 616 ἐπίσκοπε·
944 547 1019 614 ἀλλ’
1050 547 1163 632 ὥσπερ
1191 549 1252 616 τδν
1281 549 1426 616 έθνικδν

301 651 425 730 λούσας
444 653 573 738 είσδέχη
588 651 670 736 μετὰ
686 649 749 736 τήν
765 652 1000 734 διδασκαλίαν,
1024 648 1130 728 οὕτως
1145 650 1201 716 καλ
1216 655 1340 716 τοῦτον
1354 674 1424 736 χει-

302 753 504 839 ροθετήσας,
535 749 580 830 οἱς
605 749 649 820 ἀν
676 758 837 839 μετανοίᾳ
859 754 1132 837 κεκαθαρμένον,
1170 752 1309 819 πάντων
1336 748 1424 834 ὑπὲρ

301 853 407 922 αὐτοῦ
428 857 725 940 προσευχομένων,
758 853 1044 939 ἀποκαταστήσας
1070 849 1174 919 αὐτὸν
1202 856 1248 930 είς
1270 851 1334 938 τήν
1361 851 1425 936 ἀρ-

267 972 283 1022 5
300 961 400 1042 χαίαν
415 954 521 1022 αὐτοῦ
535 957 660 1041 νομήν·
685 956 742 1022 καλ
761 959 853 1022 ἔσται
869 953 960 1042 αὐτῷ
974 954 1051 1022 ἀντὶ
1067 957 1084 994 *
1101 953 1288 1040 λοάσματος
1308 950 1330 1039 ἡ
1353 978 1425 1038 χει-

301 1062 459 1143 ροθεσία·
493 1056 549 1123 καλ
569 1057 634 1142 γὰρ
654 1057 709 1123 διά
727 1061 785 1142 τῆς
812 1058 994 1136 ἐπιθέσεως
1014 1060 1082 1122 τῶν
1102 1048 1274 1142 ἡμετέρων
1299 1059 1426 1141 χειρῶν

302 1159 434 1224 ἐδίδοτο
456 1158 493 1224 τδ
515 1163 647 1244 πνεῦμα
669 1157 708 1224 τὸ
730 1159 828 1243 ἅγιον
846 1171 916 1236 τοῖς
933 1158 1162 1225 πιστεύουσιν.
1202 1155 1267 1223 κάν
1282 1181 1332 1234 τις
1353 1161 1426 1224 τοῖν

301 1259 345 1344 μή
367 1262 624 1346 σεσαλευμένων
644 1259 804 1346 ἀδελφῶν
825 1257 931 1326 αὐτοῦ
953 1261 1116 1345 ἐγκαλέσῃ
1145 1276 1199 1324 σοι
1222 1257 1272 1326 ὅτι
1294 1257 1336 1343 δὴ
1360 1281 1425 1324 κα-

301 1363 468 1449 τηλλάγης
492 1359 594 1450 αὐτῷ,
618 1362 688 1428 είπὲ
711 1360 794 1447 πρὸς
812 1359 916 1427 αὐτὸν
939 1359 992 1428 Σύ
1014 1362 1157 1427 πάντοτε
1179 1357 1252 1446 μετ’
1274 1359 1359 1446 ἐμοῦ
1383 1356 1424 1440 εἶ,

252 1477 284 1530 10
302 1463 358 1530 καλ
379 1464 419 1530 τά
443 1465 505 1550 έμά
527 1464 637 1530 πάντα
666 1463 709 1528 σοί
730 1461 837 1528 ἐστιν·
870 1460 1107 1550 εὐφρανθῆναι
1133 1465 1170 1528 δὲ
1197 1465 1264 1530 ἔδει
1285 1461 1342 1527 καλ
1362 1486 1425 1547 ηα-

302 1569 417 1650 ρῆναι,
446 1563 542 1632 ὄτι-ὁ
563 1564 710 1650 ἀδελφός
737 1581 800 1630 σου
829 1555 927 1641 οὗτος
948 1563 1067 1650 νεκρὸς
1094 1555 1138 1648 ἦν
1166 1564 1223 1630 καί
1250 1562 1423 1648 ἀνέζησεν,

301 1667 358 1734 καὶ
379 1665 561 1744 ἀπολωλως
584 1668 600 1704 *
623 1665 679 1732 καὶ
702 1663 835 1753 εὑρέθη.
875 1665 924 1731 ὅτι
941 1665 1006 1752 γάρ
1020 1665 1062 1733 οὐ
1076 1668 1184 1752 μόνον
1204 1668 1424 1751 προσδέχεται

302 1767 412 1847 ὁθεός
429 1767 507 1845 τοὺς
527 1773 786 1852 μετανοοῦντας,
809 1767 895 1834 ἀλλά
917 1767 973 1834 καλ
996 1772 1043 1846 είς
1057 1766 1120 1853 τὴν
1140 1768 1307 1853 προτέραν
1323 1764 1424 1844 ἀξίαν

301 1870 589 1954 ἀποκαθίστησιν,
616 1869 729 1947 ι’κανδς
750 1870 879 1954 μάρτυς
900 1866 919 1935 ὁ
939 1869 1032 1954 ἀγιος
1051 1872 1176 1955 Δαβίδ,
1199 1865 1235 1946 δς
1253 1867 1335 1954 μετά
1360 1865 1424 1952 την

254 1987 284 2038 15
303 1975 349 2048 είς
370 1971 430 2036 τὸν
447 1969 577 2055 Οὐρίαν
598 1968 765 2056 ἁμαρτίαν
787 1969 907 2056 ηὔχετο
929 1975 975 2057 τῷ
992 1975 1065 2058 θεῷ
1087 1972 1194 2057 λέγων
1204 1969 1344 2046 Ἀπόδος
1365 1993 1423 2054 μοι

302 2071 364 2158 τὴν
385 2071 585 2156 ἀγαλλίασιν
604 2077 665 2139 τοῦ
682 2077 850 2157 σωτηρίου
870 2091 944 2158 σου,
965 2073 1021 2140 καλ
1044 2073 1209 2160 πνεύματι
1234 2069 1424 2158 ἡγεμονικῷ

302 2174 459 2261 στήριξόν
480 2197 536 2258 με·
559 2173 616 2239 καλ
637 2174 740 2240 πάλιν
759 2173 987 2259 Ἀπόστρεψον
1008 2173 1046 2241 τδ
1065 2173 1247 2260 πρόσωπόν
1270 2192 1333 2240 σου
1354 2170 1425 2238 ἀπὸ

301 2280 370 2342 τῶν
390 2272 563 2362 ἀμαρτιιδν
584 2301 662 2360 μου,
685 2276 741 2343 καὶ
766 2277 874 2353 πάσας
893 2275 952 2354 κάς
975 2276 1116 2361 ἀνομίας
1137 2301 1204 2362 μου
1226 2277 1422 2356 ἐξάλειφον·

302 2380 447 2465 καρδίαν
469 2375 626 2462 καθαρὰν
641 2383 758 2444 κτίσον
781 2378 819 2443 έν
839 2379 923 2461 ε’μοί,
947 2374 1072 2464 ὁθεός,
1096 2379 1153 2446 καλ
1171 2382 1302 2464 πνεῦμα
1322 2374 1424 2452 siffis

250 2493 284 2544 20
303 2479 497 2564 έγκαίνισον
519 2481 558 2546 έν
572 2493 640 2556 τοῖς
662 2481 814 2565 ε’γκάτοις
830 2504 912 2564 μον·
936 2479 980 2564 μὴ
1001 2479 1193 2566 ἀπορρίυης
1214 2503 1255 2564 με
1276 2477 1343 2544 ἀπὸ
1361 2481 1425 2543 τοῦ

302 2581 487 2665 προσώπου
508 2598 587 2662 σου,
618 2581 674 2647 καλ
696 2580 733 2646 τὸ
756 2582 889 2666 πνεύμά
912 2599 975 2647 σου
995 2581 1032 2648 τό
1053 2581 1152 2666 ἅγιον
1169 2580 1213 2666 μή
1237 2579 1424 2666 ἀντανέλης

302 2679 361 2746 ἀπ’
385 2683 479 2766 ἐμοῦ.
524 2681 579 2746 καλ
608 2680 650 2747 σύ
673 2671 736 2748 οὖν
763 2680 807 2760 ὦς
828 2681 1010 2768 συμπαθής
1036 2683 1148 2771 ἰατρὸς
1175 2682 1252 2760 τούς
1271 2679 1423 2768 ἡμαρτη-

302 2784 402 2859 κότας
423 2783 551 2860 πάντας
563 2783 747 2866 θεράπευε,
770 2784 940 2870 χριόμενος
959 2790 1136 2872 σωτηρίοις
1158 2783 1241 2872 πρὸς
1255 2784 1424 2870 βοήθειαν

302 2883 463 2968 ἀγωγαῖς,
492 2882 536 2968 μὴ
565 2885 672 2968 μόνον
697 2887 826 2970 τέμνων
854 2881 1004 2970 ἢκαίων
1029 2883 1052 2971 ἢ
1080 2889 1177 2974 ξηρία
1204 2887 1422 2972 προσφέρων,

249 3001 283 3054 25
301 2984 387 3052 ἀλλά
405 2986 462 3052 καὶ
487 2985 677 3072 έπιδεσμών
699 2986 756 3052 καὶ
770 2991 882 3071 μοτών
904 2987 960 3054 καὶ
982 2987 1082 3066 ἐνιεὶς
1096 2992 1236 3073 γλυκεῖα
1258 2989 1423 3074 φάρμακα

301 3087 512 3155 έπουλωτικά
539 3088 596 3154 καλ
617 3089 833 3172 καταβρέχων
853 3089 964 3172 λόγοις
987 3094 1255 3175 παρακλητικοῑς.
1301 3089 1364 3156 ἐὰν
1383 3091 1423 3155 δὲ

301 3193 418 3256 κοῖλον
443 3181 464 3278 ᾖ
492 3191 529 3256 τὸ
554 3195 703 3278 τραῦμα,
740 3191 873 3274 θρέψον
900 3188 982 3256 αὐτὸ
1010 3190 1056 3257 δι’
1089 3191 1326 3279 έμπλάστρων,
1363 3193 1423 3258 ἵνα

368 3397 385 3446 1)
402 3399 461 3448 Luc
481 3398 521 3456 15,
540 3399 580 3450 31.
600 3399 652 3464 321
671 3399 701 3448 15
719 3398 812 3449 Psalm
829 3399 871 3460 51,
893 3399 943 3462 111
961 3400 991 3449 11
1009 3399 1103 3450 ΡοοῙαι
1120 3401 1163 3462 51,
1184 3399 1282 3452 11—13

306 3567 907 3650 1ἀιιν11ἀλλ’ατηκαλγτΙΙέθνηκδν
922 3603 944 3634 w
961 3585 964 3648 1
980 3581 1129 3652 2είσδὲγει
1144 3604 1167 3636 w
1182 3587 1186 3649 Ι
1202 3589 1218 3638 2
1234 3579 1309 3639 οὕτω
1321 3593 1369 3652 yzt
1384 3585 1421 3655 13

301 3661 554 3731 κεκαθαρισμένον
570 3674 617 3730 yzt
631 3667 636 3735 1
650 3670 666 3718 1
684 3660 923 3737 ἀκοκαταστήοης
940 3678 987 3738 yzt
1001 3669 1006 3737 1
1021 3672 1037 3722 5
1055 3670 1106 3722 τοῦ
1117 3669 1150 3736 -1-
1162 3679 1210 3735 γτι
1225 3669 1229 3739 1
1244 3672 1260 3722 5
1278 3664 1422 3738 aniame

300 3766 333 3814 γε
349 3751 354 3814 1
370 3751 385 3798 7
403 3743 434 3800 τὸ
452 3757 595 3817 utrumque
613 3752 647 3814 >
664 3760 710 3817 yzt
725 3753 729 3818 1
745 3755 759 3802 7
778 3747 943 3806 πιστεύουσι
961 3754 1011 3822 ,111
1031 3755 1048 3805 8
1066 3751 1263 3822 σαλευομένων
1281 3749 1419 3817 κ18σά-
1502 3773 1503 3782 ’

301 3833 354 3886 τοῦ
370 3835 404 3897 >
420 3853 437 3886 x
452 3835 489 3894 18
508 3827 679 3904 έπεγκαλέση
697 3846 744 3902 γκι
764 3840 768 3902 1
791 3839 821 3890 10
839 3839 888 3892 δεῖ
903 3857 926 3890 w
947 3841 950 3903 1
974 3840 1002 3890 11
1022 3835 1141 3908 ἀνέζησε
1159 3847 1172 3892 ι
1190 3841 1194 3906 1
1217 3841 1246 3890 12
1270 3838 1320 3892 καί
1344 3844 1420 3908 prius

300 3919 334 3982 >
352 3937 409 3982 ινγκ
429 3918 434 3984 1
456 3921 487 3970 12
504 3911 650 3980 ἀπωλολός
668 3939 705 3984 w,
729 3913 875 3983 ἀπολωλὸς
893 3942 909 3974 x
929 3927 933 3988 1
962 3925 991 3974 12
1009 3912 1046 3990 ἦν
1064 3927 1097 3990 -1-
1114 3942 1138 3974 w
1158 3924 1162 3988 1
1184 3926 1215 3976 13
1233 3917 1299 3984 τοὺς
1316 3926 1350 3989 >
1369 3944 1394 3976 w
1414 3931 1417 3990 j

302 4005 334 4056 15
351 3995 468 4064 ἀπόδως
485 4022 508 4054 w
529 4004 532 4070 1
553 4007 594 4056 22.
607 4006 640 4056 23
658 3997 849 4072 ἡμαρτικδτας
868 4026 890 4057 w
913 4008 919 4075 1
938 4010 971 4059 21
989 4003 1093 4076 τέμνον
1111 4011 1131 4060 Ζ
1146 4008 1198 4076 121
1218 4008 1302 4074 ξνρία
1322 4028 1345 4060 w
1360 4007 1367 4080 1
1385 4011 1420 4062 25

299 4088 399 4156 μωτοῖν
418 4091 508 4154 11125
530 4089 633 4156 γλυκέα
651 4107 688 4154 w,
707 4093 825 4156 γλυκεῖα
843 4111 873 4151 x,
893 4088 997 4159 γλυκέα
1015 4099 1062 4160 yzt
1082 4095 1087 4158 1
1106 4095 1140 4144 211
1157 4085 1339 4147 ἀπονλωτικά
1357 4113 1392 4160 γε
1414 4097 1417 4158 1

300 4175 332 4223 27
352 4175 487 4243 κοιλωνήι
505 4193 528 4224 w
544 4175 595 4238 121
615 4174 735 4240 θρέψων
752 4179 777 4228 X
793 4179 844 4242 127
864 4171 913 4230 διά
932 4177 988 4228 τάν
1005 4171 1190 4245 έμπλάστρων
1208 4197 1243 4242 ιν,
1267 4169 1287 4246 ἦ
1305 4179 1354 4231 δεῖ
1371 4173 1419 4246 έμ-

302 4252 432 4324 πλάστρω
449 4277 482 4324 γ,
502 4258 570 4334 ηδεῐ
586 4253 751 4330 έμπλοὶοτρῳ
770 4269 799 4312 τί
818 4263 857 4326 (οι
875 4263 916 4327 t),
934 4279 1075 4330 γραφεται
1095 4261 1145 4316 καλ
1163 4258 1233 4332 ἡδεῖ
1250 4257 1420 4332 έμκλάστρφ

301 4357 395 4406 margo
412 4363 430 4410 γ
