<?xml version="1.0" encoding="UTF-8"?>
<!DOCTYPE html PUBLIC "-//W3C//DTD XHTML 1.0 Transitional//EN"
    "http://www.w3.org/TR/xhtml1/DTD/xhtml1-transitional.dtd">
<html xmlns="http://www.w3.org/1999/xhtml" xml:lang="en" lang="en">
 <head>
  <title>
</title>
<meta http-equiv="Content-Type" content="text/html;charset=utf-8" />
  <meta name='ocr-system' content='tesseract 3.04.00' />
  <meta name='ocr-capabilities' content='ocr_page ocr_carea ocr_par ocr_line ocrx_word'/>
</head>
<body>
  <div class='ocr_page' id='page_1' title='image "./decontroversiis00schgoog_0435.png"; bbox 0 0 3120 4980; ppageno 0'>
   <div class='ocr_carea' id='block_1_1' title="bbox 1332 321 1427 377">
    <p class='ocr_par' dir='ltr' id='par_1_1' title="bbox 1332 321 1427 377">
     <span class='ocr_line' id='line_1_1' title="bbox 1332 321 1427 377; baseline -0.042 0"><span class='ocrx_word' id='word_1_1' title='bbox 1332 321 1427 377; x_wconf 86' lang='lat' dir='ltr'>XLIII</span> 
     </span>
    </p>
   </div>
   <div class='ocr_carea' id='block_1_2' title="bbox 312 492 1427 2111">
    <p class='ocr_par' dir='ltr' id='par_1_2' title="bbox 312 492 1427 2111">
     <span class='ocr_line' id='line_1_2' title="bbox 336 492 1279 600; baseline 0.005 -49"><span class='ocrx_word' id='word_1_2' title='bbox 336 498 353 551; x_wconf 85' lang='grc'><strong>3</strong></span> <span class='ocrx_word' id='word_1_3' title='bbox 379 492 590 578; x_wconf 76' lang='grc' dir='ltr'>Σατουρνίλος,</span> <span class='ocrx_word' id='word_1_4' title='bbox 614 503 648 556; x_wconf 88' lang='lat' dir='ltr'><strong>ut</strong></span> <span class='ocrx_word' id='word_1_5' title='bbox 664 494 797 558; x_wconf 85' lang='lat' dir='ltr'><strong>videtur.</strong></span> <span class='ocrx_word' id='word_1_6' title='bbox 823 495 880 558; x_wconf 85' lang='lat' dir='ltr'><strong>sed</strong></span> <span class='ocrx_word' id='word_1_7' title='bbox 898 494 936 558; x_wconf 84' lang='lat' dir='ltr'><strong>of.</strong></span> <span class='ocrx_word' id='word_1_8' title='bbox 954 504 1031 600; x_wconf 41' lang='lat' dir='ltr'>Q</span> <span class='ocrx_word' id='word_1_9' title='bbox 1048 493 1097 557; x_wconf 86' lang='lat'><strong>16.</strong></span> <span class='ocrx_word' id='word_1_10' title='bbox 1125 496 1184 558; x_wconf 83' lang='grc' dir='ltr'><strong>ἀπὸ</strong></span> <span class='ocrx_word' id='word_1_11' title='bbox 1201 511 1279 584; x_wconf 69' lang='lat' dir='ltr'><strong>’pua</strong></span> 
     </span>
     <span class='ocr_line' id='line_1_3' title="bbox 336 598 818 690; baseline 0.01 -29"><span class='ocrx_word' id='word_1_12' title='bbox 336 606 354 660; x_wconf 89' lang='lat'>8</span> <span class='ocrx_word' id='word_1_13' title='bbox 381 598 583 683; x_wconf 78' lang='grc' dir='ltr'><strong>βαπτίζοντες</strong></span> <span class='ocrx_word' id='word_1_14' title='bbox 599 607 742 690; x_wconf 67' lang='grc' dir='ltr'>πρότερον</span> <span class='ocrx_word' id='word_1_15' title='bbox 759 613 818 668; x_wconf 80' lang='grc' dir='ltr'><strong><em>καὶ.</em></strong></span> 
     </span>
     <span class='ocr_line' id='line_1_4' title="bbox 338 708 1186 795; baseline 0.006 -27"><span class='ocrx_word' id='word_1_16' title='bbox 338 716 356 768; x_wconf 87' lang='grc'><strong>9</strong></span> <span class='ocrx_word' id='word_1_17' title='bbox 383 711 443 772; x_wconf 76' lang='grc' dir='ltr'><strong>ἀπὸ</strong></span> <span class='ocrx_word' id='word_1_18' title='bbox 460 725 528 778; x_wconf 67' lang='lat' dir='ltr'><strong>’nter</strong></span> <span class='ocrx_word' id='word_1_19' title='bbox 552 708 585 773; x_wconf 93' lang='lat' dir='ltr'><strong>id</strong></span> <span class='ocrx_word' id='word_1_20' title='bbox 602 719 650 774; x_wconf 85' lang='lat' dir='ltr'><strong>est</strong></span> <span class='ocrx_word' id='word_1_21' title='bbox 666 716 785 795; x_wconf 84' lang='grc' dir='ltr'>Ζάμης.</span> <span class='ocrx_word' id='word_1_22' title='bbox 803 749 845 760; x_wconf 89' lang='grc'><strong>-</strong></span> <span class='ocrx_word' id='word_1_23' title='bbox 863 711 983 794; x_wconf 81' lang='grc' dir='ltr'>οὐδαμῆ</span> <span class='ocrx_word' id='word_1_24' title='bbox 1000 715 1078 774; x_wconf 75' lang='grc' dir='ltr'><strong><em>ἐστιν</em></strong></span> <span class='ocrx_word' id='word_1_25' title='bbox 1096 716 1186 794; x_wconf 79' lang='grc' dir='ltr'><em>εἰμὴ.</em></span> 
     </span>
     <span class='ocr_line' id='line_1_5' title="bbox 316 815 1230 907; baseline 0.003 -28"><span class='ocrx_word' id='word_1_26' title='bbox 316 825 353 879; x_wconf 86' lang='lat'><strong>11</strong></span> <span class='ocrx_word' id='word_1_27' title='bbox 380 815 455 884; x_wconf 69' lang='grc' dir='ltr'><strong><em>ὶκκλ,</em></strong></span> <span class='ocrx_word' id='word_1_28' title='bbox 470 816 589 902; x_wconf 80' lang='grc' dir='ltr'><strong><em>λέγεται</em></strong></span> <span class='ocrx_word' id='word_1_29' title='bbox 606 825 655 882; x_wconf 79' lang='grc' dir='ltr'><strong>τὸν</strong></span> <span class='ocrx_word' id='word_1_30' title='bbox 674 825 819 907; x_wconf 79' lang='grc' dir='ltr'><em>αἱρετικὸν</em></span> <span class='ocrx_word' id='word_1_31' title='bbox 838 819 1057 904; x_wconf 63' lang='lat' dir='ltr'><strong>drudam-idua</strong></span> <span class='ocrx_word' id='word_1_32' title='bbox 1074 817 1158 907; x_wconf 79' lang='lat'>(12),</span> <span class='ocrx_word' id='word_1_33' title='bbox 1176 823 1230 882; x_wconf 77' lang='grc' dir='ltr'><strong>ὅτι.</strong></span> 
     </span>
     <span class='ocr_line' id='line_1_6' title="bbox 316 925 1425 1015; baseline 0.005 -28"><span class='ocrx_word' id='word_1_34' title='bbox 316 933 354 987; x_wconf 78' lang='lat'><strong>12</strong></span> <span class='ocrx_word' id='word_1_35' title='bbox 379 931 527 1012; x_wconf 70' lang='grc' dir='ltr'>προκρίνει</span> <span class='ocrx_word' id='word_1_36' title='bbox 550 925 668 992; x_wconf 90' lang='lat' dir='ltr'><strong>lectum</strong></span> <span class='ocrx_word' id='word_1_37' title='bbox 684 925 805 1014; x_wconf 77' lang='lat' dir='ltr'><strong>asyro</strong></span> <span class='ocrx_word' id='word_1_38' title='bbox 822 949 886 992; x_wconf 90' lang='lat' dir='ltr'><strong>non</strong></span> <span class='ocrx_word' id='word_1_39' title='bbox 902 925 999 991; x_wconf 84' lang='lat' dir='ltr'><strong>fuisse</strong></span> <span class='ocrx_word' id='word_1_40' title='bbox 1015 947 1118 1014; x_wconf 88' lang='lat' dir='ltr'><strong>paene</strong></span> <span class='ocrx_word' id='word_1_41' title='bbox 1134 935 1258 991; x_wconf 88' lang='lat' dir='ltr'><strong>certum</strong></span> <span class='ocrx_word' id='word_1_42' title='bbox 1275 937 1330 992; x_wconf 89' lang='lat' dir='ltr'><strong>est.</strong></span> <span class='ocrx_word' id='word_1_43' title='bbox 1355 953 1425 1015; x_wconf 75' lang='grc' dir='ltr'>προ-</span> 
     </span>
     <span class='ocr_line' id='line_1_7' title="bbox 377 1029 1424 1121; baseline 0.005 -25"><span class='ocrx_word' id='word_1_44' title='bbox 377 1039 475 1098; x_wconf 79' lang='grc' dir='ltr'><strong><em>κόπτει</em></strong></span> <span class='ocrx_word' id='word_1_45' title='bbox 497 1043 545 1097; x_wconf 88' lang='lat' dir='ltr'><strong>cst</strong></span> <span class='ocrx_word' id='word_1_46' title='bbox 567 1033 652 1107; x_wconf 64' lang='grc' dir='ltr'><strong>Κέι</strong></span> <span class='ocrx_word' id='word_1_47' title='bbox 673 1034 750 1100; x_wconf 90' lang='lat' dir='ltr'><strong>Luc.</strong></span> <span class='ocrx_word' id='word_1_48' title='bbox 766 1037 789 1100; x_wconf 94' lang='lat' dir='ltr'><strong>ii</strong></span> <span class='ocrx_word' id='word_1_49' title='bbox 805 1035 866 1100; x_wconf 82' lang='lat'><strong>52:</strong></span> <span class='ocrx_word' id='word_1_50' title='bbox 890 1029 1272 1104; x_wconf 57' lang='lat' dir='ltr'><strong>hecnaxTimoth.</strong></span> <span class='ocrx_word' id='word_1_51' title='bbox 1292 1035 1314 1121; x_wconf 87' lang='grc' dir='ltr'>β</span> <span class='ocrx_word' id='word_1_52' title='bbox 1331 1034 1352 1098; x_wconf 95' lang='lat' dir='ltr'><strong>ii</strong></span> <span class='ocrx_word' id='word_1_53' title='bbox 1374 1037 1424 1118; x_wconf 86' lang='lat'><strong>16,</strong></span> 
     </span>
     <span class='ocr_line' id='line_1_8' title="bbox 378 1123 1424 1216; baseline 0.004 -12"><span class='ocrx_word' id='word_1_54' title='bbox 378 1139 412 1204; x_wconf 77' lang='lat' dir='ltr'><strong>is</strong></span> <span class='ocrx_word' id='word_1_55' title='bbox 430 1142 486 1205; x_wconf 84' lang='lat'><strong>13:</strong></span> <span class='ocrx_word' id='word_1_56' title='bbox 519 1141 732 1216; x_wconf 55' lang='lat' dir='ltr'><strong>‚mmm</strong></span> <span class='ocrx_word' id='word_1_57' title='bbox 756 1123 927 1214; x_wconf 56' lang='lat' dir='ltr'><strong>abacia</strong></span> <span class='ocrx_word' id='word_1_58' title='bbox 945 1143 980 1206; x_wconf 76' lang='lat' dir='ltr'><strong>rr</strong></span> <span class='ocrx_word' id='word_1_59' title='bbox 998 1143 1034 1208; x_wconf 87' lang='lat'><strong>9:</strong></span> <span class='ocrx_word' id='word_1_60' title='bbox 1073 1146 1180 1213; x_wconf 55' lang='lat' dir='ltr'><strong>aa</strong></span> <span class='ocrx_word' id='word_1_61' title='bbox 1201 1141 1294 1208; x_wconf 80' lang='lat' dir='ltr'><strong>som.</strong></span> <span class='ocrx_word' id='word_1_62' title='bbox 1314 1142 1348 1207; x_wconf 77' lang='lat' dir='ltr'><strong>oi</strong></span> <span class='ocrx_word' id='word_1_63' title='bbox 1369 1143 1424 1208; x_wconf 80' lang='lat'><strong>12:</strong></span> 
     </span>
     <span class='ocr_line' id='line_1_9' title="bbox 377 1223 1427 1340; baseline 0.001 -25"><span class='ocrx_word' id='word_1_64' title='bbox 377 1223 532 1320; x_wconf 50' lang='lat' dir='ltr'><strong>imur&lt;</strong></span> <span class='ocrx_word' id='word_1_65' title='bbox 542 1247 676 1316; x_wconf 75' lang='lat' dir='ltr'><strong>Galaai</strong></span> <span class='ocrx_word' id='word_1_66' title='bbox 698 1254 751 1336; x_wconf 82' lang='lat'><strong>14,</strong></span> <span class='ocrx_word' id='word_1_67' title='bbox 777 1253 878 1318; x_wconf 85' lang='lat' dir='ltr'><strong>itaut</strong></span> <span class='ocrx_word' id='word_1_68' title='bbox 899 1273 1004 1340; x_wconf 88' lang='lat' dir='ltr'><strong>neque</strong></span> <span class='ocrx_word' id='word_1_69' title='bbox 1027 1252 1089 1317; x_wconf 90' lang='lat' dir='ltr'><strong>hoc</strong></span> <span class='ocrx_word' id='word_1_70' title='bbox 1105 1251 1294 1318; x_wconf 87' lang='lat' dir='ltr'><strong>vocabulum</strong></span> <span class='ocrx_word' id='word_1_71' title='bbox 1309 1251 1427 1317; x_wconf 88' lang='lat' dir='ltr'><strong>lectum</strong></span> 
     </span>
     <span class='ocr_line' id='line_1_10' title="bbox 379 1356 1423 1450; baseline 0.002 -28"><span class='ocrx_word' id='word_1_72' title='bbox 379 1379 449 1423; x_wconf 88' lang='lat' dir='ltr'><strong>esse</strong></span> <span class='ocrx_word' id='word_1_73' title='bbox 471 1382 490 1424; x_wconf 83' lang='lat' dir='ltr'><strong>a</strong></span> <span class='ocrx_word' id='word_1_74' title='bbox 511 1356 597 1446; x_wconf 85' lang='lat' dir='ltr'><strong>Syro</strong></span> <span class='ocrx_word' id='word_1_75' title='bbox 621 1359 825 1444; x_wconf 79' lang='lat' dir='ltr'><strong>crediderim,</strong></span> <span class='ocrx_word' id='word_1_76' title='bbox 857 1360 915 1426; x_wconf 90' lang='lat' dir='ltr'><strong>sed</strong></span> <span class='ocrx_word' id='word_1_77' title='bbox 933 1369 1164 1450; x_wconf 74' lang='grc' dir='ltr'><strong><em>προφασὶσεται.</em></strong></span> <span class='ocrx_word' id='word_1_78' title='bbox 1190 1361 1228 1424; x_wconf 83' lang='lat' dir='ltr'><strong>cf.</strong></span> <span class='ocrx_word' id='word_1_79' title='bbox 1246 1384 1276 1448; x_wconf 92' lang='lat' dir='ltr'><strong>p.</strong></span> <span class='ocrx_word' id='word_1_80' title='bbox 1296 1359 1348 1442; x_wconf 88' lang='grc'><strong>69,</strong></span> <span class='ocrx_word' id='word_1_81' title='bbox 1375 1363 1423 1426; x_wconf 84' lang='grc'><strong>17.</strong></span> 
     </span>
     <span class='ocr_line' id='line_1_11' title="bbox 379 1447 1424 1555; baseline 0.001 -25"><span class='ocrx_word' id='word_1_82' title='bbox 379 1477 453 1532; x_wconf 86' lang='lat' dir='ltr'><strong>ante</strong></span> <span class='ocrx_word' id='word_1_83' title='bbox 468 1477 517 1532; x_wconf 78' lang='grc' dir='ltr'><strong>καί</strong></span> <span class='ocrx_word' id='word_1_84' title='bbox 534 1447 769 1540; x_wconf 56' lang='grc' dir='ltr'><strong>ΒᾹᾺᾸῚᾸᾺ</strong></span> <span class='ocrx_word' id='word_1_85' title='bbox 793 1469 896 1534; x_wconf 85' lang='lat' dir='ltr'><strong>addit:</strong></span> <span class='ocrx_word' id='word_1_86' title='bbox 914 1478 964 1534; x_wconf 76' lang='grc' dir='ltr'><strong>καὶ</strong></span> <span class='ocrx_word' id='word_1_87' title='bbox 978 1472 1140 1554; x_wconf 76' lang='grc' dir='ltr'><strong><em>μέμψεται.</em></strong></span> <span class='ocrx_word' id='word_1_88' title='bbox 1165 1491 1241 1534; x_wconf 86' lang='lat' dir='ltr'><strong>mox</strong></span> <span class='ocrx_word' id='word_1_89' title='bbox 1256 1476 1424 1555; x_wconf 68' lang='lat' dir='ltr'><strong>protestat.</strong></span> 
     </span>
     <span class='ocr_line' id='line_1_12' title="bbox 314 1574 747 1660; baseline 0.012 -24"><span class='ocrx_word' id='word_1_90' title='bbox 314 1582 352 1636; x_wconf 83' lang='lat'><strong>1⁵</strong></span> <span class='ocrx_word' id='word_1_91' title='bbox 378 1574 540 1660; x_wconf 82' lang='grc' dir='ltr'>βαπτίσμα</span> <span class='ocrx_word' id='word_1_92' title='bbox 558 1583 654 1651; x_wconf 65' lang='grc' dir='ltr'><em>αὐτῆς</em></span> <span class='ocrx_word' id='word_1_93' title='bbox 670 1578 747 1643; x_wconf 79' lang='grc' dir='ltr'><em>οἶδα.</em></span> 
     </span>
     <span class='ocr_line' id='line_1_13' title="bbox 315 1688 599 1757; baseline 0.021 -13"><span class='ocrx_word' id='word_1_94' title='bbox 315 1691 353 1744; x_wconf 87' lang='grc'><strong>17</strong></span> <span class='ocrx_word' id='word_1_95' title='bbox 380 1688 440 1749; x_wconf 77' lang='grc' dir='ltr'><strong>ἀπὸ</strong></span> <span class='ocrx_word' id='word_1_96' title='bbox 456 1703 599 1757; x_wconf 60' lang='lat' dir='ltr'><strong>oramen.</strong></span> 
     </span>
     <span class='ocr_line' id='line_1_14' title="bbox 313 1786 572 1864; baseline 0.019 -12"><span class='ocrx_word' id='word_1_97' title='bbox 313 1799 353 1853; x_wconf 83' lang='lat'><strong>20</strong></span> <span class='ocrx_word' id='word_1_98' title='bbox 379 1799 441 1858; x_wconf 80' lang='grc' dir='ltr'><strong>ἀπὸ</strong></span> <span class='ocrx_word' id='word_1_99' title='bbox 459 1786 572 1864; x_wconf 61' lang='lat' dir='ltr'><strong>’nabars</strong></span> 
     </span>
     <span class='ocr_line' id='line_1_15' title="bbox 312 1902 1427 1992; baseline 0.004 -29"><span class='ocrx_word' id='word_1_100' title='bbox 312 1909 353 1964; x_wconf 81' lang='lat'><strong>23</strong></span> <span class='ocrx_word' id='word_1_101' title='bbox 379 1903 613 1988; x_wconf 73' lang='grc' dir='ltr'>χλευαζέτωσαν</span> <span class='ocrx_word' id='word_1_102' title='bbox 626 1909 675 1988; x_wconf 82' lang='lat'><strong>-}-.</strong></span> <span class='ocrx_word' id='word_1_103' title='bbox 693 1904 995 1976; x_wconf 61' lang='lat' dir='ltr'><strong>msemiticum</strong></span> <span class='ocrx_word' id='word_1_104' title='bbox 1011 1925 1080 1968; x_wconf 88' lang='lat' dir='ltr'><strong>csse</strong></span> <span class='ocrx_word' id='word_1_105' title='bbox 1096 1926 1161 1968; x_wconf 91' lang='lat' dir='ltr'><strong>non</strong></span> <span class='ocrx_word' id='word_1_106' title='bbox 1178 1902 1284 1969; x_wconf 88' lang='lat' dir='ltr'><strong>credo.</strong></span> <span class='ocrx_word' id='word_1_107' title='bbox 1303 1903 1427 1992; x_wconf 79' lang='lat' dir='ltr'>persice</span> 
     </span>
     <span class='ocr_line' id='line_1_16' title="bbox 379 2018 1426 2111; baseline 0.002 -27"><span class='ocrx_word' id='word_1_108' title='bbox 379 2019 463 2084; x_wconf 87' lang='lat' dir='ltr'><strong>enim</strong></span> <span class='ocrx_word' id='word_1_109' title='bbox 483 2022 549 2084; x_wconf 62' lang='lat' dir='ltr'><strong>›Li-⁴</strong></span> <span class='ocrx_word' id='word_1_110' title='bbox 570 2020 748 2111; x_wconf 85' lang='lat' dir='ltr'><strong>(subrufus)</strong></span> <span class='ocrx_word' id='word_1_111' title='bbox 758 2033 790 2086; x_wconf 87' lang='lat' dir='ltr'><strong>et</strong></span> <span class='ocrx_word' id='word_1_112' title='bbox 802 2021 842 2086; x_wconf 88' lang='lat' dir='ltr'><strong>de</strong></span> <span class='ocrx_word' id='word_1_113' title='bbox 852 2022 947 2109; x_wconf 89' lang='lat' dir='ltr'><strong>vulpe</strong></span> <span class='ocrx_word' id='word_1_114' title='bbox 961 2018 1141 2111; x_wconf 52' lang='lat' dir='ltr'><strong>[mnan]</strong></span> <span class='ocrx_word' id='word_1_115' title='bbox 1152 2031 1183 2087; x_wconf 86' lang='lat' dir='ltr'><strong>et</strong></span> <span class='ocrx_word' id='word_1_116' title='bbox 1195 2021 1236 2087; x_wconf 88' lang='lat' dir='ltr'><strong>dc</strong></span> <span class='ocrx_word' id='word_1_117' title='bbox 1254 2043 1336 2109; x_wconf 88' lang='lat' dir='ltr'><strong>equo</strong></span> <span class='ocrx_word' id='word_1_118' title='bbox 1349 2020 1426 2086; x_wconf 91' lang='lat' dir='ltr'><strong>dici-</strong></span> 
     </span>
    </p>
   </div>
   <div class='ocr_carea' id='block_1_3' title="bbox 377 2138 1428 3092">
    <p class='ocr_par' dir='ltr' id='par_1_3' title="bbox 377 2138 1428 3092">
     <span class='ocr_line' id='line_1_17' title="bbox 378 2138 1425 2228; baseline 0.001 -27"><span class='ocrx_word' id='word_1_119' title='bbox 378 2148 439 2220; x_wconf 87' lang='lat' dir='ltr'><strong>tur,</strong></span> <span class='ocrx_word' id='word_1_120' title='bbox 458 2161 552 2225; x_wconf 85' lang='lat' dir='ltr'><strong>quam</strong></span> <span class='ocrx_word' id='word_1_121' title='bbox 569 2161 681 2204; x_wconf 87' lang='lat' dir='ltr'><strong>vocem</strong></span> <span class='ocrx_word' id='word_1_122' title='bbox 697 2139 860 2204; x_wconf 87' lang='lat' dir='ltr'><strong>littuanice</strong></span> <span class='ocrx_word' id='word_1_123' title='bbox 876 2140 1018 2227; x_wconf 79' lang='lat' dir='ltr'><strong>sywec&#39;da</strong></span> <span class='ocrx_word' id='word_1_124' title='bbox 1034 2139 1172 2228; x_wconf 85' lang='lat' dir='ltr'><strong>(vulpes)</strong></span> <span class='ocrx_word' id='word_1_125' title='bbox 1185 2141 1301 2204; x_wconf 87' lang='lat' dir='ltr'><strong>factam</strong></span> <span class='ocrx_word' id='word_1_126' title='bbox 1318 2138 1425 2204; x_wconf 86' lang='lat' dir='ltr'><strong>credo.</strong></span> 
     </span>
     <span class='ocr_line' id='line_1_18' title="bbox 378 2227 1426 2338; baseline 0.002 -28"><span class='ocrx_word' id='word_1_127' title='bbox 378 2244 546 2334; x_wconf 86' lang='lat' dir='ltr'><strong>[Nesselm.</strong></span> <span class='ocrx_word' id='word_1_128' title='bbox 563 2247 653 2338; x_wconf 83' lang='lat'>466.]</span> <span class='ocrx_word' id='word_1_129' title='bbox 678 2247 753 2312; x_wconf 85' lang='lat' dir='ltr'><strong>hinc</strong></span> <span class='ocrx_word' id='word_1_130' title='bbox 776 2227 892 2321; x_wconf 55' lang='grc' dir='ltr'><strong>υἷέ.</strong></span> <span class='ocrx_word' id='word_1_131' title='bbox 908 2251 1098 2326; x_wconf 78' lang='grc' dir='ltr'><strong>ἀλωπεκίζειν</strong></span> <span class='ocrx_word' id='word_1_132' title='bbox 1115 2248 1167 2312; x_wconf 89' lang='lat' dir='ltr'><strong>vel</strong></span> <span class='ocrx_word' id='word_1_133' title='bbox 1179 2248 1346 2335; x_wconf 80' lang='lat' dir='ltr'>vulpinari.</span> <span class='ocrx_word' id='word_1_134' title='bbox 1364 2251 1426 2313; x_wconf 84' lang='lat' dir='ltr'><strong>for·</strong></span> 
     </span>
     <span class='ocr_line' id='line_1_19' title="bbox 378 2355 1427 2443; baseline 0.001 -24"><span class='ocrx_word' id='word_1_135' title='bbox 378 2376 462 2420; x_wconf 88' lang='lat' dir='ltr'><strong>mam</strong></span> <span class='ocrx_word' id='word_1_136' title='bbox 485 2355 578 2419; x_wconf 92' lang='lat' dir='ltr'><strong>huius</strong></span> <span class='ocrx_word' id='word_1_137' title='bbox 598 2356 746 2421; x_wconf 82' lang='lat' dir='ltr'>vocabuli</span> <span class='ocrx_word' id='word_1_138' title='bbox 766 2357 884 2420; x_wconf 86' lang='lat' dir='ltr'><strong>aricam</strong></span> <span class='ocrx_word' id='word_1_139' title='bbox 905 2357 1035 2442; x_wconf 85' lang='lat' dir='ltr'><strong>antiquo</strong></span> <span class='ocrx_word' id='word_1_140' title='bbox 1060 2369 1204 2443; x_wconf 90' lang='lat' dir='ltr'><strong>tompore</strong></span> <span class='ocrx_word' id='word_1_141' title='bbox 1227 2357 1427 2443; x_wconf 76' lang='grc' dir='ltr'>Σκάμανδρος</span> 
     </span>
     <span class='ocr_line' id='line_1_20' title="bbox 378 2461 1427 2551; baseline 0.002 -26"><span class='ocrx_word' id='word_1_142' title='bbox 378 2461 473 2527; x_wconf 84' lang='lat' dir='ltr'><strong>fuisse</strong></span> <span class='ocrx_word' id='word_1_143' title='bbox 489 2462 633 2528; x_wconf 87' lang='lat' dir='ltr'><strong>videmus</strong></span> <span class='ocrx_word' id='word_1_144' title='bbox 645 2485 662 2528; x_wconf 88' lang='lat' dir='ltr'><strong>e</strong></span> <span class='ocrx_word' id='word_1_145' title='bbox 675 2464 804 2528; x_wconf 90' lang='lat' dir='ltr'><strong>nomine</strong></span> <span class='ocrx_word' id='word_1_146' title='bbox 820 2464 957 2528; x_wconf 89' lang='lat' dir='ltr'><strong>fluminis</strong></span> <span class='ocrx_word' id='word_1_147' title='bbox 973 2464 1057 2528; x_wconf 91' lang='lat' dir='ltr'><strong>illius</strong></span> <span class='ocrx_word' id='word_1_148' title='bbox 1069 2464 1194 2546; x_wconf 84' lang='lat' dir='ltr'><strong>troiani,</strong></span> <span class='ocrx_word' id='word_1_149' title='bbox 1207 2464 1293 2551; x_wconf 91' lang='lat' dir='ltr'><strong>quod</strong></span> <span class='ocrx_word' id='word_1_150' title='bbox 1310 2487 1427 2550; x_wconf 83' lang='lat' dir='ltr'><strong>graeca</strong></span> 
     </span>
     <span class='ocr_line' id='line_1_21' title="bbox 377 2570 1425 2662; baseline 0 -28"><span class='ocrx_word' id='word_1_151' title='bbox 377 2571 480 2634; x_wconf 82' lang='lat' dir='ltr'><strong>forma</strong></span> <span class='ocrx_word' id='word_1_152' title='bbox 496 2570 660 2636; x_wconf 83' lang='lat' dir='ltr'><strong>dicebatur</strong></span> <span class='ocrx_word' id='word_1_153' title='bbox 676 2571 803 2647; x_wconf 71' lang='grc' dir='ltr'><strong><em>Ξάνθος</em></strong></span> <span class='ocrx_word' id='word_1_154' title='bbox 820 2585 851 2637; x_wconf 92' lang='lat' dir='ltr'><strong>ct</strong></span> <span class='ocrx_word' id='word_1_155' title='bbox 867 2572 930 2638; x_wconf 87' lang='lat' dir='ltr'><strong>dici</strong></span> <span class='ocrx_word' id='word_1_156' title='bbox 946 2573 1040 2637; x_wconf 86' lang='lat' dir='ltr'><strong>etiam</strong></span> <span class='ocrx_word' id='word_1_157' title='bbox 1058 2571 1184 2648; x_wconf 71' lang='grc' dir='ltr'><em>Ξοῦθος</em></span> <span class='ocrx_word' id='word_1_158' title='bbox 1199 2583 1334 2662; x_wconf 87' lang='lat' dir='ltr'><strong>poterat.</strong></span> <span class='ocrx_word' id='word_1_159' title='bbox 1354 2595 1425 2636; x_wconf 85' lang='lat' dir='ltr'><strong>nam</strong></span> 
     </span>
     <span class='ocr_line' id='line_1_22' title="bbox 379 2677 1425 2770; baseline -0.003 -26"><span class='ocrx_word' id='word_1_160' title='bbox 379 2677 515 2756; x_wconf 72' lang='grc' dir='ltr'><strong>ξάνθοςτ</strong></span> <span class='ocrx_word' id='word_1_161' title='bbox 532 2678 645 2755; x_wconf 60' lang='lat' dir='ltr'><strong>eoscos</strong></span> <span class='ocrx_word' id='word_1_162' title='bbox 656 2712 693 2734; x_wconf 96' lang='lat'>=</span> <span class='ocrx_word' id='word_1_163' title='bbox 704 2698 807 2747; x_wconf 64' lang='lat' dir='ltr'><strong>affin</strong></span> <span class='ocrx_word' id='word_1_164' title='bbox 814 2681 984 2746; x_wconf 88' lang='lat' dir='ltr'><strong>Miklosich</strong></span> <span class='ocrx_word' id='word_1_165' title='bbox 996 2704 1027 2769; x_wconf 89' lang='lat' dir='ltr'><strong>p.</strong></span> <span class='ocrx_word' id='word_1_166' title='bbox 1039 2679 1132 2746; x_wconf 74' lang='lat'>5213:</span> <span class='ocrx_word' id='word_1_167' title='bbox 1149 2687 1227 2761; x_wconf 61' lang='lat' dir='ltr'><strong>sydus</strong></span> <span class='ocrx_word' id='word_1_168' title='bbox 1239 2713 1276 2736; x_wconf 94' lang='lat'>=</span> <span class='ocrx_word' id='word_1_169' title='bbox 1287 2689 1425 2770; x_wconf 72' lang='grc' dir='ltr'><strong>γομφίος.</strong></span> 
     </span>
     <span class='ocr_line' id='line_1_23' title="bbox 378 2785 1426 2886; baseline 0.001 -35"><span class='ocrx_word' id='word_1_170' title='bbox 378 2786 471 2851; x_wconf 84' lang='lat' dir='ltr'><strong>radix</strong></span> <span class='ocrx_word' id='word_1_171' title='bbox 493 2808 569 2852; x_wconf 88' lang='lat' dir='ltr'><strong>vcro</strong></span> <span class='ocrx_word' id='word_1_172' title='bbox 585 2788 638 2852; x_wconf 88' lang='lat' dir='ltr'><strong>vix</strong></span> <span class='ocrx_word' id='word_1_173' title='bbox 656 2788 718 2853; x_wconf 87' lang='lat' dir='ltr'><strong>alia</strong></span> <span class='ocrx_word' id='word_1_174' title='bbox 742 2809 812 2854; x_wconf 87' lang='lat' dir='ltr'><strong>esse</strong></span> <span class='ocrx_word' id='word_1_175' title='bbox 835 2801 940 2876; x_wconf 85' lang='lat' dir='ltr'><strong>potest</strong></span> <span class='ocrx_word' id='word_1_176' title='bbox 958 2813 995 2853; x_wconf 87' lang='lat' dir='ltr'><strong>ac</strong></span> <span class='ocrx_word' id='word_1_177' title='bbox 1009 2785 1101 2886; x_wconf 51' lang='grc' dir='ltr'><strong>ἦ,</strong></span> <span class='ocrx_word' id='word_1_178' title='bbox 1117 2800 1152 2853; x_wconf 87' lang='lat' dir='ltr'><strong>ut</strong></span> <span class='ocrx_word' id='word_1_179' title='bbox 1165 2789 1253 2854; x_wconf 91' lang='lat' dir='ltr'><strong>color</strong></span> <span class='ocrx_word' id='word_1_180' title='bbox 1268 2788 1426 2876; x_wconf 87' lang='lat' dir='ltr'><strong>significe-</strong></span> 
     </span>
     <span class='ocr_line' id='line_1_24' title="bbox 377 2896 1427 2983; baseline 0.002 -24"><span class='ocrx_word' id='word_1_181' title='bbox 377 2906 430 2959; x_wconf 87' lang='lat' dir='ltr'><strong>tur</strong></span> <span class='ocrx_word' id='word_1_182' title='bbox 442 2896 543 2983; x_wconf 85' lang='lat' dir='ltr'><strong>qualis</strong></span> <span class='ocrx_word' id='word_1_183' title='bbox 553 2906 657 2962; x_wconf 87' lang='lat' dir='ltr'><strong>terrae</strong></span> <span class='ocrx_word' id='word_1_184' title='bbox 669 2897 750 2962; x_wconf 87' lang='lat' dir='ltr'><strong>solet</strong></span> <span class='ocrx_word' id='word_1_185' title='bbox 765 2918 843 2961; x_wconf 86' lang='lat' dir='ltr'><strong>csso.</strong></span> <span class='ocrx_word' id='word_1_186' title='bbox 862 2897 1002 2962; x_wconf 87' lang='lat' dir='ltr'><strong>omniurn</strong></span> <span class='ocrx_word' id='word_1_187' title='bbox 1015 2919 1091 2962; x_wconf 82' lang='lat' dir='ltr'><strong>vero</strong></span> <span class='ocrx_word' id='word_1_188' title='bbox 1103 2898 1326 2983; x_wconf 83' lang='lat' dir='ltr'><strong>gravissimum</strong></span> <span class='ocrx_word' id='word_1_189' title='bbox 1341 2897 1427 2961; x_wconf 87' lang='lat' dir='ltr'><strong>vide-</strong></span> 
     </span>
     <span class='ocr_line' id='line_1_25' title="bbox 378 3002 1428 3092; baseline 0 -24"><span class='ocrx_word' id='word_1_190' title='bbox 378 3016 444 3088; x_wconf 87' lang='lat' dir='ltr'><strong>tur,</strong></span> <span class='ocrx_word' id='word_1_191' title='bbox 469 3005 553 3092; x_wconf 92' lang='lat' dir='ltr'><strong>quod</strong></span> <span class='ocrx_word' id='word_1_192' title='bbox 570 3004 691 3092; x_wconf 86' lang='lat' dir='ltr'>Apollo</span> <span class='ocrx_word' id='word_1_193' title='bbox 707 3002 899 3088; x_wconf 85' lang='lat' dir='ltr'><strong>Sminthius‚</strong></span> <span class='ocrx_word' id='word_1_194' title='bbox 925 3006 979 3092; x_wconf 93' lang='lat' dir='ltr'><strong>qui</strong></span> <span class='ocrx_word' id='word_1_195' title='bbox 994 3005 1110 3070; x_wconf 80' lang='lat' dir='ltr'><strong>Troiae</strong></span> <span class='ocrx_word' id='word_1_196' title='bbox 1127 3006 1305 3087; x_wconf 80' lang='lat' dir='ltr'><strong>colebatur,</strong></span> <span class='ocrx_word' id='word_1_197' title='bbox 1331 3027 1428 3091; x_wconf 89' lang='lat' dir='ltr'><strong>quum</strong></span> 
     </span>
    </p>
   </div>
   <div class='ocr_carea' id='block_1_4' title="bbox 383 3118 1427 3202">
    <p class='ocr_par' dir='ltr' id='par_1_4' title="bbox 383 3118 1427 3202">
     <span class='ocr_line' id='line_1_26' title="bbox 383 3118 1427 3202; baseline -0.001 -15"><span class='ocrx_word' id='word_1_198' title='bbox 383 3118 502 3187; x_wconf 85' lang='lat' dir='ltr'><strong>Graeci</strong></span> <span class='ocrx_word' id='word_1_199' title='bbox 523 3122 679 3188; x_wconf 87' lang='lat' dir='ltr'><strong>haberent</strong></span> <span class='ocrx_word' id='word_1_200' title='bbox 700 3123 816 3202; x_wconf 73' lang='grc' dir='ltr'><strong><em>ξανθὸν</em></strong></span> <span class='ocrx_word' id='word_1_201' title='bbox 835 3125 1027 3197; x_wconf 79' lang='grc' dir='ltr'><strong>Ἀπόλλωνα,</strong></span> <span class='ocrx_word' id='word_1_202' title='bbox 1050 3147 1069 3187; x_wconf 88' lang='lat' dir='ltr'><strong>a</strong></span> <span class='ocrx_word' id='word_1_203' title='bbox 1086 3123 1228 3186; x_wconf 89' lang='lat' dir='ltr'><strong>muribus</strong></span> <span class='ocrx_word' id='word_1_204' title='bbox 1244 3143 1360 3187; x_wconf 89' lang='lat' dir='ltr'><strong>nomen</strong></span> <span class='ocrx_word' id='word_1_205' title='bbox 1377 3145 1427 3186; x_wconf 87' lang='lat' dir='ltr'><strong>oc·</strong></span> 
     </span>
    </p>
   </div>
   <div class='ocr_carea' id='block_1_5' title="bbox 379 3227 1428 3798">
    <p class='ocr_par' dir='ltr' id='par_1_5' title="bbox 379 3227 1428 3798">
     <span class='ocr_line' id='line_1_27' title="bbox 379 3227 1427 3328; baseline 0.001 -24"><span class='ocrx_word' id='word_1_206' title='bbox 379 3240 501 3327; x_wconf 84' lang='lat' dir='ltr'><strong>cepisse</strong></span> <span class='ocrx_word' id='word_1_207' title='bbox 518 3239 651 3322; x_wconf 88' lang='lat' dir='ltr'><strong>dicitur,</strong></span> <span class='ocrx_word' id='word_1_208' title='bbox 670 3263 767 3326; x_wconf 90' lang='lat' dir='ltr'><strong>quum</strong></span> <span class='ocrx_word' id='word_1_209' title='bbox 787 3227 884 3321; x_wconf 46' lang='lat' dir='ltr'><strong>Aa?</strong></span> <span class='ocrx_word' id='word_1_210' title='bbox 902 3239 1068 3319; x_wconf 81' lang='lat' dir='ltr'><strong>Qazwinio</strong></span> <span class='ocrx_word' id='word_1_211' title='bbox 1091 3250 1171 3304; x_wconf 87' lang='lat' dir='ltr'><strong>teste</strong></span> <span class='ocrx_word' id='word_1_212' title='bbox 1195 3240 1332 3304; x_wconf 87' lang='lat' dir='ltr'><strong>murium</strong></span> <span class='ocrx_word' id='word_1_213' title='bbox 1356 3263 1427 3328; x_wconf 90' lang='lat' dir='ltr'><strong>spc-</strong></span> 
     </span>
     <span class='ocr_line' id='line_1_28' title="bbox 380 3355 1428 3447; baseline 0.005 -27"><span class='ocrx_word' id='word_1_214' title='bbox 380 3357 444 3421; x_wconf 89' lang='lat' dir='ltr'><strong>cies</strong></span> <span class='ocrx_word' id='word_1_215' title='bbox 460 3356 501 3421; x_wconf 88' lang='lat' dir='ltr'><strong>sit</strong></span> <span class='ocrx_word' id='word_1_216' title='bbox 517 3355 675 3446; x_wconf 84' lang='lat' dir='ltr'><strong>(Freytag</strong></span> <span class='ocrx_word' id='word_1_217' title='bbox 690 3358 752 3423; x_wconf 89' lang='lat' dir='ltr'><strong>Iex.</strong></span> <span class='ocrx_word' id='word_1_218' title='bbox 766 3360 853 3423; x_wconf 87' lang='lat' dir='ltr'><strong>arab.</strong></span> <span class='ocrx_word' id='word_1_219' title='bbox 872 3357 908 3422; x_wconf 89' lang='lat' dir='ltr'>H</span> <span class='ocrx_word' id='word_1_220' title='bbox 926 3380 957 3445; x_wconf 88' lang='lat' dir='ltr'><strong>p.</strong></span> <span class='ocrx_word' id='word_1_221' title='bbox 972 3359 1037 3423; x_wconf 84' lang='lat'><strong>358</strong></span> <span class='ocrx_word' id='word_1_222' title='bbox 1054 3357 1100 3447; x_wconf 89' lang='lat' dir='ltr'><strong>A)</strong></span> <span class='ocrx_word' id='word_1_223' title='bbox 1118 3370 1150 3423; x_wconf 92' lang='lat' dir='ltr'><strong>ct</strong></span> <span class='ocrx_word' id='word_1_224' title='bbox 1165 3359 1310 3443; x_wconf 64' lang='grc' dir='ltr'>Σμίνθιος</span> <span class='ocrx_word' id='word_1_225' title='bbox 1327 3360 1428 3446; x_wconf 88' lang='lat' dir='ltr'><strong>possit</strong></span> 
     </span>
     <span class='ocr_line' id='line_1_29' title="bbox 381 3472 1428 3575; baseline 0.003 -38"><span class='ocrx_word' id='word_1_226' title='bbox 381 3474 534 3562; x_wconf 85' lang='lat' dir='ltr'><strong>explicari</strong></span> <span class='ocrx_word' id='word_1_227' title='bbox 558 3496 576 3540; x_wconf 89' lang='lat' dir='ltr'><strong>e</strong></span> <span class='ocrx_word' id='word_1_228' title='bbox 600 3475 740 3540; x_wconf 87' lang='lat' dir='ltr'><strong>bactrico</strong></span> <span class='ocrx_word' id='word_1_229' title='bbox 764 3489 804 3540; x_wconf 68' lang='lat' dir='ltr'><strong>act</strong></span> <span class='ocrx_word' id='word_1_230' title='bbox 825 3525 832 3556; x_wconf 92' lang='lat'>,</span> <span class='ocrx_word' id='word_1_231' title='bbox 857 3475 982 3564; x_wconf 88' lang='lat' dir='ltr'><strong>persico</strong></span> <span class='ocrx_word' id='word_1_232' title='bbox 998 3463 1094 3567; x_wconf 60' lang='grc' dir='ltr'><strong>(Μ’,</strong></span> <span class='ocrx_word' id='word_1_233' title='bbox 1122 3474 1229 3540; x_wconf 88' lang='lat' dir='ltr'><strong>indico</strong></span> <span class='ocrx_word' id='word_1_234' title='bbox 1251 3472 1329 3540; x_wconf 63' lang='lat' dir='ltr'><strong>W</strong></span> <span class='ocrx_word' id='word_1_235' title='bbox 1349 3474 1428 3575; x_wconf 50' lang='lat' dir='ltr'>ss</span> 
     </span>
     <span class='ocr_line' id='line_1_30' title="bbox 380 3591 1427 3681; baseline 0.001 -24"><span class='ocrx_word' id='word_1_236' title='bbox 380 3603 466 3657; x_wconf 88' lang='lat' dir='ltr'><strong>terra</strong></span> <span class='ocrx_word' id='word_1_237' title='bbox 488 3591 541 3681; x_wconf 84' lang='lat' dir='ltr'><strong>(of.</strong></span> <span class='ocrx_word' id='word_1_238' title='bbox 558 3605 687 3680; x_wconf 86' lang='lat' dir='ltr'><strong>practer</strong></span> <span class='ocrx_word' id='word_1_239' title='bbox 702 3595 796 3680; x_wconf 68' lang='grc' dir='ltr'><strong>χθὼν</strong></span> <span class='ocrx_word' id='word_1_240' title='bbox 813 3603 844 3657; x_wconf 91' lang='lat' dir='ltr'><strong>et</strong></span> <span class='ocrx_word' id='word_1_241' title='bbox 860 3594 1052 3680; x_wconf 72' lang='grc' dir='ltr'>χθαμ-αλός</span> <span class='ocrx_word' id='word_1_242' title='bbox 1074 3593 1169 3658; x_wconf 87' lang='lat' dir='ltr'><strong>etiam</strong></span> <span class='ocrx_word' id='word_1_243' title='bbox 1186 3593 1376 3679; x_wconf 65' lang='grc' dir='ltr'>ψάμαθοςῗ)</span> <span class='ocrx_word' id='word_1_244' title='bbox 1395 3605 1427 3659; x_wconf 86' lang='lat' dir='ltr'><strong>et</strong></span> 
     </span>
     <span class='ocr_line' id='line_1_31' title="bbox 381 3707 1424 3798; baseline 0.004 -25"><span class='ocrx_word' id='word_1_245' title='bbox 381 3708 488 3774; x_wconf 86' lang='lat' dir='ltr'><strong>radice</strong></span> <span class='ocrx_word' id='word_1_246' title='bbox 503 3707 549 3773; x_wconf 71' lang='lat' dir='ltr'><strong>tn</strong></span> <span class='ocrx_word' id='word_1_247' title='bbox 561 3713 726 3775; x_wconf 69' lang='grc' dir='ltr'><strong><em>τι-θέ-ναι.</em></strong></span> <span class='ocrx_word' id='word_1_248' title='bbox 755 3710 789 3774; x_wconf 93' lang='lat' dir='ltr'><strong>in</strong></span> <span class='ocrx_word' id='word_1_249' title='bbox 811 3709 922 3798; x_wconf 85' lang='lat' dir='ltr'><strong>lingua</strong></span> <span class='ocrx_word' id='word_1_250' title='bbox 945 3712 1106 3776; x_wconf 89' lang='lat' dir='ltr'><strong>armenica</strong></span> <span class='ocrx_word' id='word_1_251' title='bbox 1123 3719 1243 3796; x_wconf 52' lang='grc' dir='ltr'><strong>,φώρ</strong></span> <span class='ocrx_word' id='word_1_252' title='bbox 1261 3725 1308 3776; x_wconf 90' lang='lat' dir='ltr'><strong>est</strong></span> <span class='ocrx_word' id='word_1_253' title='bbox 1330 3723 1424 3795; x_wconf 86' lang='lat' dir='ltr'><strong>terra,</strong></span> 
     </span>
    </p>
   </div>
   <div class='ocr_carea' id='block_1_6' title="bbox 374 3825 1433 4154">
    <p class='ocr_par' dir='ltr' id='par_1_6' title="bbox 374 3825 1433 4154">
     <span class='ocr_line' id='line_1_32' title="bbox 374 3825 1428 3919; baseline 0.005 -28"><span class='ocrx_word' id='word_1_254' title='bbox 374 3833 569 3912; x_wconf 64' lang='lat' dir='ltr'><strong>pwswdrta</strong></span> <span class='ocrx_word' id='word_1_255' title='bbox 591 3843 736 3917; x_wconf 79' lang='grc' dir='ltr'><em>χερσαῖος</em></span> <span class='ocrx_word' id='word_1_256' title='bbox 761 3825 837 3916; x_wconf 88' lang='lat' dir='ltr'><strong>Sap.</strong></span> <span class='ocrx_word' id='word_1_257' title='bbox 864 3829 919 3892; x_wconf 88' lang='lat' dir='ltr'><strong>xix</strong></span> <span class='ocrx_word' id='word_1_258' title='bbox 946 3830 996 3911; x_wconf 88' lang='lat'><strong>18,</strong></span> <span class='ocrx_word' id='word_1_259' title='bbox 1016 3835 1200 3914; x_wconf 50' lang='lat' dir='ltr'><strong>amaraphal</strong></span> <span class='ocrx_word' id='word_1_260' title='bbox 1219 3830 1311 3917; x_wconf 79' lang='grc' dir='ltr'><strong><em>ξηρός</em></strong></span> <span class='ocrx_word' id='word_1_261' title='bbox 1328 3830 1428 3919; x_wconf 88' lang='lat' dir='ltr'><strong>(quod</strong></span> 
     </span>
     <span class='ocr_line' id='line_1_33' title="bbox 379 3945 1433 4035; baseline 0.013 -28"><span class='ocrx_word' id='word_1_262' title='bbox 379 3946 571 4012; x_wconf 83' lang='lat' dir='ltr'><strong>vocabulum</strong></span> <span class='ocrx_word' id='word_1_263' title='bbox 583 3969 734 4034; x_wconf 83' lang='lat' dir='ltr'><strong>graccum</strong></span> <span class='ocrx_word' id='word_1_264' title='bbox 746 3945 833 4010; x_wconf 89' lang='lat' dir='ltr'><strong>haud</strong></span> <span class='ocrx_word' id='word_1_265' title='bbox 846 3945 911 4012; x_wconf 86' lang='lat' dir='ltr'><strong>scio</strong></span> <span class='ocrx_word' id='word_1_266' title='bbox 924 3971 962 4010; x_wconf 89' lang='lat' dir='ltr'><strong>an</strong></span> <span class='ocrx_word' id='word_1_267' title='bbox 976 3946 1018 4011; x_wconf 89' lang='lat' dir='ltr'><strong>ad</strong></span> <span class='ocrx_word' id='word_1_268' title='bbox 1029 3947 1122 4025; x_wconf 83' lang='grc' dir='ltr'>ξαίνω</span> <span class='ocrx_word' id='word_1_269' title='bbox 1135 3948 1269 4035; x_wconf 84' lang='lat' dir='ltr'><strong>redcat),</strong></span> <span class='ocrx_word' id='word_1_270' title='bbox 1281 3955 1433 4033; x_wconf 54' lang='lat' dir='ltr'><strong>admeti</strong></span> 
     </span>
     <span class='ocr_line' id='line_1_34' title="bbox 379 4063 1428 4154; baseline 0.005 -29"><span class='ocrx_word' id='word_1_271' title='bbox 379 4063 793 4151; x_wconf 63' lang='lat' dir='ltr'><strong>popovarMatth.niv12.</strong></span> <span class='ocrx_word' id='word_1_272' title='bbox 813 4064 917 4154; x_wconf 65' lang='lat' dir='ltr'><strong>[hptfip</strong></span> <span class='ocrx_word' id='word_1_273' title='bbox 931 4089 994 4130; x_wconf 90' lang='lat' dir='ltr'><strong>nou</strong></span> <span class='ocrx_word' id='word_1_274' title='bbox 1011 4065 1121 4130; x_wconf 84' lang='lat' dir='ltr'><strong>dubito</strong></span> <span class='ocrx_word' id='word_1_275' title='bbox 1140 4065 1215 4152; x_wconf 85' lang='lat' dir='ltr'><strong>quin</strong></span> <span class='ocrx_word' id='word_1_276' title='bbox 1232 4067 1428 4153; x_wconf 77' lang='lat' dir='ltr'><strong>assyriorum</strong></span> 
     </span>
    </p>
   </div>
   <div class='ocr_carea' id='block_1_7' title="bbox 379 4181 1428 4597">
    <p class='ocr_par' dir='ltr' id='par_1_7' title="bbox 379 4181 1428 4597">
     <span class='ocr_line' id='line_1_35' title="bbox 379 4181 1428 4280; baseline 0 -34"><span class='ocrx_word' id='word_1_277' title='bbox 379 4183 429 4264; x_wconf 89' lang='lat' dir='ltr'><strong>sit,</strong></span> <span class='ocrx_word' id='word_1_278' title='bbox 443 4183 562 4247; x_wconf 87' lang='lat' dir='ltr'><strong>dictum</strong></span> <span class='ocrx_word' id='word_1_279' title='bbox 576 4203 617 4246; x_wconf 87' lang='lat' dir='ltr'><strong>ex</strong></span> <span class='ocrx_word' id='word_1_280' title='bbox 629 4185 749 4280; x_wconf 45' lang='lat' dir='ltr'><strong>&#39;supp</strong></span> <span class='ocrx_word' id='word_1_281' title='bbox 772 4195 888 4248; x_wconf 81' lang='lat' dir='ltr'><strong>terram</strong></span> <span class='ocrx_word' id='word_1_282' title='bbox 903 4183 1062 4271; x_wconf 85' lang='lat' dir='ltr'><strong>assyriacc</strong></span> <span class='ocrx_word' id='word_1_283' title='bbox 1079 4201 1136 4274; x_wconf 64' lang='lat' dir='ltr'><strong>apr</strong></span> <span class='ocrx_word' id='word_1_284' title='bbox 1149 4181 1212 4247; x_wconf 87' lang='lat' dir='ltr'><strong>dici</strong></span> <span class='ocrx_word' id='word_1_285' title='bbox 1224 4183 1250 4248; x_wconf 94' lang='grc' dir='ltr'><strong>Ι.</strong></span> <span class='ocrx_word' id='word_1_286' title='bbox 1265 4181 1428 4272; x_wconf 77' lang='lat' dir='ltr'><strong>Opportus</strong></span> 
     </span>
     <span class='ocr_line' id='line_1_36' title="bbox 380 4286 1427 4378; baseline -0.002 -22"><span class='ocrx_word' id='word_1_287' title='bbox 380 4301 569 4356; x_wconf 87' lang='lat' dir='ltr'><strong>auctorest.</strong></span> <span class='ocrx_word' id='word_1_288' title='bbox 593 4295 695 4356; x_wconf 85' lang='lat' dir='ltr'><strong>forma</strong></span> <span class='ocrx_word' id='word_1_289' title='bbox 719 4286 836 4365; x_wconf 58' lang='lat' dir='ltr'><strong>Sabou:</strong></span> <span class='ocrx_word' id='word_1_290' title='bbox 863 4293 900 4354; x_wconf 80' lang='lat' dir='ltr'><strong>of.</strong></span> <span class='ocrx_word' id='word_1_291' title='bbox 918 4289 1030 4362; x_wconf 66' lang='lat' dir='ltr'><strong>‘uiuat</strong></span> <span class='ocrx_word' id='word_1_292' title='bbox 1047 4291 1202 4378; x_wconf 86' lang='lat' dir='ltr'><strong>splendor</strong></span> <span class='ocrx_word' id='word_1_293' title='bbox 1224 4293 1346 4357; x_wconf 82' lang='lat' dir='ltr'><strong>Athon.</strong></span> <span class='ocrx_word' id='word_1_294' title='bbox 1371 4294 1427 4358; x_wconf 72' lang='lat'><strong>36,</strong></span> 
     </span>
     <span class='ocr_line' id='line_1_37' title="bbox 380 4399 1424 4489; baseline 0 -25"><span class='ocrx_word' id='word_1_295' title='bbox 380 4401 438 4466; x_wconf 79' lang='lat'><strong>25:</strong></span> <span class='ocrx_word' id='word_1_296' title='bbox 457 4404 601 4473; x_wconf 54' lang='lat' dir='ltr'><strong>’&#39;sah-2</strong></span> <span class='ocrx_word' id='word_1_297' title='bbox 614 4405 759 4488; x_wconf 74' lang='grc' dir='ltr'><strong>ἀγελαῖος</strong></span> <span class='ocrx_word' id='word_1_298' title='bbox 772 4401 887 4464; x_wconf 83' lang='lat' dir='ltr'><strong>Eusob.</strong></span> <span class='ocrx_word' id='word_1_299' title='bbox 904 4399 1032 4487; x_wconf 84' lang='lat' dir='ltr'><strong>theoph.</strong></span> <span class='ocrx_word' id='word_1_300' title='bbox 1051 4425 1064 4464; x_wconf 84' lang='grc' dir='ltr'>ε</span> <span class='ocrx_word' id='word_1_301' title='bbox 1081 4401 1116 4464; x_wconf 80' lang='lat'><strong>2:</strong></span> <span class='ocrx_word' id='word_1_302' title='bbox 1134 4403 1298 4489; x_wconf 63' lang='grc' dir='ltr'><strong>θηριώδης</strong></span> <span class='ocrx_word' id='word_1_303' title='bbox 1310 4402 1352 4465; x_wconf 87' lang='lat' dir='ltr'><strong>ib.</strong></span> <span class='ocrx_word' id='word_1_304' title='bbox 1367 4427 1380 4466; x_wconf 87' lang='grc' dir='ltr'><strong><em>ε</em></strong></span> <span class='ocrx_word' id='word_1_305' title='bbox 1394 4405 1424 4466; x_wconf 79' lang='grc'><strong>4.</strong></span> 
     </span>
     <span class='ocr_line' id='line_1_38' title="bbox 383 4507 1425 4597; baseline 0.002 -25"><span class='ocrx_word' id='word_1_306' title='bbox 383 4511 432 4573; x_wconf 76' lang='grc'><strong>17.</strong></span> <span class='ocrx_word' id='word_1_307' title='bbox 459 4523 613 4597; x_wconf 86' lang='lat' dir='ltr'><strong>cognatae</strong></span> <span class='ocrx_word' id='word_1_308' title='bbox 642 4513 764 4574; x_wconf 80' lang='lat' dir='ltr'><strong>forruoc</strong></span> <span class='ocrx_word' id='word_1_309' title='bbox 791 4520 951 4576; x_wconf 60' lang='lat' dir='ltr'><strong>mm</strong></span> <span class='ocrx_word' id='word_1_310' title='bbox 975 4511 1126 4597; x_wconf 70' lang='grc' dir='ltr'><strong><em>ψαθαρὸς</em></strong></span> <span class='ocrx_word' id='word_1_311' title='bbox 1150 4507 1298 4597; x_wconf 86' lang='lat' dir='ltr'><strong>Geopou.</strong></span> <span class='ocrx_word' id='word_1_312' title='bbox 1322 4511 1344 4595; x_wconf 87' lang='grc' dir='ltr'><em>β</em></span> <span class='ocrx_word' id='word_1_313' title='bbox 1369 4511 1425 4574; x_wconf 83' lang='lat'><strong>25:</strong></span> 
     </span>
    </p>
   </div>
   <div class='ocr_carea' id='block_1_8' title="bbox 0 0 1566 4980">
    <p class='ocr_par' dir='ltr' id='par_1_8' title="bbox 0 0 1566 4980">
     <span class='ocr_line' id='line_1_39' title="bbox 0 0 1566 4980; baseline 0 0"><span class='ocrx_word' id='word_1_314' title='bbox 0 0 1566 4980; x_wconf 95' lang='lat' dir='ltr'><strong> </strong></span> 
     </span>
    </p>
   </div>
  </div>
 </body>
</html>
