3128 4972
644 457 861 519 ..47-

139 622 265 706 igitur,
296 621 450 687 dilucidis
476 623 617 688 fontium
640 625 858 690 relationibus
881 625 991 690 refelli
1019 625 1054 690 id
1076 625 1164 708 quod
1187 625 1353 704 Wnrrznn,

142 744 277 822 Suam,
312 741 369 806 alii
396 751 603 823 statuerunt,
635 744 943 829 quartodecimanos
972 745 1047 810 illos
1076 746 1117 809 ab
1147 744 1352 828 Apolinario,

143 862 337 941 Clemente,
372 863 559 948 Hippolyto
593 864 806 949 impugnatos
841 865 941 930 fuisse
975 864 1124 928 homines
1156 864 1352 943 haereticos,

144 1005 230 1066 quos
258 982 345 1046 inter
372 990 473 1067 atque
497 984 679 1049 catholicas
704 985 804 1050 Asiae
833 985 989 1050 ecelesias
1017 993 1170 1050 accurate
1195 995 1283 1048 esset
1306 983 1355 1048 di-

144 1102 397 1186 stinguendum.
443 1105 516 1168 Imo
549 1127 590 1168 ax
621 1105 759 1170 Eusebii
791 1106 899 1170 verbis
931 1115 1084 1190 apparet,
1118 1105 1251 1170 eosdem
1283 1125 1354 1168 esse

144 1226 208 1288 hos
233 1231 333 1308 atque
356 1223 445 1286 illos.

233 1465 309 1529 Jam
333 1486 410 1528 vero
428 1464 606 1548 quaeritur,
632 1466 829 1550 quibusnam
852 1464 1057 1550 argumentis
1081 1465 1130 1530 illi
1154 1464 1352 1530 sententiam

145 1607 241 1648 suam
264 1583 455 1649 munierint.
502 1585 627 1650 Diount
650 1593 772 1665 autem,
797 1586 939 1650 Asianas
963 1585 1094 1669 quidem
1118 1585 1286 1663 eeclesias,
1313 1583 1354 1648 de

147 1705 269 1788 quibus
299 1704 463 1768 Eusebius
492 1703 526 1767 in
554 1704 694 1770 historia
722 1705 949 1770 ecclesiastiea
976 1693 1114 1784 referat,
1151 1705 1238 1768 diem
1267 1703 1354 1768 deoi-

146 1847 238 1888 mum
249 1831 404 1908 quartum
415 1825 600 1889 celebrasse
616 1824 649 1888 in
660 1826 851 1890 memoriam
864 1849 894 1888 m
903 1849 921 1888 o
930 1825 1006 1890 rtis
1018 1825 1143 1889 Christi
1151 1849 1160 1901 ;
1179 1825 1354 1908 quartode-

146 1944 295 2009 cimanos
319 1951 442 2023 autem,
467 1967 549 2027 quos
566 1945 778 2029 Apolinarius
800 1952 835 2010 st
851 1945 952 2009 ceteri
976 1944 1253 2030 impugnaverint,
1276 1967 1353 2010 oon-

146 2064 313 2144 tendisse,
337 2063 518 2128 Dominum
542 2063 593 2128 die
618 2065 745 2129 decimo
770 2073 887 2148 quarto
911 2067 1034 2149 paseha
1057 2066 1241 2130 celebrasse
1265 2088 1355 2128 eum·

148 2207 211 2268 que
244 2207 262 2249 e
297 2184 365 2248 vita
399 2207 568 2268 egressum
605 2206 677 2250 esse
715 2185 767 2249 die
805 2185 933 2250 decimo
972 2185 1098 2269 quinto.
1155 2185 1264 2248 Quare
1302 2185 1354 2248 die

148 2313 267 2389 quarto
293 2304 420 2369 decimo
450 2303 584 2369 minime
612 2306 745 2370 eosdem
775 2327 874 2389 agere
903 2305 1051 2389 potuisse
1081 2305 1196 2369 mortis
1220 2304 1355 2368 Domini

148 2424 352 2489 memoriam.
389 2424 483 2489 Unde
501 2433 652 2509 apertum
669 2446 751 2504 esse,
771 2427 830 2489 hos
847 2426 888 2489 ab
905 2424 971 2488 illis
988 2426 1086 2510 plane
1103 2446 1174 2488 esse
1191 2423 1350 2489 diversos.

150 2545 226 2609 Qua
252 2544 286 2608 in
314 2566 348 2608 re
377 2545 440 2608 hoo
471 2545 604 2628 quidem
632 2568 745 2610 verum
774 2553 840 2624 est,
872 2545 1179 2629 quartodecimanos
1208 2545 1283 2609 illos
1313 2547 1353 2608 ab

152 2663 346 2748 Apolinarlo
376 2664 559 2748 ceterisque
591 2665 804 2751 impugnatos
837 2666 1059 2744 existimasse,
1089 2665 1268 2730 Dominum
1301 2665 1353 2728 die

152 2793 269 2869 quarto
286 2783 414 2849 decimo
432 2806 567 2849 coenam
583 2807 675 2850 suam
692 2785 816 2868 egisse3
838 2785 885 2849 ita
901 2795 949 2865 ut,
968 2785 996 2850 si
1013 2785 1128 2850 Asiani
1144 2785 1353 2863 statuissent,

151 2905 331 2969 Dominum
354 2907 418 2969 hoe
441 2905 493 2970 die
523 2911 690 2969 mortuum
719 2927 808 2985 esse,
838 2928 917 2970 sans
945 2906 1032 2971 inter
1060 2908 1121 2970 hos
1149 2915 1249 2990 atque
1278 2905 1354 2969 illos

152 3033 240 3090 esset
264 3024 548 3108 distinguendum.
595 3026 661 3090 Sed
684 3026 718 3090 id
741 3025 864 3111 ipsum,
896 3025 1053 3090 statuisse
1078 3024 1234 3090 ecelesias
1258 3024 1354 3088 Asia·

152 3167 220 3223 nas,
241 3143 421 3208 Dominum
444 3145 497 3210 die
521 3154 639 3230 quarto
659 3145 787 3211 deoimo
807 3155 973 3209 mortuum
997 3167 1080 3222 esse,
1107 3144 1248 3208 fontium
1271 3143 1354 3207 loeis

152 3263 285 3328 minime
316 3273 430 3349 potest
458 3265 654 3330 confirmari.
702 3269 912 3350 Argumenta
943 3265 1043 3343 enim,
1077 3286 1160 3348 quae
1188 3263 1352 3342 Wurrzun,

153 3385 276 3464 Suam,
301 3383 359 3448 alii
381 3387 577 3465 attuleruut,
602 3387 700 3470 plane
724 3386 847 3450 nullius
871 3385 1030 3449 momenti
1054 3394 1142 3448 sunt.

237 3508 268 3569 1.
302 3507 415 3589 Atque
447 3506 603 3569 Wurrznn
634 3506 765 3590 quidem
799 3504 926 3569 monuit
939 3509 960 3584 ²,
1000 3505 1198 3570 Asianorum
1232 3505 1355 3589 paseha

154 3623 252 3690 luisse
275 3625 420 3690 Eusebio
444 3627 601 3690 auotore’
625 3626 725 3707 πάσχα
743 3621 888 3706 σωτήριον,
911 3627 945 3690 h.
964 3647 993 3690 e.
1017 3627 1141 3709 paseha
1157 3624 1353 3700 Servatoris,

153 3745 206 3808 vel
228 3746 317 3830 quod
340 3744 374 3810 in
390 3747 574 3810 Servatoris
598 3747 786 3810 memoriam
811 3746 1015 3811 celebratum
1035 3733 1089 3824 sit,
1109 3748 1233 3831 paseha
1251 3743 1354 3828 igitur

154 3887 240 3929 mere
272 3865 501 3930 christianum.
548 3867 621 3931 Hoo
650 3874 761 3930 autem
790 3869 872 3930 haee
904 3866 970 3930 duo
1002 3867 1111 3930 solum
1140 3865 1354 3950 eomprehen-

155 3984 245 4064 dere,
271 3994 306 4049 et
330 3995 499 4051 mortem
523 3994 557 4051 et
580 3987 923 4051 resurreetionem
950 3985 1086 4051 Christi.
1134 3986 1216 4049 Cum
1242 3992 1355 4048 autem

240 4262 249 4293 ¹
274 4261 336 4325 Die
351 4261 468 4324 christi.
487 4261 615 4346 Par-tas.
633 4287 663 4345 p.
681 4269 741 4326 105
757 4287 834 4345 sqq.,
850 4266 938 4343 impr.
955 4286 984 4344 p.
1002 4268 1073 4324 109.

240 4347 250 4378 ²
274 4355 315 4411 u.
332 4354 368 4412 a.
385 4355 421 4426 v,
438 4355 488 4426 ns,
506 4355 533 4412 1.
