2998 4972
285 391 348 458 256
1332 406 1352 460 η
1371 389 1402 443 λλ

284 553 350 639 γάρ
377 549 422 619 ἀν
447 555 583 638 ἐσθίητε
609 552 670 618 τδυ
694 550 798 638 ἀρτον
822 559 944 621 τοῦτον
967 554 1025 622 καὶ
1047 554 1086 620 τὸ
1111 555 1274 643 ποτήριον
1301 561 1403 624 τοῦτο

285 659 414 741 πίνητε,
433 653 492 722 τὸν
511 655 666 722 θάνατον
679 653 739 720 τὸν
759 654 841 740 ἐμὸν
857 657 1107 741 καταγγέλλετε,
1131 655 1224 744 άχρις
1238 653 1284 724 ἀν
1299 663 1401 725 ἔλθω.

284 759 488 843 μεμνημένοι
500 763 619 824 τοίνυν
631 760 692 823 τοῦ
705 757 839 835 πάθους
851 753 957 824 αὐτοῦ
968 759 1024 826 καί
1036 763 1097 826 τοῦ
1107 759 1263 826 θανάτου
1275 759 1334 825 καί
1346 763 1404 844 τῆς

284 857 527 936 *ἀναστάσεως
543 858 600 926 καὶ
615 863 674 944 τῆς
690 861 737 936 είς
749 857 916 945 ούρανοῦς
931 859 1102 927 ἐπανόδου
1113 859 1169 926 καὶ
1185 865 1244 946 τῆς
1256 863 1403 945 μελλού

250 977 267 1028 ο
285 976 346 1044 σης
364 958 469 1026 αὐτοῦ
483 961 642 1044 δευτέρας
653 966 850 1047 παρουσίας,
868 960 908 1027 ἑν
924 951 947 1047 ᾗ
963 965 1092 1047 ἔρχεται
1108 963 1126 1002 *
1141 974 1255 1048 κρίναι
1278 967 1404 1043 ζιντας

283 1062 342 1128 καλ
353 1060 496 1146 νεκρούς
515 1062 571 1128 καλ
587 1061 777 1130 ἀποδοῦναι
791 1062 920 1150 ἑκάστῳ
933 1063 1018 1129 κατά
1031 1063 1073 1130 τά
1086 1067 1168 1149 ἔργα
1181 1062 1301 1148 αὐτοῦ,
1318 1087 1403 1147 προ-

285 1165 454 1248 σφέρομέν
471 1181 535 1247 σοι,
556 1168 604 1252 τῷ
623 1168 758 1249 βασιλεῖ
771 1165 828 1232 καὶ
840 1168 924 1252 θεῷ,
947 1164 1031 1232 κατά
1046 1163 1109 1250 τὴν
1123 1164 1228 1232 αὐτοῦ
1247 1167 1402 1245 διάταξιν

283 1262 344 1330 τὸν
362 1262 466 1349 ἄρτον
483 1271 605 1332 τοῦτον
624 1265 681 1332 καὶ
699 1266 738 1332 τὸ
751 1267 913 1352 ποτήριον
929 1271 1041 1350 τοῦτο,
1057 1264 1334 1353 εύχαριστοῦυτές
1350 1287 1404 1334 σοι

285 1365 330 1430 δι’
351 1363 457 1432 αύτοῦ
478 1366 535 1452 ἐφ’
556 1359 606 1444 οἷς
621 1369 825 1453 κατηξίωσας
844 1364 931 1453 ἡμᾶς
948 1367 1083 1434 ἑστάναι
1099 1369 1247 1436 ἐνάπιύν
1265 1389 1332 1436 σου
1348 1369 1403 1434 καλ

234 1481 267 1536 10
286 1468 471 1552 ἱερατεύειν
488 1485 555 1534 σοι·
576 1469 632 1536 καλ
651 1467 809 1554 ἀξιοῦμέν
828 1487 865 1536 σε
881 1468 971 1548 ὅπως
982 1467 1130 1555 εύμενῦς
1148 1471 1333 1557 ἐπιβλέυης
1347 1469 1402 1536 ἐκλ

284 1567 324 1635 τά
352 1575 557 1657 προκείμενα
586 1572 680 1656 δοῦρα
708 1576 813 1637 ταῦτα
841 1571 988 1639 ἐνύπιύν
1015 1589 1095 1654 σου,
1121 1571 1166 1639 σύ
1191 1569 1211 1638 δ
1238 1571 1403 1658 ἀνενδεὴς

282 1673 374 1756 θεός,
396 1673 454 1739 καλ
476 1671 661 1759 εύδοκήσης
688 1673 744 1739 ἐπ’
768 1671 882 1751 αὐτοῖς
910 1677 957 1750 είς
976 1676 1076 1758 τιμὴν
1094 1678 1155 1740 τοῦ
1175 1679 1317 1759 χριστοῦ
1338 1692 1402 1740 σου

284 1774 341 1840 καὶ
361 1777 577 1862 καταπέμύης
597 1774 634 1840 τὰ
657 1772 753 1860 ἅγιόν
775 1795 838 1842 σου
860 1780 992 1862 πνεῦμα
1011 1775 1067 1842 ἐπὶ
1087 1773 1151 1861 την
1168 1781 1302 1842 θυσίαν
1319 1775 1401 1842 ταύ-

283 1899 358 1960 την,
378 1874 438 1941 τὸν
454 1876 609 1962 μάρτυρα
630 1878 699 1944 τῦυ
721 1877 931 1964 παθημάτων
948 1881 1009 1944 τοῦ
1027 1883 1149 1964 κυρίου
1165 1875 1287 1962 Ἰησοῦ,
1313 1876 1403 1956 ὅπως

235 1993 266 2043 ιο
283 1974 445 2062 ἀποφήνῃ
466 1976 527 2044 τὸν
548 1977 652 2062 ἀρτον
672 1983 793 2046 τοῦτον
825 1985 920 2065 σῦμα
942 1985 1004 2046 τοῦ
1028 1983 1167 2066 χριστοῦ
1189 1996 1254 2045 σου
1284 1979 1342 2046 καλ
1363 1977 1403 2044 τὸ

284 2079 445 2163 ποτήριον
470 2083 570 2148 τοῦτο
597 2072 678 2166 αἷμα
707 2085 769 2148 τοῦ
795 2085 933 2167 χριστοῦ
954 2099 1032 2148 σου·
1060 2083 1117 2148 ἵνα
1144 2082 1180 2146 οί
1193 2081 1401 2166 μεταλαβόν-

283 2203 337 2258 τες
358 2178 464 2246 αύτοῦ
484 2185 700 2267 βεβαιωθῦσι
722 2182 806 2268 πρὸς
830 2181 1019 2269 εὐσέβειαν,
1043 2181 1232 2268 ἀφέσεως*
1250 2181 1402 2268 ἀμαρτη·

282 2281 398 2366 μάτων
412 2281 546 2368 τύχωσι,
568 2289 629 2350 τοῦ
643 2286 805 2369 διαβόλου
820 2286 877 2352 καί
897 2287 955 2370 τῆς
967 2287 1097 2373 πλάνης
1111 2283 1216 2352 αύτοῦ
1231 2284 1400 2367 ὁνσθοῖσι,

283 2384 472 2469 πνεύματος
493 2383 592 2470 ἁγίου
619 2388 864 2472 πληρωθῶσιν,
892 2385 978 2467 ἄξιοι
1007 2392 1068 2452 τοῦ
1094 2389 1233 2471 χριστοῦ
1259 2403 1326 2451 σου
1345 2390 1398 2470 γε’-

231 2499 266 2552 20
283 2511 425 2568 νωνται,
456 2491 539 2572 ζωῆς
565 2489 705 2554 αίωνίον
724 2489 864 2573 τύχωσι,
895 2493 959 2554 σοῦ
985 2489 1250 2572 καταλλαχέντος
1273 2485 1398 2569 αὐτοῖς,

282 2588 428 2654 δέσποτα
449 2590 693 2675 παντοκράτορ.
739 2594 787 2656 ἔτι
813 2591 961 2674 δεόμεθά
987 2607 1067 2674 σου,
1094 2590 1207 2675 κύριε,
1233 2590 1291 2655 καλ
1314 2586 1398 2674 ὑπὲρ

283 2693 341 2774 τῆς
363 2687 459 2774 ἀμίας
486 2707 549 2756 σου
580 2691 758 2776 ἐκκλησίας
786 2697 845 2776 τῆς
871 2691 938 2758 ἀπὸ
966 2693 1122 2777 περάτων
1142 2691 1204 2768 ἕως
1230 2693 1396 2778 περάτων,

281 2787 325 2876 ἣν
344 2792 568 2878 περιεποιήσω
585 2797 633 2880 τῷ
650 2799 747 2882 τιμίῳ
761 2795 874 2880 αἵματι
893 2797 954 2860 τοῦ
967 2797 1106 2878 χριστοῦ
1125 2810 1200 2876 σου,
1224 2792 1315 2871 ὅπως
1336 2792 1397 2858 αύ·

281 2894 344 2978 τήν
365 2895 574 2981 διαφυλάξῃς
597 2894 752 2960 ἄσειστον
771 2895 828 2961 καὶ
854 2893 1110 2962 ἀκλυδάνιστον
1133 2893 1209 2980 ἀχρι
1234 2899 1293 2980 τῆς
1313 2912 1396 2961 συν-

230 3009 265 3062 25
282 2999 409 3073 τελείας
430 3000 491 3062 τοῦ
513 2999 647 3074 αίιῦνος·
674 2996 730 3063 καί
751 2993 839 3082 ὑπὲρ
865 2997 974 3083 πάσης
996 3000 1180 3082 ἐπισκοπῆς
1206 3001 1266 3082 τῆς
1293 2997 1397 3082 ὀρθο-

280 3099 448 3184 τομούσης
469 3097 649 3184 τὸνλόγον
671 3103 729 3184 τῆς
749 3097 919 3184 ἀληθείας.
965 3102 1013 3166 ἔτι
1034 3101 1052 3138 *
1071 3099 1334 3185 παρακαλοῦμεν
1358 3115 1396 3163 σε

281 3199 337 3266 καλ
374 3196 460 3287 ύπλρ
496 3204 554 3285 τῆς
591 3200 672 3286 ἐμῆς
701 3205 762 3266 τοῦ
783 3201 1033 3287 προσφίροντύς
1068 3219 1122 3266 σοι
1149 3197 1307 3277 οῦδενίας
1340 3198 1395 3264 καί

280 3299 366 3386 ὑπὲρ
396 3301 521 3379 παντὸς
552 3307 613 3368 τοῦ
641 3306 905 3388 πρεσβυτερίου,
931 3299 1017 3388 ὑπὲρ
1045 3306 1115 3368 τοῖν
1141 3302 1313 3368 διακόνων
1339 3301 1395 3366 καλ

281 3403 406 3481 παντὸς
426 3409 487 3470 τοῦ
511 3404 658 3488 κλήρου,
688 3405 745 3470 ἳνα
773 3404 900 3480 πάντας
920 3409 1064 3491 σοφίσας
1086 3405 1276 3488 πνεύματος
1297 3402 1394 3488 ἀγίου

230 3517 264 3570 30
282 3507 469 3591 πληρύσης.
513 3508 561 3569 ἔτι
587 3509 848 3592 παρακαλοῦμεν
869 3523 923 3589 σε,
947 3507 1062 3590 κύριε,
1096 3502 1182 3590 ὑπὲρ
1207 3510 1271 3572 τοῦ
1297 3509 1395 3590 βασι-

281 3608 363 3684 λέως
383 3605 439 3672 καὶ
460 3609 528 3672 τιῦν
551 3605 590 3673 ἐν
605 3603 755 3695 ὑπεροχῇ
775 3607 833 3674 καλ
854 3607 980 3685 παντὸς
995 3611 1056 3672 τοῦ
1071 3607 1313 3690 στρατοπέδου,
1337 3608 1395 3671 ἰ’να

346 3779 1393 3848 metram)16R0m2‚01221>nlm72,8mamone!

346 3865 588 3936 mimam

281 4021 293 4071 1
314 4011 367 4074 ίάτ
383 4028 396 4072 t
419 4019 424 4086 Ι
451 4020 501 4073 Ι.2
524 4019 626 4088 πίνητε
648 4012 680 4072 τὸ
702 4013 840 4088 ποτήριον
857 4018 942 4073 τοῦτο
959 4027 990 4086 yt
1009 4019 1014 4084 Ι
1039 4021 1057 4071 4
1075 4011 1106 4072 ἐκ
1125 4018 1235 4086 νεκροῖο
1251 4019 1285 4086 -Ι-
1301 4023 1332 4084 γε
1352 4019 1358 4082 Ι
1378 4017 1394 4068 5

279 4102 350 4172 μετά
370 4100 456 4172 δόξης
473 4104 523 4159 καλ
541 4097 691 4172 δυνάμεως
707 4103 741 4169 ÷
759 4104 808 4172 ytl
832 4105 864 4156 10
882 4097 1046 4172 ἀποβλέψεις
1063 4102 1147 4170 1112
1166 4095 1331 4170 εύδοτήσεις
1349 4121 1367 4154 x
1386 4101 1392 4170 Ι

279 4191 312 4242 λδ
329 4189 379 4243 καλ
456 4191 489 4243 λθ
506 4205 557 4243 σου
573 4189 607 4254 >
624 4207 642 4255 y
660 4191 666 4248 Ι
689 4189 718 4239 17
737 4188 935 4255 βεβαιωθῦσιν
952 4207 970 4242 x
989 4191 993 4255 Ι
1015 4191 1047 4242 17
1066 4205 1096 4242 τε
1114 4189 1148 4258 -Ι-
1164 4207 1183 4256 y
1198 4191 1202 4254 Ι
1224 4189 1256 4242 18
1273 4181 1395 4254 τύχωσιν

277 4276 314 4339 x!
334 4275 363 4326 18
381 4275 527 4341 ρυσθιύοιν
544 4291 559 4326 x
579 4276 584 4341 1
603 4275 638 4326 ‘20
654 4267 776 4341 τύχωσιν
793 4291 809 4324 x
830 4275 834 4340 Ι
855 4277 884 4326 ‘21
906 4271 1110 4342 παντοκράτωρ
1128 4293 1146 4326 x
1168 4274 1174 4345 1
1196 4274 1231 4325 24
1249 4269 1392 4338 διαφυλά-

279 4356 337 4424 ξειε
354 4361 377 4412 Χ
394 4359 447 4428 126
464 4353 595 4428 δεόμεθα
611 4358 646 4427 -Ι-
663 4361 685 4410 Υ
700 4361 704 4427 Ι
720 4361 752 4410 ²7
771 4351 921 4422 ου’δενείοις
937 4377 956 4427 y
971 4359 1022 4430 127
1041 4358 1092 4414 καλ
1109 4360 1226 4412 alterum
1243 4359 1311 4424 >y

1223 4609 1237 4640 ἢ
