2998 4972
311 392 374 456 210
1298 385 1315 448 λ
1329 383 1427 437 26-19

311 553 498 638 σερχέσθω·
523 555 554 618 εί
572 553 612 618 δέ
630 575 679 628 τις
694 547 757 617 οὐκ
771 553 857 634 έστι,
880 549 1028 635 γινέσθω
1048 549 1106 616 διά
1122 554 1312 635 μετανοίας.
1356 550 1427 618 ἐπι,

310 658 446 737 τρέπετε
468 655 507 720 δὲ
533 652 590 720 καλ
614 665 684 730 τοίς
706 653 945 740 πρεσβυτέροις
972 648 1068 738 ὑμῶν
1090 649 1309 736 εὐχαριστεῖν.
1330 655 1335 740 Ι
1355 652 1428 738 περὶ
1436 665 1465 724 17

311 759 349 824 δὲ
377 759 440 822 τοῦ
469 755 580 841 μύρου
619 753 725 831 οὕτως
765 751 1023 840 εὐχαριστήσατε
1054 750 1330 838 Εὐχαριστοόμέν
1367 771 1428 831 σοι,

309 859 370 924 θεέ
391 857 574 943 δημιουργὲ
592 859 662 922 τοῖν
682 854 782 940 ὅλων,
805 855 862 922 καλ
879 851 964 938 ὑπὲρ
982 859 1041 940 τῆς
1063 853 1205 933 εὐωδίας
1223 859 1285 922 τοῦ
1306 855 1428 941 μάρου,

277 959 368 1027 σκαλ
389 955 475 1043 ὑπὲρ
498 958 559 1024 τοῦ
580 956 757 1024 ἀθανάτου
777 957 900 1044 αἰῶνος
924 947 967 1023 οὐ
987 957 1173 1043 έγνιιρισας
1192 955 1275 1042 ήμῑν
1295 957 1356 1024 διὰ
1372 951 1428 1042 Ἰη-

311 1065 375 1127 σοῠ
400 1063 461 1126 τοῦ
487 1060 606 1136 παιδός
630 1075 710 1126 σου·
737 1057 788 1124 ότι
811 1063 875 1125 σοῦ
896 1057 990 1124 ἐστιν
1015 1056 1036 1145 ή
1059 1058 1141 1138 δόξα
1161 1056 1264 1144 καλή
1288 1060 1430 1144 δύναμις

311 1165 358 1240 είς
376 1160 455 1240 τούς
478 1164 619 1238 αίάνας·
644 1159 745 1248 άμήν.
791 1155 827 1238 ὃς
849 1160 911 1226 ἐάν
932 1168 950 1206 *
973 1159 1088 1228 έλθδν
1110 1158 1215 1238 οὕτως
1237 1157 1428 1248 εὐχαριστή,

311 1263 543 1351 προσδέξεσθε
576 1260 682 1332 αὐτὸν
720 1258 766 1340 τός
790 1261 929 1348 χριστοῦ
958 1263 1131 1348 μαθητήν·
1165 1261 1228 1328 ἐάν
1256 1265 1296 1330 δὲ
1325 1262 1429 1348 ἄλλην

311 1366 452 1453 διδαχήν
483 1365 637 1452 κηρύσση
670 1363 751 1451 παρ’
781 1361 826 1449 ήν
846 1360 928 1448 ὐμίν
953 1365 1150 1449 παρέδωκεν
1177 1361 1195 1430 ὁ
1223 1362 1360 1449 χριστός
1385 1363 1427 1430 δι’

262 1483 294 1533 10
310 1465 423 1554 ήμῶν,
448 1471 496 1556 τῷ
515 1465 656 1555 τοιούτω
676 1464 720 1550 μή
741 1477 944 1551 συγχωρεῖτε
966 1463 1190 1550 εὐχαριστεῖν·
1218 1463 1349 1554 ὑβρίζει
1367 1465 1428 1551 γάρ

311 1568 329 1637 δ
355 1571 504 1647 τοιοῦτος
530 1567 590 1634 τόν
615 1567 701 1639 θεὸν
732 1565 819 1652 ήπερ
847 1567 985 1647 δοξάζει.
1016 1575 1020 1654 Ι
1049 1571 1114 1644 πάς
1140 1568 1178 1634 δὲ
1207 1563 1225 1634 ὁ
1252 1568 1465 1653 ε’ρχόμενος18

310 1672 394 1758 πρὸς
408 1668 505 1756 ὑμᾶς,
527 1671 757 1756 δοκιμασθείς,
775 1667 881 1746 οὕτως
895 1669 1062 1753 δεχέσθω·
1084 1669 1225 1736 σύνεσιν
1241 1668 1309 1757 γὰρ
1331 1674 1427 1756 ἔχετε,

310 1773 367 1840 ιιαλ
376 1774 530 1840 δύνασθε
540 1773 726 1856 διαγνῶναι
737 1769 852 1850 δεξιάν
862 1764 886 1854 ή
897 1767 1079 1857 άριστεράν
1092 1769 1148 1837 καὶ
1162 1772 1338 1857 διακρῖναι
1348 1784 1428 1849 νεο-

310 1875 577 1951 δοδιδασιιάλους
597 1871 823 1940 διδασκάλων.
870 1871 1009 1940 ἐλθόντι
1029 1873 1143 1956 μέντοι
1165 1876 1213 1960 τῷ
1236 1873 1427 1960 διδασκάλῳ

262 1990 293 2040 15
312 1976 351 2043 έκ
373 1980 480 2060 ψυχῆς
499 1973 761 2062 ἐπιχορηγήσατε
777 1972 818 2040 τά
835 1975 972 2040 δέοντα·
1001 1978 1048 2062 τςό
1069 1975 1107 2040 δὲ
1128 1976 1427 2062 νευδοδιδασπάλφ

310 2077 435 2146 διόσετε
452 2078 515 2161 μέν
535 2075 576 2142 τά
599 2077 719 2142 δέοντα
738 2075 822 2162 πρὸς
841 2074 904 2160 τήν
924 2079 1057 2161 χρείαν,
1077 2073 1119 2142 οὐ
1140 2079 1373 2163 παραδέξεσθε
1394 2079 1426 2142 δὲ

310 2177 416 2246 αὐτοῦ
435 2183 497 2264 τήν
517 2179 651 2262 πλάνην
673 2174 751 2245 οὐτε
770 2177 838 2264 μήν
859 2175 1161 2263 συμπροσεύξησθε
1177 2175 1287 2266 αὐτῷ,
1311 2179 1371 2246 ἵνα
1387 2177 1426 2263 μή

310 2284 545 2367 συμμιανθήτε
565 2277 667 2367 αὐτῷ.
711 2284 776 2357 πᾶς
802 2278 977 2365 προφήτης
1001 2275 1205 2366 άληθινὸςή
1227 2281 1428 2356 διδάσκαλος

311 2382 492 2469 ἐρχόμενος
512 2379 597 2467 πρός
617 2377 703 2467 ὑμᾶς
721 2379 813 2461 άξιός
830 2383 901 2448 ἐστι
918 2384 977 2465 τής
999 2385 1128 2467 τροφῆς
1145 2377 1190 2459 ὡς
1213 2380 1359 2468 ἐργάτης
1373 2383 1426 2447 λό

259 2498 293 2550 20
309 2507 374 2567 γου
389 2484 616 2568 δικαιοσύνης.
637 2492 642 2566 Ι
661 2487 775 2550 πάσαν
792 2481 948 2568 άπαρχήν
965 2481 1187 2568 γεννημάτων
1200 2488 1320 2570 ληνοῦ,
1341 2483 1464 2556 ἅλω-29

310 2607 369 2662 νος
383 2588 475 2666 βοων
495 2607 531 2652 τε
553 2583 610 2651 καλ
626 2586 807 2669 προβάτων
821 2585 941 2662 δόσεις
955 2596 1025 2662 τοῖς
1040 2585 1231 2671 ίερευσιυ,”
1216 2609 1274 2652 ινα
1290 2585 1424 2670 εὐλογη

309 2689 420 2752 θάσιν
435 2688 474 2752 αί
484 2684 657 2771 άποθῆκαι
672 2689 741 2752 τοῖν
755 2689 915 2770 ταμιείων
931 2702 995 2752 σου
1011 2686 1068 2752 καλ
1082 2711 1122 2752 τα
1113 2685 1340 2774 Ηέκφόρια
1298 2711 1358 2772 της
1371 2692 1426 2772 γῆς

309 2806 386 2872 σου,
407 2786 464 2854 καλ
484 2791 667 2902 στηριχθῇς
693 2791 774 2875 σίτφ
799 2786 856 2854 καὶ
882 2794 963 2874 οίνφ
984 2787 1042 2854 καὶ
1066 2787 1183 2876 έλαίφ,
1211 2788 1269 2855 καλ
1297 2787 1425 2874 αὐξηθῇ

309 2890 351 2958 τά
370 2887 533 2975 βουκόλια
549 2911 618 2955 των
645 2887 737 2972 βοοῖν
758 2905 823 2956 σον
850 2886 906 2954 καλ
933 2887 973 2954 τά
999 2892 1138 2974 ποίμνια
1158 2893 1229 2956 τεόν
1247 2891 1424 2975 προβάτων

258 3007 292 3056 25
310 3010 384 3060 σου.
424 2995 537 3058 πᾶσαν
556 2990 703 3075 δεκάτην
723 2989 843 3068 δόσεις
863 2993 909 3077 τῷ
937 2987 1079 3079 όρφανςό
1100 2992 1157 3058 καλ
1185 2996 1228 3078 τῇ
1254 2991 1357 3078 χήρᾳ,
1382 2993 1425 3076 τῷ

309 3093 428 3182 πτωχῷ
447 3091 504 3159 καλ
517 3092 564 3180 τῷ
577 3091 788 3180 προσηλύτφ.
834 3096 947 3159 πάσαν
962 3090 1117 3178 άπαρχήν
1133 3097 1285 3178 θερμῶν,
1303 3092 1422 3179 ἄρτων,

309 3197 471 3283 κεράμιον
492 3200 588 3260 οίνου
609 3189 632 3280 ή
654 3193 770 3262 ἐλαίου
791 3189 814 3279 ή
834 3194 965 3279 μέλιτος
978 3188 1002 3279 ή
1016 3191 1228 3278 άκροδρύων,
1251 3197 1422 3280 σταφυλῆς

306 3295 418 3383 ήτάν
437 3296 551 3364 ἄλλων
570 3294 633 3382 τήν
649 3295 804 3382 ἀπαρχήν
827 3295 947 3374 διέσεις
973 3307 1041 3373 τοῖς
1068 3295 1231 3381 ἱερεῦσιν,
1258 3296 1421 3382 άργυρίου

309 3400 347 3464 δὲ
373 3396 396 3482 ή
425 3399 603 3484 ἱματισμοῦ
626 3397 683 3464 καλ
709 3395 835 3475 παντός
861 3397 1026 3482 κτήματος
1057 3421 1103 3462 τιι
1131 3394 1273 3486 ὀρφανῷ
1299 3395 1355 3463 καλ
1382 3401 1420 3482 τῇ

376 3585 393 3636 8
410 3586 500 3638 Matth
518 3587 542 3654 6,
564 3589 614 3654 181
630 3589 757 3644 131οοεε
774 3588 845 3654 ι,11
861 3586 867 3656 Ι
884 3587 915 3640 19
926 3588 1017 3641 Μιλίο
1032 3587 1071 3648 10,
1088 3587 1119 3638 10
1133 3585 1138 3654 Ι
1153 3587 1185 3640 21
1205 3590 1280 3640 Dent
1295 3587 1338 3653 28,
1355 3588 1380 3639 5.
1397 3589 1419 3637 4.

313 3756 323 3805 1
344 3749 421 3807 έετιν
438 3771 455 3806 x
481 3753 486 3822 Ι
512 3747 669 3818 moetas
685 3765 741 3825 γει,
761 3750 898 3818 εὐδοκίας
914 3777 932 3810 x
958 3755 963 3826 Ι
989 3745 1107 3821 18ς>
1124 3760 1162 3810 Υτ
1182 3759 1188 3823 Ι
1211 3759 1226 3807 1
1246 3743 1300 3810 οὐκ
1315 3747 1398 3823 -Ι-’γι

309 3833 591 3902 8προοδέξαοθαιι
617 3843 621 3906 Ι
646 3833 724 3895 θδι’
740 3844 775 3907 >
792 3861 810 3894 x
836 3840 841 3909 1
870 3840 902 3894 10
919 3841 1112 3910 σογχωρήτετ
1135 3841 1139 3911 Ι
1161 3843 1193 3893 12
1212 3833 1286 3894 οὕτω
1302 3847 1348 3906 yzt
1368 3843 1372 3902 Ι
1394 3840 1421 3890 13

309 3923 415 3989 γνῶναι
433 3929 480 3989 yzt
506 3922 512 3980 Ι
540 3926 570 3978 13
589 3921 689 3990 δεξιάν
706 3916 726 3994 ή
743 3918 897 3993 άριστεράν
913 3927 948 3991 >
966 3930 1003 3978 Υτ
1030 3930 1035 3991 Ι
1065 3929 1095 3980 15
1113 3919 1354 3992 ωεδοδιδαοιιάλιι
1371 3927 1395 3976 X
1416 3923 1421 3988 Ι

311 4009 342 4060 16
360 4001 457 4062 δὸοετε
475 4025 492 4060 x
508 4013 511 4074 Ι
529 4010 561 4061 16
578 4006 682 4064 δέοντα
699 4012 733 4075 >
750 4013 821 4079 yn!
844 4011 876 4064 18
893 4005 946 4078 τήν
962 4013 996 4076 >
1013 4013 1084 4078 γτιΙ
1109 4011 1141 4064 18
1158 4008 1365 4078 παραδέξασθε
1382 4007 1419 4074 y:

312 4095 340 4144 17
359 4087 609 4162 συμπροαεόξεσδε
627 4113 660 4160 γι
677 4097 680 4160 Ι
699 4096 729 4146 18
750 4096 948 4164 συνμιανθήτε
967 4097 997 4159 tl
1014 4097 1045 4148 19
1063 4089 1140 4150 έοτιν
1157 4114 1174 4148 x
1189 4099 1193 4162 Ι
1209 4099 1244 4150 20
1261 4087 1422 4164 γεννημάτων

308 4185 353 4228 εει
369 4177 373 4244 Ι
388 4179 422 4230 20
438 4179 521 4232 λιτσύ
538 4177 615 4246 1121
635 4173 729 4240 δόσεις
746 4198 764 4233 x
779 4179 784 4246 Ι
799 4183 832 4232 22
850 4181 976 4248 ταμείων
992 4199 1026 4247 γε
1042 4183 1047 4246 Ι
1062 4183 1096 4232 25
1114 4173 1306 4243 δόσειςπ12ό
1322 4171 1420 4245 ἄρτων,

309 4257 426 4330 θέρμων
443 4281 490 4329 γτι
509 4253 603 4330 άρτων
621 4263 739 4332 θερμῶν
756 4273 768 4318 t
783 4269 788 4332 Ι
803 4266 835 4317 27
854 4265 1000 4332 κεραμέων
1016 4283 1059 4330 γε,
1079 4264 1221 4333 κεραμίου
1239 4252 1354 4331 1121ή
1371 4271 1421 4316 ter·

308 4347 376 4396 tium
393 4347 427 4410 >
444 4351 482 4400 Υτ
498 4348 502 4410 Ι
517 4349 551 4400 28
569 4342 622 4414 τήν
639 4338 775 4417 άπαρχήν
791 4351 826 4413 >
844 4352 882 4400 Υτ
898 4353 902 4416 Ι
918 4350 951 4400 28
971 4343 1065 4412 δόσεις
1083 4369 1100 4402 x
1115 4355 1119 4416 Ι
1134 4350 1168 4402 29
1186 4341 1207 4419 ἢ
1222 4369 1249 4415 x,
1270 4347 1315 4401 καλ
1332 4359 1381 4414 yzt
