2994 4972
89 600 251 682 μαθητῶν,
280 591 321 662 όν
343 593 421 662 οῦτε
441 592 535 680 ἡμεῖς
560 593 637 662 οὔτε
664 599 698 662 οί
718 599 856 682 πατέρες
881 595 978 684 ἡμῶν
1006 597 1188 682 ἰσχύσαμεν

89 699 251 784 βαστάσας
282 696 357 764 ἀλλ’
379 693 402 782 ή
428 696 484 764 ῦιά
505 701 564 782 τής
590 699 724 783 χάριτος
749 703 811 764 τοῦ
838 703 960 781 κυρίου
987 698 1188 782 πιστεύομεν

89 803 238 884 σωθῆναι,
253 798 335 866 καθ’
356 795 396 864 ὃν
410 799 538 884 τρόπον
552 798 718 866 κάκεῖνοι·
743 803 842 866 έλυσε
856 800 922 885 γάρ
936 798 1023 886 ἡμᾶς
1038 797 1056 864 ὁ
1071 799 1189 884 κῦριος

89 901 121 967 ἐκ
138 903 202 967 τῶν
217 903 351 986 δεσμῶν
365 901 422 967 καλ
441 899 620 987 ήλάφρυνε
640 900 679 966 τό
699 905 842 986 φορτίον
862 899 958 987 ήμῶν
979 899 1113 968 καὶτὸν
1130 907 1187 982 ζυ-

88 1001 141 1086 γόν
153 1007 211 1068 τοῦ
230 1003 358 1088 βάρους
376 1002 538 1088 πραότητι
559 1005 681 1068 έλυσεν
701 1001 764 1088 ἀφ’
786 1001 893 1088 ἡμῶν.
938 1005 1042 1070 ταῦτα
1061 1005 1101 1070 δέ
1119 1027 1186 1088 μου
1204 1019 1220 1068 5

88 1105 238 1188 ἀπόντος,
261 1103 419 1190 ἐσίγησεν
438 1103 529 1170 άπαυ
549 1099 588 1170 τό
610 1107 756 1188 πλῆθος·
786 1104 954 1190 ἀπεκρίθη
975 1107 1013 1170 δέ
1031 1102 1188 1190 Ἰάκωβος

87 1203 167 1271 ότοῦ
179 1209 299 1291 κυρίου
316 1205 462 1291 ἀάελφός
480 1207 586 1291 λέγων
597 1204 739 1292 ’Ἀνόρες
752 1205 906 1291 ἀάελφοῖ,
926 1204 1092 1275 ἀκούσατέ
1109 1231 1185 1292 μου.

88 1304 217 1391 Συμεῶν
231 1303 414 1393 ἐξηγήσατο
430 1306 545 1384 ααθῶς
561 1307 696 1390 πρῶτον
713 1304 825 1384 όθεός
846 1309 1051 1387 ἐπεσκέψατο
1070 1313 1188 1394 λαβεῖν

87 1407 115 1486 ἐξ
134 1409 240 1474 ἐθνῶν
262 1408 347 1475 λαὸν
367 1414 413 1495 τῷ
435 1407 573 1494 ὀνόματι
596 1405 717 1475 αὐτοῦ·
741 1409 798 1475 καὶ
819 1409 927 1498 τοάτφ
942 1414 1187 1495 συμφωνοῦσιν

86 1508 116 1575 οί
124 1510 208 1595 λόγοι
221 1515 292 1577 τῶν
302 1515 498 1597 προφητῶν,
514 1508 629 1588 καθῶς
643 1511 827 1596 γέγραπται
844 1511 942 1578 Μετά
955 1515 1085 1578 *ταῦτα
1101 1511 1186 1578 ἀνα·
1205 1524 1238 1576 10

86 1613 202 1694 στρέψω
223 1612 280 1678 καλ
302 1610 558 1697 ἀνοικοδομήσω
585 1609 648 1696 τήν
669 1610 800 1698 σκηνήν
823 1611 936 1698 Δαβλδ
962 1612 1025 1698 τήν
1052 1635 1185 1680 πεπτω-

85 1725 182 1796 κυῖαν,
204 1714 260 1779 καλ
282 1711 324 1779 τά
341 1715 593 1798 κατεσκαμμένα
614 1711 717 1797 αι’πής
732 1711 988 1800 ἀνοικοδομήσω
1011 1712 1068 1780 καὶ
1081 1701 1186 1801 ἀνορ-

84 1812 173 1878 θόσω
192 1813 316 1901 αῦτήν,
338 1815 428 1893 ὅπως
448 1811 493 1881 ἀν
514 1815 740 1900 ἐκζητήσωσιν
762 1816 797 1880 ολ
815 1816 1011 1882 κατάλοιποι
1033 1819 1102 1882 τῶν
1122 1816 1185 1882 άν-

84 1914 218 2000 θράτων
238 1914 299 1984 τόν
317 1916 437 2002 κόριον
456 1917 513 1983 καὶ
530 1917 640 1983 πάντα
660 1914 701 1982 τά
724 1921 825 2001 ἔθνη,
850 1916 906 2002 ἐφ’
930 1914 989 1994 οῦς
1010 1918 1186 2003 ἐπικέκλη-

84 2039 129 2080 ται
147 2015 182 2082 τό
202 2015 312 2103 όυομά
332 2041 398 2102 μου
422 2018 474 2085 ἐπ’
497 2014 630 2102 αὐτούς,
653 2019 741 2103 λέγει
763 2018 880 2104 κύριος
900 2015 919 2084 ό
939 2023 1046 2086 ποιῶν
1070 2025 1184 2086 ταῦτα,
1206 2033 1237 2086 15

83 2117 201 2200 γνωστά
221 2118 281 2186 ἀπ’
307 2119 431 2197 αίιόνός
452 2121 588 2207 ἐστιτῷ
608 2124 680 2207 θεῷ
700 2120 810 2186 πάντα
829 2118 871 2186 τά
887 2124 969 2206 ἔργα
990 2118 1110 2188 αὐτοῦ·
1133 2120 1187 2188 διὸ

85 2215 139 2301 έγό
161 2225 264 2307 κρίνω
293 2219 338 2306 μή
367 2226 588 2308 παρενοχλεῖν
614 2234 683 2299 τοῖς
707 2220 774 2288 ἀπὸ
799 2226 869 2287 τῶν
890 2223 1005 2290 ἐθνῶν
1034 2223 1186 2310 ἐπιστρέ-

84 2339 194 2403 φουσιν
215 2323 272 2390 έπλ
295 2321 357 2389 τόν
372 2323 475 2406 θεόν,
498 2322 574 2389 ἀλλ’
596 2319 620 2407 ή
639 2321 822 2390 ἐπιστεῖλαι
844 2320 958 2399 αὐτοῖς
978 2328 1039 2388 τοῦ
1066 2323 1185 2409 ἀπέχε-

84 2427 154 2488 σθαι
172 2423 237 2491 ἀπό
258 2429 330 2490 τῶν
351 2423 589 2511 ἀλισγημάτων
605 2428 674 2490 τῶν
692 2425 817 2508 ἐθνῶν,
835 2430 854 2467 ¹⁸
879 2424 1107 2491 είιλωλοθῦτου
1129 2425 1186 2492 καλ

83 2531 225 2610 πορνείας
246 2526 306 2593 καλ
326 2528 464 2612 αἵματος
484 2527 542 2593 καλ
564 2529 721 2592 πνικτοῦ·
751 2525 836 2613 άπερ
863 2525 1009 2603 καὶτοῖς
1032 2531 1187 2605 παλαιοῖς
1202 2541 1237 2594 20

83 2630 315 2715 νενομοθέτητο
329 2640 400 2705 τοῖς
416 2627 482 2714 πρὸ
497 2633 559 2694 τοῦ
573 2629 680 2712 νόμον
701 2639 874 2712 φυσικοῖς,
894 2625 994 2704 Ἐνῶς
1016 2629 1050 2712 *,
1070 2627 1184 2714 Ἐνάχ,

83 2731 162 2812 Νῶε,
176 2731 397 2817 Μελχισεδέκ,
409 2727 483 2815 ’ίῶβ
495 2730 552 2796 καὶ
564 2735 599 2796 ελ
605 2753 654 2806 τις
670 2733 819 2806 τοιοῦτος
833 2728 981 2814 ἐγεγόνει
996 2730 1079 2797 τότε.
1111 2733 1186 2798 τότε

82 2829 184 2910 έάοξεν
196 2838 215 2877 *
235 2845 307 2910 τοῖς
328 2830 527 2909 ἀποστόλοις
543 2831 601 2898 καλ
623 2836 669 2919 τῶ
692 2831 864 2920 έπισκόπφ
878 2831 1023 2921 Ἰακῶβφ
1041 2833 1098 2900 καὶ
1117 2845 1187 2911 τοῖς

81 2938 309 3023 πρεσβυτέροις
332 2931 398 3001 σῦν
419 2931 479 3020 όλη
494 2939 535 3019 τῇ
555 2934 727 3022 ἐκκλησίᾳ,
749 2935 989 3018 έκλεξαμένους
1009 2933 1137 3021 ἀνδρας
1151 2937 1185 3014 ἐξ

81 3033 95 3070 *
112 3026 219 3102 αὐτῶν
240 3037 369 3121 πέμψαι
390 3033 455 3102 σῦν
483 3047 552 3112 τοῖς
577 3035 655 3122 περὶ
674 3036 859 3121 Βαρνάβαν
884 3035 941 3102 καὶ
962 3040 1104 3102 Παῦλον
1126 3034 1185 3101 τόν
1202 3049 1237 3100 25

138 3210 221 3262 Met
240 3211 280 3269 15,
303 3210 401 3262 13-20
420 3211 424 3274 Ι
447 3210 478 3261 10
494 3211 577 3262 Amos
594 3209 619 3274 9,
640 3210 681 3260 ll.
703 3209 733 3259 12
753 3211 757 3275 Ι
777 3211 810 3260 22
828 3210 881 3261 Δεῖ
899 3209 939 3272 15,
958 3207 1059 3260 22-29

81 3374 91 3425 l
109 3375 223 3444 ἴσχυσαν
240 3395 265 3432 ετ
280 3377 286 3446 Ι
301 3382 317 3430 2
334 3367 397 3430 ἀλλ’
417 3371 437 3446 ή
454 3396 505 3439 wx,
524 3373 596 3432 ἀλλά
614 3385 662 3445 γαί
677 3379 681 3444 Ι
696 3381 712 3430 2
730 3377 782 3430 τοῦ
799 3377 902 3445 κυρίου
919 3378 954 3442 >
971 3378 1007 3442 xl
1023 3377 1039 3430 3
1058 3373 1157 3433 ἔλυσεν
1168 3397 1185 3431 x

80 3454 85 3525 Ι
100 3463 115 3512 4
130 3454 298 3532 ήλάφρυνεκ
314 3481 333 3514 1
347 3463 352 3528 Ι
367 3465 383 3514 7
400 3459 490 3529 λέγων
507 3471 585 3530 ιγτλ,
603 3461 654 3517 καλ
672 3458 736 3517 εἷπε
754 3465 803 3527 W,
822 3461 872 3515 καλ
891 3456 973 3516 εἶπεν
990 3479 1015 3512 w
1029 3467 1034 3524 Ι
1049 3463 1066 3514 8
1084 3457 1183 3533 έξογή-

80 3557 139 3599 mo
156 3551 207 3600 W?
233 3552 239 3616 Ι
265 3545 390 3601 9τοάτια
408 3554 486 3614 xyst,
511 3539 600 3608 οὕτως
619 3550 665 3613 ττΙ
689 3549 771 3601 9σικ
788 3543 818 3602 ολ
883 3548 916 3600 10
933 3543 1090 3614 γέγραπται
1108 3550 1143 3614 >
1161 3567 1185 3615 τ,

79 3632 150 3684 εοεαε
170 3633 330 3703 σομφωνοῦ
355 3635 360 3699 Ι
389 3633 420 3686 10
444 3629 477 3686 δὲ
497 3633 533 3698 -Ι-
552 3650 585 3699 γε
613 3635 617 3700 Ι
646 3633 730 3686 10.11
750 3626 910 3698 ἐπιστρέψω
928 3651 952 3685 w
971 3634 975 3697 Ι
999 3634 1028 3685 11
1047 3629 1101 3702 τήν
1118 3647 1185 3702 σκη-

78 3709 127 3782 νήν
189 3721 221 3771 12
238 3714 276 3772 τά
293 3720 328 3784 >
344 3735 360 3771 τ
375 3723 381 3780 Ι
397 3719 429 3772 13
447 3712 566 3770 κατάλοι
584 3719 626 3782 ΥΙ
643 3718 730 3770 1115
749 3711 932 3786 ἐπιβέβληται
950 3735 965 3770 τ
987 3717 993 3785 Ι
1020 3719 1052 3771 15
1070 3711 1116 3771 ἐπ’
1135 3712 1186 3772 αό-

78 3795 136 3861 τοός
151 3804 184 3868 >
201 3822 226 3855 w
253 3805 257 3870 Ι
287 3805 326 3857 15.
341 3803 374 3856 1ss
391 3797 481 3855 ταῦτα
500 3805 563 3864 [buc
582 3804 686 3871 aptum]
709 3797 804 3856 πάντα
825 3796 860 3856 τά
885 3799 954 3870 ἔργα
977 3801 1088 3870 γτωστά
1112 3799 1186 3858 τίσιν

77 3875 125 3938 ἀπ’
140 3884 245 3949 αίῶκος
262 3887 313 3941 τῦι
331 3889 403 3943 θεῶι
421 3906 444 3939 w
465 3887 470 3956 Ι
492 3887 523 3940 16
541 3882 618 3941 ἐστιν
634 3905 652 3940 x
673 3887 677 3956 Ι
701 3889 731 3939 17
748 3890 838 3953 κρίνω
855 3881 909 3955 έγῶ
928 3907 961 3954 w,
980 3881 1034 3954 έγῶ
1051 3888 1140 3954 κρινῶ
1157 3906 1183 3954 x,

78 3961 125 4035 έγῦ
142 3969 241 4040 ἔκρινα
258 3979 306 4040 γαί
324 3972 330 4041 Ι
352 3975 392 4025 17.
408 3973 439 4025 18
458 3966 658 4040 ἐπιστρέφουσι
675 3966 748 4039 πρὸς
763 3989 798 4039 γε
817 3973 821 4040 Ι
844 3974 876 4026 18
893 3965 958 4026 ἀλλ’
1022 3964 1186 4039 ἀπέχεσθαι

77 4063 134 4119 xm
151 4048 180 4126 [ἢ
190 4059 226 4123 >
236 4063 293 4124 yut,
313 4051 454 4112 έκιστιῖλι
467 4057 502 4125 τΙ,
520 4051 549 4110 εί
559 4048 700 4125 ἀπέχοντι
712 4075 736 4108 w
751 4059 756 4124 Ι
773 4059 805 4111 19
816 4057 872 4112 τῶν
890 4051 987 4112 ἐθνῶν
997 4063 1072 4124 xyst,
1090 4047 1185 4110 αότῦκ

77 4153 106 4204 w,
123 4136 247 4194 τέσῶλων
260 4159 356 4210 margo
373 4162 392 4211 y
406 4143 410 4211 Ι
427 4143 459 4196 19
473 4141 611 4207 πορνείας
629 4137 700 4208 λέγω
711 4141 761 4196 καλ
772 4143 807 4210 -Ι-
819 4161 842 4196 w
858 4143 863 4212 Ι
879 4142 919 4196 19.
932 4143 966 4196 20
979 4139 1029 4194 καλ
1046 4142 1185 4206 πορνείας

75 4221 106 4285 >
116 4242 147 4289 w,
164 4233 228 4294 pout
244 4227 366 4281 πνικτοῦ
381 4233 430 4294 γτλ
444 4231 449 4292 Ι
464 4229 498 4280 20
515 4221 605 4280 πάλαι
622 4233 670 4292 γαί
684 4229 689 4293 Ι
703 4229 735 4279 21
756 4221 949 4295 ἀνομοθέτητα
964 4228 1008 4288 W,
1026 4221 1184 4291 νενομοθέ-

76 4323 172 4364 τιιτοιι
185 4311 191 4379 Ι
204 4313 238 4363 21
257 4307 348 4378 τόμον
364 4329 383 4378 γ
403 4309 408 4381 Ι
426 4314 458 4364 21
475 4303 560 4374 Ἐνῶς
577 4313 611 4376 >
629 4329 643 4364 τ
660 4313 665 4374 Ι
684 4313 716 4366 21
736 4309 807 4381 λέγω
823 4313 858 4380 -Ι-
873 4331 892 4378 y
907 4313 912 4374 Ι
931 4315 964 4364 22
983 4307 1009 4364 εί
1025 4315 1104 4376 xyst,
1123 4299 1144 4377 ἦ
1160 4326 1186 4363 ιτ
1273 4339 1274 4342 =

77 4388 81 4457 Ι
98 4395 129 4446 22
145 4390 208 4450 τότε
226 4400 300 4465 prius
316 4397 352 4463 >
368 4401 416 4463 γτῖ
429 4397 434 4462 Ι
449 4397 483 4450 23
502 4393 584 4461 ἔδοξε
602 4415 625 4449 w
645 4395 651 4464 Ι
669 4397 703 4450 23
719 4389 791 4466 ἡμῖν
807 4395 841 4464 -Ι-
857 4401 905 4462 γτλ
919 4395 924 4460 Ι
938 4395 972 4448 25
989 4387 1070 4463 ἡμῶν
1087 4395 1121 4464 -Ι-
1137 4401 1185 4461 γαί
