3128 4972
696 437 909 499 -46-

201 618 250 684 τὸν
272 619 369 703 κύριον
391 619 470 700 ἡμῶν
482 617 592 700 Ἰησοῦν
611 617 751 700 Χριστόν
777 616 862 698 μηδὲ
888 618 952 702 γὰρ
976 619 1067 684 εἶναι
1089 621 1170 684 τότε
1193 619 1255 684 τὸν
1278 623 1414 702 καιρόν,

203 747 293 811 ἀλλὰ
310 754 348 828 τῇ
367 747 526 828 ἐπιούσῃ.
553 743 601 812 καὶ
620 745 662 813 ὅτι
683 745 747 812 οὐδὲ
763 751 886 828 νομικῶς
903 752 991 812 τελῶν
1008 746 1121 830 ἔφαγεν,
1145 745 1219 830 ἅπερ
1238 748 1352 832 ἔφαγεν,
1376 751 1416 822 εἰς

202 875 253 959 τὴν
278 879 428 942 ἐπιοῦσαν·
454 875 520 941 οὔτε
542 873 596 958 γὰρ
621 875 708 958 ἀρνὸν
726 875 790 940 οὔτε
808 873 904 955 ἄζυμα
923 871 988 940 οὔτε
1006 873 1078 940 ἄλλο
1096 902 1123 939 τι
1139 876 1285 958 πράττων,
1312 875 1370 942 ὅσα
1389 879 1415 943 οἱ

202 1004 252 1070 τὸν
270 1004 367 1086 onrado
384 1009 530 1076 τελοῦντες
549 1005 650 1088 πάσχα
669 1005 741 1075 ἔθος
760 1005 852 1086 ἔχουσι
870 1004 1120 1086 παραφυλάττειν·
1147 1004 1209 1068 ἀλλ’
1231 1002 1300 1071 τ’ὄτον
1316 1033 1414 1088 μαστι-

203 1133 253 1199 κόν
275 1159 343 1216 φησι
367 1139 477 1197 δεῖπνον
502 1143 617 1216 φαγεῖν,
646 1133 675 1210 ἐξ
699 1126 732 1196 οὗ
755 1128 805 1196 καὶ
829 1142 888 1204 τοῖς
910 1143 1062 1214 μαθηταῖς
1084 1130 1174 1214 dosora
1201 1130 1250 1196 nai
1274 1136 1414 1216 ποτηρίου

201 1265 381 1344 μεταδοῦναι

290 1410 393 1474 Vides
425 1411 488 1473 hoc
520 1410 605 1474 libro
638 1409 850 1494 impugnatos
883 1430 954 1473 esse
987 1410 1312 1493 quartodecimanos,
1354 1416 1412 1498 qui

203 1530 384 1595 Dominum
416 1529 565 1595 dicerent
596 1528 757 1615 passionis
791 1552 868 1594 suae
900 1536 1049 1612 tempore
1081 1530 1268 1613 legitimum
1301 1533 1413 1599 edisse

204 1651 406 1717 ludaeorum
428 1655 563 1736 pascha,
588 1651 685 1734 idque
709 1650 761 1714 die
784 1649 947 1733 legitimo,
973 1658 1089 1733 quarto
1113 1650 1253 1715 decimo.
1300 1651 1411 1718 Quare

204 1773 262 1836 ille
286 1773 428 1850 monuit,
458 1771 658 1834 Judeeorum
685 1772 809 1855 pascha
836 1769 970 1834 minime
1000 1791 1037 1833 eo
1062 1769 1130 1848 die,
1162 1794 1226 1854 quo
1249 1772 1413 1837 Dominus

205 1893 423 1968 coenavisset,
450 1890 654 1953 celebratum
678 1911 761 1968 esse,
787 1889 845 1954 sed
862 1889 1056 1974 insequente
1076 1889 1139 1968 die,
1159 1912 1231 1954 cum
1248 1873 1411 1956 Dominus

204 2009 321 2073 mortis
345 2030 485 2093 poenam
509 2006 639 2070 luisset.
682 2009 733 2071 Ex
756 2031 819 2091 quo
845 2009 943 2089 effici,
968 2010 1146 2074 Dominum
1170 2032 1276 2094 neque
1299 2012 1411 2095 legiti-

205 2152 295 2192 mum
317 2149 423 2212 neque
446 2126 597 2211 legitimo
622 2127 674 2191 die
691 2129 876 2193 celebrasse
892 2132 1026 2214 paseha,
1051 2132 1110 2194 sed
1125 2131 1301 2215 mysticam
1317 2156 1410 2196 suem

207 2269 354 2325 coenam,
373 2269 510 2330 eamque
527 2255 704 2331 antequem
720 2248 837 2313 ludaei
854 2273 947 2312 suum
965 2259 1119 2334 pararent
1134 2253 1268 2335 pascha.
1299 2251 1410 2315 Etiam

204 2367 239 2431 hi
262 2366 365 2451 igitur
390 2367 672 2450 quartodecimani
696 2369 971 2434 consuetudinem
994 2393 1086 2434 suam
1110 2371 1327 2436 defendentes
1343 2372 1411 2436 Do·

204 2486 284 2550 mini
301 2487 488 2571 exemplum
506 2487 728 2570 proferebant.
763 2489 859 2553 Unde
876 2489 1034 2573 colligere
1050 2490 1181 2569 licebit,
1203 2494 1290 2557 hanc
1306 2492 1410 2576 ipsam

205 2606 478 2672 consuetudinem
502 2608 640 2689 eandem
664 2607 765 2671 fuisse
789 2616 888 2690 atque
912 2629 995 2685 eam,
1021 2629 1104 2690 quae
1121 2609 1193 2690 jam
1218 2613 1300 2675 satis
1315 2611 1412 2676 nobis

205 2734 256 2791 est
280 2725 424 2810 cognita.

291 2880 437 2950 Omnino
461 2887 571 2943 antem
587 2900 675 2943 nunc
698 2876 951 2952 animadvertas,
977 2897 1137 2957 nusquam
1159 2896 1220 2938 nos
1243 2875 1410 2945 invenisse

205 3000 295 3066 aliud
320 2999 683 3085 quartodecimanorum
707 3017 812 3080 genus
840 3002 939 3078 atque
967 2994 1018 3074 id,
1048 2995 1136 3078 quod
1154 2995 1224 3079 jam
1250 2995 1409 3080 Apolina·

204 3122 284 3201 rius,
310 3122 476 3200 Clemens,
501 3118 704 3202 Hippolytus
727 3116 762 3180 in
781 3115 874 3180 libris
891 3114 958 3178 suis
974 3123 1200 3199 respexerunt.
1235 3116 1410 3180 Quaecun-

206 3263 269 3325 que
293 3241 379 3304 enim
404 3263 445 3304 ex
468 3237 603 3302 Eusebii
626 3238 666 3302 de
690 3240 849 3323 paschate
872 3234 969 3317 libro,
994 3260 1035 3302 ex
1054 3235 1232 3301 Athanasii
1255 3236 1408 3321 epistole,

206 3358 348 3444 denique
372 3381 389 3424 e
413 3358 693 3423 commentatione
716 3359 775 3424 illa
798 3358 916 3423 incerti
939 3357 1083 3423 auctoris
1107 3355 1262 3421 aPhotio
1286 3379 1410 3422 memo-

204 3491 278 3546 rata
300 3481 340 3544 de
365 3479 731 3564 quartodecimanorum
760 3479 844 3542 ritus
872 3488 991 3543 natura
1014 3477 1246 3562 cognovimus,
1277 3500 1411 3560 prorsus

206 3600 320 3665 eadem
344 3607 423 3663 sunt
446 3607 545 3682 atque
569 3622 624 3678 ea,
649 3621 732 3682 quae
756 3598 985 3683 Apolinarius,
1011 3599 1181 3677 Clemens,
1206 3597 1410 3682 Hippolytus

206 3721 370 3795 referunt3
397 3718 592 3802 quibuscum
616 3741 653 3783 ea
670 3739 800 3802 quoque
817 3717 940 3800 optime
958 3715 1181 3792 consentiunt,
1207 3738 1290 3799 quae
1306 3717 1410 3781 Euse-

205 3840 281 3905 bius
304 3839 338 3903 in
356 3837 496 3903 historia
519 3837 745 3902 ecclesiastiea
762 3837 802 3900 de
819 3835 1016 3900 Asianorum
1034 3834 1271 3900 consuetudine
1288 3858 1412 3901 memo·

206 3959 272 4024 riae
304 3957 454 4022 tradidit.
500 3957 569 4021 Has
607 3965 719 4021 autem
757 3953 914 4019 eeclesias
949 3953 1046 4018 Asiae
1079 3953 1262 4018 catholicas
1298 3977 1411 4020 revera

207 4081 345 4146 eandem
366 4077 553 4142 defendisse
570 4075 855 4154 consuetudinem,
881 4096 977 4157 quam
995 4073 1219 4156 Apolinarius,
1244 4075 1408 4155 Clemens,

206 4199 410 4284 Hippolytus
440 4197 734 4282 impugnaverunt,
765 4217 838 4258 cum
869 4217 909 4258 ex
937 4193 1011 4258 aliis
1038 4201 1110 4258 tum
1138 4216 1179 4258 ex
1206 4195 1343 4259 Eusebii
1370 4196 1410 4259 de

206 4321 364 4404 paschate
392 4318 478 4383 libro
507 4319 720 4381 manifestum
748 4337 819 4380 esse
850 4315 1113 4380 demonstratum
1142 4321 1204 4378 est.
1250 4314 1411 4378 Videmus
