<?xml version="1.0" encoding="UTF-8"?>
<!DOCTYPE html PUBLIC "-//W3C//DTD XHTML 1.0 Transitional//EN"
    "http://www.w3.org/TR/xhtml1/DTD/xhtml1-transitional.dtd">
<html xmlns="http://www.w3.org/1999/xhtml" xml:lang="en" lang="en">
 <head>
  <title>
</title>
<meta http-equiv="Content-Type" content="text/html;charset=utf-8" />
  <meta name='ocr-system' content='tesseract 3.04.00' />
  <meta name='ocr-capabilities' content='ocr_page ocr_carea ocr_par ocr_line ocrx_word'/>
</head>
<body>
  <div class='ocr_page' id='page_1' title='image "./decontroversiis00schgoog_0423.png"; bbox 0 0 3120 4980; ppageno 0'>
   <div class='ocr_carea' id='block_1_1' title="bbox 1326 335 1429 390">
    <p class='ocr_par' dir='ltr' id='par_1_1' title="bbox 1326 335 1429 390">
     <span class='ocr_line' id='line_1_1' title="bbox 1326 335 1429 390; baseline 0 -2"><span class='ocrx_word' id='word_1_1' title='bbox 1326 335 1429 390; x_wconf 83' lang='lat' dir='ltr'>XXXI</span> 
     </span>
    </p>
   </div>
   <div class='ocr_carea' id='block_1_2' title="bbox 379 506 1428 594">
    <p class='ocr_par' dir='ltr' id='par_1_2' title="bbox 379 506 1428 594">
     <span class='ocr_line' id='line_1_2' title="bbox 379 506 1428 594; baseline 0.002 -24"><span class='ocrx_word' id='word_1_2' title='bbox 379 513 467 592; x_wconf 83' lang='grc' dir='ltr'><em>ρέτην</em></span> <span class='ocrx_word' id='word_1_3' title='bbox 485 517 538 570; x_wconf 85' lang='grc' dir='ltr'><em>τοῦ</em></span> <span class='ocrx_word' id='word_1_4' title='bbox 554 519 736 594; x_wconf 84' lang='grc' dir='ltr'><em>μονογενοῦς</em></span> <span class='ocrx_word' id='word_1_5' title='bbox 753 514 813 572; x_wconf 83' lang='grc' dir='ltr'><em>ἴσον</em></span> <span class='ocrx_word' id='word_1_6' title='bbox 831 511 859 570; x_wconf 84' lang='grc' dir='ltr'><em>ἐν</em></span> <span class='ocrx_word' id='word_1_7' title='bbox 878 506 1062 592; x_wconf 71' lang='grc' dir='ltr'><em>δημιουργίᾳ</em></span> <span class='ocrx_word' id='word_1_8' title='bbox 1078 506 1102 593; x_wconf 91' lang='lat'><em>¹)</em></span> <span class='ocrx_word' id='word_1_9' title='bbox 1119 513 1168 571; x_wconf 88' lang='grc' dir='ltr'><em>καί</em></span> <span class='ocrx_word' id='word_1_10' title='bbox 1186 510 1428 590; x_wconf 74' lang='grc' dir='ltr'><em>ουνεπιμελητὴν,</em></span> 
     </span>
    </p>
   </div>
   <div class='ocr_carea' id='block_1_3' title="bbox 380 619 1428 701">
    <p class='ocr_par' dir='ltr' id='par_1_3' title="bbox 380 619 1428 701">
     <span class='ocr_line' id='line_1_3' title="bbox 380 619 1428 701; baseline 0.002 -23"><span class='ocrx_word' id='word_1_11' title='bbox 380 624 430 678; x_wconf 88' lang='grc' dir='ltr'><em>καί</em></span> <span class='ocrx_word' id='word_1_12' title='bbox 450 620 512 681; x_wconf 80' lang='grc' dir='ltr'><em>ἴσον</em></span> <span class='ocrx_word' id='word_1_13' title='bbox 529 620 558 678; x_wconf 83' lang='grc' dir='ltr'><em>ίν</em></span> <span class='ocrx_word' id='word_1_14' title='bbox 576 619 803 701; x_wconf 72' lang='grc' dir='ltr'><em>συννομοθεσίᾳ</em></span> <span class='ocrx_word' id='word_1_15' title='bbox 819 623 868 678; x_wconf 87' lang='grc' dir='ltr'><em>καί</em></span> <span class='ocrx_word' id='word_1_16' title='bbox 885 623 1056 700; x_wconf 84' lang='grc' dir='ltr'><em>συγκρίτην,</em></span> <span class='ocrx_word' id='word_1_17' title='bbox 1074 623 1123 678; x_wconf 85' lang='grc' dir='ltr'><em>καί</em></span> <span class='ocrx_word' id='word_1_18' title='bbox 1135 625 1257 699; x_wconf 79' lang='grc' dir='ltr'>μεσίτην</span> <span class='ocrx_word' id='word_1_19' title='bbox 1275 629 1331 689; x_wconf 81' lang='grc' dir='ltr'><em>τῆς</em></span> <span class='ocrx_word' id='word_1_20' title='bbox 1349 623 1428 682; x_wconf 92' lang='grc' dir='ltr'><em>ἀνα-</em></span> 
     </span>
    </p>
   </div>
   <div class='ocr_carea' id='block_1_4' title="bbox 236 725 1429 4466">
    <p class='ocr_par' dir='ltr' id='par_1_4' title="bbox 236 725 1429 4466">
     <span class='ocr_line' id='line_1_4' title="bbox 379 725 1427 812; baseline 0.002 -26"><span class='ocrx_word' id='word_1_21' title='bbox 379 731 518 797; x_wconf 85' lang='grc' dir='ltr'><em>στάσεως</em></span> <span class='ocrx_word' id='word_1_22' title='bbox 539 730 557 796; x_wconf 74' lang='grc' dir='ltr'><em>ἢ</em></span> <span class='ocrx_word' id='word_1_23' title='bbox 581 731 631 788; x_wconf 87' lang='grc' dir='ltr'><em>τόν</em></span> <span class='ocrx_word' id='word_1_24' title='bbox 649 729 796 812; x_wconf 81' lang='grc' dir='ltr'><em>ἀρχιερέα</em></span> <span class='ocrx_word' id='word_1_25' title='bbox 813 727 945 807; x_wconf 74' lang='grc' dir='ltr'><em>ἰσότιμον</em></span> <span class='ocrx_word' id='word_1_26' title='bbox 962 733 1005 804; x_wconf 86' lang='grc' dir='ltr'><em>τῷ</em></span> <span class='ocrx_word' id='word_1_27' title='bbox 1022 729 1077 805; x_wconf 83' lang='grc' dir='ltr'><em>υίῷ</em></span> <span class='ocrx_word' id='word_1_28' title='bbox 1097 729 1116 794; x_wconf 81' lang='grc' dir='ltr'><em>ἢ</em></span> <span class='ocrx_word' id='word_1_29' title='bbox 1133 734 1176 805; x_wconf 84' lang='grc' dir='ltr'><em>τῷ</em></span> <span class='ocrx_word' id='word_1_30' title='bbox 1194 733 1285 811; x_wconf 73' lang='grc' dir='ltr'><em>πατρὶ</em></span> <span class='ocrx_word' id='word_1_31' title='bbox 1303 725 1427 788; x_wconf 87' lang='grc' dir='ltr'><em>ἀποδει-</em></span> 
     </span>
     <span class='ocr_line' id='line_1_5' title="bbox 379 829 1428 920; baseline 0.003 -26"><span class='ocrx_word' id='word_1_32' title='bbox 379 839 454 894; x_wconf 81' lang='grc' dir='ltr'><em>κνύει</em></span> <span class='ocrx_word' id='word_1_33' title='bbox 466 837 485 902; x_wconf 83' lang='grc' dir='ltr'><strong><em>ἣ</em></strong></span> <span class='ocrx_word' id='word_1_34' title='bbox 499 832 552 896; x_wconf 86' lang='grc' dir='ltr'><em>δύο</em></span> <span class='ocrx_word' id='word_1_35' title='bbox 566 835 724 920; x_wconf 84' lang='grc' dir='ltr'><em>ἀνάρχους</em></span> <span class='ocrx_word' id='word_1_36' title='bbox 737 829 791 908; x_wconf 81' lang='grc' dir='ltr'><em>δοξ</em></span> <span class='ocrx_word' id='word_1_37' title='bbox 800 835 856 908; x_wconf 84' lang='grc' dir='ltr'><em>’ζει</em></span> <span class='ocrx_word' id='word_1_38' title='bbox 870 836 889 903; x_wconf 78' lang='grc' dir='ltr'><em>ἦ</em></span> <span class='ocrx_word' id='word_1_39' title='bbox 908 831 960 894; x_wconf 77' lang='grc' dir='ltr'><em>δύο</em></span> <span class='ocrx_word' id='word_1_40' title='bbox 974 837 1113 919; x_wconf 82' lang='grc' dir='ltr'><em>πατέρας</em></span> <span class='ocrx_word' id='word_1_41' title='bbox 1125 833 1215 918; x_wconf 78' lang='grc' dir='ltr'><em>λέγει,</em></span> <span class='ocrx_word' id='word_1_42' title='bbox 1228 842 1428 920; x_wconf 81' lang='grc' dir='ltr'><em>παρακούσας</em></span> 
     </span>
     <span class='ocr_line' id='line_1_6' title="bbox 378 941 1428 1029; baseline 0.006 -28"><span class='ocrx_word' id='word_1_43' title='bbox 378 949 431 1002; x_wconf 84' lang='grc' dir='ltr'><em>τοῦ</em></span> <span class='ocrx_word' id='word_1_44' title='bbox 447 944 598 1013; x_wconf 81' lang='grc' dir='ltr'><em>εἰπόντος·</em></span> <span class='ocrx_word' id='word_1_45' title='bbox 622 947 637 1006; x_wconf 87' lang='grc' dir='ltr'><em>ό</em></span> <span class='ocrx_word' id='word_1_46' title='bbox 654 949 754 1028; x_wconf 85' lang='grc' dir='ltr'><em>κόριος</em></span> <span class='ocrx_word' id='word_1_47' title='bbox 771 946 785 1006; x_wconf 86' lang='grc' dir='ltr'><em>ό</em></span> <span class='ocrx_word' id='word_1_48' title='bbox 802 943 879 1013; x_wconf 66' lang='grc' dir='ltr'><em>θεός</em></span> <span class='ocrx_word' id='word_1_49' title='bbox 890 947 977 1024; x_wconf 75' lang='grc' dir='ltr'><em>ἡμῶν</em></span> <span class='ocrx_word' id='word_1_50' title='bbox 994 948 1096 1026; x_wconf 85' lang='grc' dir='ltr'><em>κύριος</em></span> <span class='ocrx_word' id='word_1_51' title='bbox 1112 941 1154 1014; x_wconf 79' lang='grc' dir='ltr'><em>εἷς</em></span> <span class='ocrx_word' id='word_1_52' title='bbox 1170 946 1248 1005; x_wconf 84' lang='grc' dir='ltr'><em>ἐστιν</em></span> <span class='ocrx_word' id='word_1_53' title='bbox 1264 941 1304 1029; x_wconf 82' lang='lat'><em>²).</em></span> <span class='ocrx_word' id='word_1_54' title='bbox 1329 955 1428 1008; x_wconf 77' lang='grc' dir='ltr'><em>ταῦτα</em></span> 
     </span>
     <span class='ocr_line' id='line_1_7' title="bbox 382 1049 1428 1138; baseline 0.003 -27"><span class='ocrx_word' id='word_1_55' title='bbox 382 1049 414 1111; x_wconf 84' lang='grc' dir='ltr'><em>δὲ</em></span> <span class='ocrx_word' id='word_1_56' title='bbox 431 1055 461 1111; x_wconf 90' lang='grc' dir='ltr'><em>έν</em></span> <span class='ocrx_word' id='word_1_57' title='bbox 478 1063 546 1122; x_wconf 90' lang='grc' dir='ltr'><em>ταῖς</em></span> <span class='ocrx_word' id='word_1_58' title='bbox 558 1056 688 1136; x_wconf 70' lang='grc' dir='ltr'><em>ἡμέραις</em></span> <span class='ocrx_word' id='word_1_59' title='bbox 703 1057 789 1133; x_wconf 83' lang='grc' dir='ltr'><em>ἡμῶν</em></span> <span class='ocrx_word' id='word_1_60' title='bbox 807 1051 908 1133; x_wconf 87' lang='grc' dir='ltr'><em>Σίμων</em></span> <span class='ocrx_word' id='word_1_61' title='bbox 926 1052 941 1111; x_wconf 92' lang='grc' dir='ltr'><em>ό</em></span> <span class='ocrx_word' id='word_1_62' title='bbox 957 1055 1058 1133; x_wconf 83' lang='grc' dir='ltr'><em>μάγος</em></span> <span class='ocrx_word' id='word_1_63' title='bbox 1076 1053 1211 1114; x_wconf 86' lang='grc' dir='ltr'><em>ἐτόπωσε</em></span> <span class='ocrx_word' id='word_1_64' title='bbox 1223 1059 1272 1114; x_wconf 90' lang='grc' dir='ltr'><em>καί</em></span> <span class='ocrx_word' id='word_1_65' title='bbox 1283 1051 1428 1138; x_wconf 81' lang='grc' dir='ltr'><em>παρέδω-</em></span> 
     </span>
     <span class='ocr_line' id='line_1_8' title="bbox 377 1160 1427 1248; baseline 0.003 -28"><span class='ocrx_word' id='word_1_66' title='bbox 377 1181 436 1235; x_wconf 83' lang='grc' dir='ltr'><em>κεν,</em></span> <span class='ocrx_word' id='word_1_67' title='bbox 454 1163 699 1242; x_wconf 73' lang='grc' dir='ltr'><em>ἐπισπασάμενος</em></span> <span class='ocrx_word' id='word_1_68' title='bbox 716 1161 764 1248; x_wconf 73' lang='grc' dir='ltr'><em>ἐρ’</em></span> <span class='ocrx_word' id='word_1_69' title='bbox 784 1163 890 1222; x_wconf 76' lang='grc' dir='ltr'><em>ἑαυτὸν</em></span> <span class='ocrx_word' id='word_1_70' title='bbox 907 1163 940 1221; x_wconf 84' lang='grc' dir='ltr'><em>τό</em></span> <span class='ocrx_word' id='word_1_71' title='bbox 957 1169 1076 1241; x_wconf 83' lang='grc' dir='ltr'><em>πνεῦμα</em></span> <span class='ocrx_word' id='word_1_72' title='bbox 1091 1163 1124 1222; x_wconf 86' lang='grc' dir='ltr'><em>τό</em></span> <span class='ocrx_word' id='word_1_73' title='bbox 1141 1166 1270 1246; x_wconf 81' lang='grc' dir='ltr'><em>πονηρόν</em></span> <span class='ocrx_word' id='word_1_74' title='bbox 1287 1168 1336 1223; x_wconf 83' lang='grc' dir='ltr'><em>καί</em></span> <span class='ocrx_word' id='word_1_75' title='bbox 1351 1160 1427 1224; x_wconf 90' lang='grc' dir='ltr'><em>λαο-</em></span> 
     </span>
     <span class='ocr_line' id='line_1_9' title="bbox 377 1269 1427 1352; baseline 0.004 -24"><span class='ocrx_word' id='word_1_76' title='bbox 377 1269 488 1330; x_wconf 89' lang='grc' dir='ltr'><em>πλάνον</em></span> <span class='ocrx_word' id='word_1_77' title='bbox 511 1275 560 1329; x_wconf 88' lang='grc' dir='ltr'><em>καί</em></span> <span class='ocrx_word' id='word_1_78' title='bbox 577 1272 751 1331; x_wconf 83' lang='grc' dir='ltr'><em>ἀνάστατον</em></span> <span class='ocrx_word' id='word_1_79' title='bbox 768 1275 816 1330; x_wconf 82' lang='grc' dir='ltr'><em>καί</em></span> <span class='ocrx_word' id='word_1_80' title='bbox 834 1269 887 1329; x_wconf 82' lang='grc' dir='ltr'><em>ἕνα</em></span> <span class='ocrx_word' id='word_1_81' title='bbox 904 1290 939 1352; x_wconf 92' lang='grc' dir='ltr'><em>γε</em></span> <span class='ocrx_word' id='word_1_82' title='bbox 955 1272 1153 1352; x_wconf 89' lang='grc' dir='ltr'><em>τριονόματυν</em></span> <span class='ocrx_word' id='word_1_83' title='bbox 1170 1269 1245 1331; x_wconf 81' lang='grc' dir='ltr'><em>εἶναι</em></span> <span class='ocrx_word' id='word_1_84' title='bbox 1260 1270 1335 1332; x_wconf 66' lang='grc' dir='ltr'><em>θεόν</em></span> <span class='ocrx_word' id='word_1_85' title='bbox 1354 1274 1427 1332; x_wconf 92' lang='grc' dir='ltr'><em>ἀσε-</em></span> 
     </span>
     <span class='ocr_line' id='line_1_10' title="bbox 377 1372 1426 1464; baseline 0.001 -27"><span class='ocrx_word' id='word_1_86' title='bbox 377 1373 445 1458; x_wconf 84' lang='grc' dir='ltr'><em>βῶς</em></span> <span class='ocrx_word' id='word_1_87' title='bbox 462 1379 633 1461; x_wconf 71' lang='grc' dir='ltr'><em>ἐγράψατο,</em></span> <span class='ocrx_word' id='word_1_88' title='bbox 657 1385 727 1440; x_wconf 87' lang='grc' dir='ltr'><em>ποτέ</em></span> <span class='ocrx_word' id='word_1_89' title='bbox 747 1372 799 1464; x_wconf 50' lang='grc' dir='ltr'><em>[ψ</em></span> <span class='ocrx_word' id='word_1_90' title='bbox 817 1373 850 1464; x_wconf 84' lang='lat'><em>8]</em></span> <span class='ocrx_word' id='word_1_91' title='bbox 875 1377 907 1439; x_wconf 81' lang='grc' dir='ltr'><em>δὲ</em></span> <span class='ocrx_word' id='word_1_92' title='bbox 924 1383 973 1438; x_wconf 85' lang='grc' dir='ltr'><em>καί</em></span> <span class='ocrx_word' id='word_1_93' title='bbox 989 1381 1022 1438; x_wconf 82' lang='grc' dir='ltr'><em>τό</em></span> <span class='ocrx_word' id='word_1_94' title='bbox 1039 1378 1146 1448; x_wconf 70' lang='grc' dir='ltr'><em>πάθος</em></span> <span class='ocrx_word' id='word_1_95' title='bbox 1163 1387 1215 1439; x_wconf 86' lang='grc' dir='ltr'><em>τοῦ</em></span> <span class='ocrx_word' id='word_1_96' title='bbox 1232 1387 1359 1462; x_wconf 84' lang='grc' dir='ltr'><em>χριστοῦ</em></span> <span class='ocrx_word' id='word_1_97' title='bbox 1376 1385 1426 1440; x_wconf 91' lang='grc' dir='ltr'><em>καί</em></span> 
     </span>
     <span class='ocr_line' id='line_1_11' title="bbox 377 1483 1428 1568; baseline 0.005 -24"><span class='ocrx_word' id='word_1_98' title='bbox 377 1490 430 1553; x_wconf 80' lang='grc' dir='ltr'><em>τὴν</em></span> <span class='ocrx_word' id='word_1_99' title='bbox 447 1490 561 1567; x_wconf 91' lang='grc' dir='ltr'><em>γε’νεσιν</em></span> <span class='ocrx_word' id='word_1_100' title='bbox 579 1489 737 1568; x_wconf 72' lang='grc' dir='ltr'><em>ἀπέκοψεν.</em></span> <span class='ocrx_word' id='word_1_101' title='bbox 756 1490 841 1568; x_wconf 78' lang='grc' dir='ltr'><em>ὑμεῖς</em></span> <span class='ocrx_word' id='word_1_102' title='bbox 859 1483 902 1566; x_wconf 78' lang='grc' dir='ltr'><em>δέ,</em></span> <span class='ocrx_word' id='word_1_103' title='bbox 922 1485 946 1548; x_wconf 84' lang='grc' dir='ltr'><strong><em>ὦ</em></strong></span> <span class='ocrx_word' id='word_1_104' title='bbox 963 1486 1125 1566; x_wconf 75' lang='grc' dir='ltr'><em>ἐπίσκοποι,</em></span> <span class='ocrx_word' id='word_1_105' title='bbox 1143 1489 1185 1558; x_wconf 87' lang='grc' dir='ltr'><em>είς</em></span> <span class='ocrx_word' id='word_1_106' title='bbox 1202 1487 1255 1547; x_wconf 76' lang='grc' dir='ltr'><em>ἕνα</em></span> <span class='ocrx_word' id='word_1_107' title='bbox 1273 1487 1347 1548; x_wconf 68' lang='grc' dir='ltr'><em>θεὸν</em></span> <span class='ocrx_word' id='word_1_108' title='bbox 1365 1509 1428 1549; x_wconf 91' lang='grc' dir='ltr'><em>πα-</em></span> 
     </span>
     <span class='ocr_line' id='line_1_12' title="bbox 377 1593 1428 1679; baseline 0.002 -27"><span class='ocrx_word' id='word_1_109' title='bbox 377 1598 451 1677; x_wconf 90' lang='grc' dir='ltr'><em>τέρα</em></span> <span class='ocrx_word' id='word_1_110' title='bbox 464 1600 513 1655; x_wconf 87' lang='grc' dir='ltr'><em>καί</em></span> <span class='ocrx_word' id='word_1_111' title='bbox 531 1597 592 1655; x_wconf 88' lang='grc' dir='ltr'><em>υίόν</em></span> <span class='ocrx_word' id='word_1_112' title='bbox 609 1600 658 1656; x_wconf 84' lang='grc' dir='ltr'><em>καί</em></span> <span class='ocrx_word' id='word_1_113' title='bbox 675 1597 761 1678; x_wconf 84' lang='grc' dir='ltr'><em>ἅγιον</em></span> <span class='ocrx_word' id='word_1_114' title='bbox 779 1603 896 1676; x_wconf 84' lang='grc' dir='ltr'><em>πνεῦμα</em></span> <span class='ocrx_word' id='word_1_115' title='bbox 913 1600 1009 1679; x_wconf 90' lang='grc' dir='ltr'><em>τρίτον</em></span> <span class='ocrx_word' id='word_1_116' title='bbox 1028 1593 1202 1677; x_wconf 84' lang='grc' dir='ltr'><em>βαπτίσατε</em></span> <span class='ocrx_word' id='word_1_117' title='bbox 1214 1599 1294 1656; x_wconf 84' lang='grc' dir='ltr'><em>κατὰ</em></span> <span class='ocrx_word' id='word_1_118' title='bbox 1307 1601 1359 1664; x_wconf 81' lang='grc' dir='ltr'><em>τὴν</em></span> <span class='ocrx_word' id='word_1_119' title='bbox 1374 1605 1428 1655; x_wconf 79' lang='grc' dir='ltr'><em>τοῦ</em></span> 
     </span>
     <span class='ocr_line' id='line_1_13' title="bbox 376 1701 1427 1787; baseline 0.003 -26"><span class='ocrx_word' id='word_1_120' title='bbox 376 1708 478 1786; x_wconf 80' lang='grc' dir='ltr'><em>κυρίου</em></span> <span class='ocrx_word' id='word_1_121' title='bbox 495 1706 619 1786; x_wconf 81' lang='grc' dir='ltr'><em>γνώμην</em></span> <span class='ocrx_word' id='word_1_122' title='bbox 643 1708 692 1763; x_wconf 87' lang='grc' dir='ltr'><em>καί</em></span> <span class='ocrx_word' id='word_1_123' title='bbox 713 1709 765 1772; x_wconf 84' lang='grc' dir='ltr'><em>τὴν</em></span> <span class='ocrx_word' id='word_1_124' title='bbox 787 1706 937 1787; x_wconf 80' lang='grc' dir='ltr'><em>ἡμετέραν</em></span> <span class='ocrx_word' id='word_1_125' title='bbox 960 1705 990 1763; x_wconf 78' lang='grc' dir='ltr'><em>έν</em></span> <span class='ocrx_word' id='word_1_126' title='bbox 1013 1711 1057 1781; x_wconf 84' lang='grc' dir='ltr'><em>τῷ</em></span> <span class='ocrx_word' id='word_1_127' title='bbox 1083 1705 1162 1787; x_wconf 86' lang='grc' dir='ltr'><em>ἁγίῳ</em></span> <span class='ocrx_word' id='word_1_128' title='bbox 1184 1709 1331 1785; x_wconf 82' lang='grc' dir='ltr'><em>πνεύματι</em></span> <span class='ocrx_word' id='word_1_129' title='bbox 1356 1701 1427 1764; x_wconf 86' lang='grc' dir='ltr'><em>διά-</em></span> 
     </span>
     <span class='ocr_line' id='line_1_14' title="bbox 376 1805 1424 1894; baseline 0.002 -24"><span class='ocrx_word' id='word_1_130' title='bbox 376 1805 470 1884; x_wconf 86' lang='grc' dir='ltr'><em>ταξιν.</em></span> <span class='ocrx_word' id='word_1_131' title='bbox 488 1807 632 1894; x_wconf 81' lang='lat' dir='ltr'><strong>sequitur</strong></span> <span class='ocrx_word' id='word_1_132' title='bbox 648 1831 733 1872; x_wconf 85' lang='lat' dir='ltr'>nunc</span> <span class='ocrx_word' id='word_1_133' title='bbox 745 1830 848 1872; x_wconf 84' lang='lat' dir='ltr'>canon</span> <span class='ocrx_word' id='word_1_134' title='bbox 867 1819 975 1872; x_wconf 86' lang='lat' dir='ltr'><strong>noster</strong></span> <span class='ocrx_word' id='word_1_135' title='bbox 991 1832 1032 1892; x_wconf 88' lang='grc' dir='ltr'><em>μη</em></span> <span class='ocrx_word' id='word_1_136' title='bbox 1046 1829 1178 1873; x_wconf 87' lang='lat' dir='ltr'>numero</span> <span class='ocrx_word' id='word_1_137' title='bbox 1192 1810 1233 1874; x_wconf 74' lang='lat'><em>47</em></span> <span class='ocrx_word' id='word_1_138' title='bbox 1249 1808 1424 1886; x_wconf 84' lang='lat' dir='ltr'><strong>distinctus,</strong></span> 
     </span>
     <span class='ocr_line' id='line_1_15' title="bbox 375 1914 1273 2005; baseline 0.002 -27"><span class='ocrx_word' id='word_1_139' title='bbox 375 1915 429 1980; x_wconf 93' lang='lat' dir='ltr'><em>ubi</em></span> <span class='ocrx_word' id='word_1_140' title='bbox 446 1914 550 2003; x_wconf 84' lang='lat' dir='ltr'>Syrus</span> <span class='ocrx_word' id='word_1_141' title='bbox 571 1917 710 2002; x_wconf 78' lang='grc' dir='ltr'><em>ἐκβαλὼν</em></span> <span class='ocrx_word' id='word_1_142' title='bbox 727 1917 869 2005; x_wconf 83' lang='lat' dir='ltr'><strong>praebet,</strong></span> <span class='ocrx_word' id='word_1_143' title='bbox 892 1923 910 1989; x_wconf 81' lang='grc' dir='ltr'><strong><em>ἢ</em></strong></span> <span class='ocrx_word' id='word_1_144' title='bbox 927 1916 1015 2003; x_wconf 80' lang='lat' dir='ltr'>prius</span> <span class='ocrx_word' id='word_1_145' title='bbox 1037 1939 1101 1981; x_wconf 88' lang='lat' dir='ltr'><em>non</em></span> <span class='ocrx_word' id='word_1_146' title='bbox 1119 1917 1273 2002; x_wconf 80' lang='lat' dir='ltr'><strong>agnoscit.</strong></span> 
     </span>
     <span class='ocr_line' id='line_1_16' title="bbox 242 2022 1429 2113; baseline 0.003 -27"><span class='ocrx_word' id='word_1_147' title='bbox 242 2024 285 2088; x_wconf 77' lang='lat'><em>29</em></span> <span class='ocrx_word' id='word_1_148' title='bbox 314 2033 352 2086; x_wconf 81' lang='grc'><strong>14</strong></span> <span class='ocrx_word' id='word_1_149' title='bbox 378 2025 492 2111; x_wconf 80' lang='lat' dir='ltr'>regula</span> <span class='ocrx_word' id='word_1_150' title='bbox 508 2025 551 2089; x_wconf 86' lang='grc'><em>48</em></span> <span class='ocrx_word' id='word_1_151' title='bbox 569 2022 735 2112; x_wconf 82' lang='lat' dir='ltr'><strong>Syrorum.</strong></span> <span class='ocrx_word' id='word_1_152' title='bbox 765 2048 825 2113; x_wconf 85' lang='lat' dir='ltr'><em>pro</em></span> <span class='ocrx_word' id='word_1_153' title='bbox 841 2027 1013 2112; x_wconf 82' lang='grc' dir='ltr'><em>καταλόγου</em></span> <span class='ocrx_word' id='word_1_154' title='bbox 1031 2023 1134 2111; x_wconf 87' lang='lat' dir='ltr'>Syrus</span> <span class='ocrx_word' id='word_1_155' title='bbox 1151 2028 1292 2110; x_wconf 68' lang='grc' dir='ltr'><em>ἀριθμοῦ</em></span> <span class='ocrx_word' id='word_1_156' title='bbox 1307 2031 1357 2090; x_wconf 86' lang='grc' dir='ltr'><em>καί</em></span> <span class='ocrx_word' id='word_1_157' title='bbox 1373 2041 1429 2100; x_wconf 80' lang='grc' dir='ltr'><em>τῆς</em></span> 
     </span>
     <span class='ocr_line' id='line_1_17' title="bbox 377 2132 903 2221; baseline 0 -25"><span class='ocrx_word' id='word_1_158' title='bbox 377 2132 496 2211; x_wconf 83' lang='grc' dir='ltr'><em>τάξεως</em></span> <span class='ocrx_word' id='word_1_159' title='bbox 512 2143 547 2197; x_wconf 85' lang='lat' dir='ltr'><em>ut</em></span> <span class='ocrx_word' id='word_1_160' title='bbox 563 2157 595 2221; x_wconf 92' lang='lat' dir='ltr'><em>p.</em></span> <span class='ocrx_word' id='word_1_161' title='bbox 614 2134 656 2197; x_wconf 74' lang='lat'><em>22</em></span> <span class='ocrx_word' id='word_1_162' title='bbox 676 2143 726 2196; x_wconf 88' lang='lat'><em>16.</em></span> <span class='ocrx_word' id='word_1_163' title='bbox 744 2135 784 2197; x_wconf 73' lang='lat' dir='ltr'><em>cf·</em></span> <span class='ocrx_word' id='word_1_164' title='bbox 802 2135 856 2214; x_wconf 78' lang='lat'><em>31,</em></span> <span class='ocrx_word' id='word_1_165' title='bbox 873 2135 903 2198; x_wconf 87' lang='grc'><em>3.</em></span> 
     </span>
     <span class='ocr_line' id='line_1_18' title="bbox 312 2241 803 2316; baseline 0.008 -14"><span class='ocrx_word' id='word_1_166' title='bbox 312 2251 351 2303; x_wconf 89' lang='grc'><em>19</em></span> <span class='ocrx_word' id='word_1_167' title='bbox 377 2264 441 2306; x_wconf 89' lang='lat' dir='ltr'><em>non</em></span> <span class='ocrx_word' id='word_1_168' title='bbox 454 2245 605 2316; x_wconf 80' lang='grc' dir='ltr'><em>ὡσαύτως</em></span> <span class='ocrx_word' id='word_1_169' title='bbox 621 2241 678 2306; x_wconf 86' lang='lat' dir='ltr'><em>sed</em></span> <span class='ocrx_word' id='word_1_170' title='bbox 695 2247 803 2316; x_wconf 73' lang='grc' dir='ltr'><em>οὕτως.</em></span> 
     </span>
     <span class='ocr_line' id='line_1_19' title="bbox 240 2349 1422 2438; baseline 0.003 -27"><span class='ocrx_word' id='word_1_171' title='bbox 240 2349 282 2414; x_wconf 85' lang='lat'><em>30</em></span> <span class='ocrx_word' id='word_1_172' title='bbox 330 2357 347 2410; x_wconf 77' lang='lat'><strong>2</strong></span> <span class='ocrx_word' id='word_1_173' title='bbox 374 2355 485 2436; x_wconf 83' lang='grc' dir='ltr'><em>ἑορτῶν</em></span> <span class='ocrx_word' id='word_1_174' title='bbox 505 2357 557 2415; x_wconf 83' lang='grc' dir='ltr'><em>οὐκ</em></span> <span class='ocrx_word' id='word_1_175' title='bbox 580 2354 677 2417; x_wconf 71' lang='grc' dir='ltr'><em>ἐσθίει</em></span> <span class='ocrx_word' id='word_1_176' title='bbox 698 2359 773 2436; x_wconf 84' lang='grc' dir='ltr'><em>κρέα</em></span> <span class='ocrx_word' id='word_1_177' title='bbox 794 2359 844 2414; x_wconf 86' lang='grc' dir='ltr'><em>καί</em></span> <span class='ocrx_word' id='word_1_178' title='bbox 866 2357 899 2413; x_wconf 82' lang='grc' dir='ltr'><em>οὐ</em></span> <span class='ocrx_word' id='word_1_179' title='bbox 923 2359 995 2414; x_wconf 88' lang='grc' dir='ltr'><em>πίνει</em></span> <span class='ocrx_word' id='word_1_180' title='bbox 1013 2352 1099 2423; x_wconf 81' lang='grc' dir='ltr'><em>οἶνον,</em></span> <span class='ocrx_word' id='word_1_181' title='bbox 1117 2350 1174 2416; x_wconf 86' lang='lat' dir='ltr'><em>sed</em></span> <span class='ocrx_word' id='word_1_182' title='bbox 1191 2351 1270 2416; x_wconf 79' lang='lat' dir='ltr'>haec</span> <span class='ocrx_word' id='word_1_183' title='bbox 1293 2349 1422 2438; x_wconf 85' lang='lat' dir='ltr'><strong>quidem</strong></span> 
     </span>
     <span class='ocr_line' id='line_1_20' title="bbox 376 2458 620 2544; baseline 0 -23"><span class='ocrx_word' id='word_1_184' title='bbox 376 2458 548 2544; x_wconf 81' lang='lat' dir='ltr'>explicatio</span> <span class='ocrx_word' id='word_1_185' title='bbox 565 2469 620 2522; x_wconf 82' lang='lat' dir='ltr'><strong>est.</strong></span> 
     </span>
     <span class='ocr_line' id='line_1_21' title="bbox 333 2567 798 2651; baseline 0.009 -24"><span class='ocrx_word' id='word_1_186' title='bbox 333 2575 396 2628; x_wconf 64' lang='lat'><em>23</em></span> <span class='ocrx_word' id='word_1_187' title='bbox 426 2567 593 2651; x_wconf 84' lang='grc' dir='ltr'><em>βδελ....</em></span> <span class='ocrx_word' id='word_1_188' title='bbox 619 2571 744 2639; x_wconf 83' lang='grc' dir='ltr'><em>ἄσκησιν</em></span> <span class='ocrx_word' id='word_1_189' title='bbox 762 2597 798 2631; x_wconf 74' lang='grc' dir='ltr'><em>ω.</em></span> 
     </span>
     <span class='ocr_line' id='line_1_22' title="bbox 332 2676 1358 2764; baseline 0.003 -28"><span class='ocrx_word' id='word_1_190' title='bbox 332 2683 349 2736; x_wconf 87' lang='grc'><strong>6</strong></span> <span class='ocrx_word' id='word_1_191' title='bbox 374 2676 614 2750; x_wconf 78' lang='grc' dir='ltr'><em>καταλύσαντος.</em></span> <span class='ocrx_word' id='word_1_192' title='bbox 638 2687 669 2739; x_wconf 85' lang='lat' dir='ltr'><em>et</em></span> <span class='ocrx_word' id='word_1_193' title='bbox 695 2685 710 2736; x_wconf 84' lang='lat'>7</span> <span class='ocrx_word' id='word_1_194' title='bbox 737 2683 784 2740; x_wconf 86' lang='grc' dir='ltr'><em>έπ.</em></span> <span class='ocrx_word' id='word_1_195' title='bbox 803 2677 933 2756; x_wconf 75' lang='grc' dir='ltr'><em>ἀδίκως,</em></span> <span class='ocrx_word' id='word_1_196' title='bbox 958 2679 1035 2742; x_wconf 71' lang='grc' dir='ltr'><em>καθ.</em></span> <span class='ocrx_word' id='word_1_197' title='bbox 1054 2683 1194 2764; x_wconf 82' lang='grc' dir='ltr'><em>ἄρχοντα</em></span> <span class='ocrx_word' id='word_1_198' title='bbox 1215 2685 1277 2764; x_wconf 87' lang='grc' dir='ltr'><em>γὰρ</em></span> <span class='ocrx_word' id='word_1_199' title='bbox 1294 2691 1358 2740; x_wconf 83' lang='grc' dir='ltr'><em>τοῦ.</em></span> 
     </span>
     <span class='ocr_line' id='line_1_23' title="bbox 311 2784 640 2873; baseline 0.003 -27"><span class='ocrx_word' id='word_1_200' title='bbox 311 2792 349 2846; x_wconf 87' lang='grc'><em>10</em></span> <span class='ocrx_word' id='word_1_201' title='bbox 375 2789 475 2873; x_wconf 85' lang='grc' dir='ltr'><em>κωρόν</em></span> <span class='ocrx_word' id='word_1_202' title='bbox 492 2789 510 2854; x_wconf 79' lang='grc' dir='ltr'><strong>ἦ</strong></span> <span class='ocrx_word' id='word_1_203' title='bbox 529 2784 640 2870; x_wconf 86' lang='grc' dir='ltr'><em>χωλόν.</em></span> 
     </span>
     <span class='ocr_line' id='line_1_24' title="bbox 312 2890 1221 2993; baseline 0 -39"><span class='ocrx_word' id='word_1_204' title='bbox 312 2899 345 2954; x_wconf 93' lang='grc'><em>11</em></span> <span class='ocrx_word' id='word_1_205' title='bbox 374 2893 517 2977; x_wconf 85' lang='grc' dir='ltr'><em>χλευάσει</em></span> <span class='ocrx_word' id='word_1_206' title='bbox 537 2897 588 2972; x_wconf 84' lang='lat'><strong>-}·.</strong></span> <span class='ocrx_word' id='word_1_207' title='bbox 606 2890 724 2956; x_wconf 83' lang='lat' dir='ltr'><strong>Euseb.</strong></span> <span class='ocrx_word' id='word_1_208' title='bbox 743 2892 871 2980; x_wconf 84' lang='lat' dir='ltr'><strong>theoph.</strong></span> <span class='ocrx_word' id='word_1_209' title='bbox 890 2918 903 2957; x_wconf 93' lang='grc' dir='ltr'><em>ε</em></span> <span class='ocrx_word' id='word_1_210' title='bbox 920 2894 963 2957; x_wconf 84' lang='grc'><em>34</em></span> <span class='ocrx_word' id='word_1_211' title='bbox 979 2894 1143 2993; x_wconf 45' lang='grc' dir='ltr'><em>Καρ-ρει</em></span> <span class='ocrx_word' id='word_1_212' title='bbox 1160 2915 1221 2958; x_wconf 79' lang='lat' dir='ltr'>ser.</span> 
     </span>
     <span class='ocr_line' id='line_1_25' title="bbox 311 2997 1267 3088; baseline 0.001 -27"><span class='ocrx_word' id='word_1_213' title='bbox 311 3009 350 3062; x_wconf 80' lang='lat'><em>1³</em></span> <span class='ocrx_word' id='word_1_214' title='bbox 376 3011 450 3087; x_wconf 84' lang='lat' dir='ltr'>post</span> <span class='ocrx_word' id='word_1_215' title='bbox 466 3005 578 3072; x_wconf 81' lang='grc' dir='ltr'><em>αὐτοὺς</em></span> <span class='ocrx_word' id='word_1_216' title='bbox 594 2997 723 3064; x_wconf 83' lang='lat' dir='ltr'><strong>additur</strong></span> <span class='ocrx_word' id='word_1_217' title='bbox 738 3010 787 3066; x_wconf 87' lang='grc' dir='ltr'><em>καί</em></span> <span class='ocrx_word' id='word_1_218' title='bbox 804 3003 966 3066; x_wconf 82' lang='grc' dir='ltr'><em>διδάσκων.</em></span> <span class='ocrx_word' id='word_1_219' title='bbox 985 3023 1025 3066; x_wconf 85' lang='lat' dir='ltr'><em>ex</em></span> <span class='ocrx_word' id='word_1_220' title='bbox 1042 3001 1267 3088; x_wconf 75' lang='lat' dir='ltr'>explicatione,</span> 
     </span>
     <span class='ocr_line' id='line_1_26' title="bbox 312 3110 840 3196; baseline 0.006 -26"><span class='ocrx_word' id='word_1_221' title='bbox 312 3116 349 3170; x_wconf 76' lang='lat'><em>15</em></span> <span class='ocrx_word' id='word_1_222' title='bbox 375 3131 425 3195; x_wconf 90' lang='grc' dir='ltr'><em>πρ.</em></span> <span class='ocrx_word' id='word_1_223' title='bbox 444 3110 537 3173; x_wconf 80' lang='grc' dir='ltr'><em>ἐνδεεῖ</em></span> <span class='ocrx_word' id='word_1_224' title='bbox 550 3133 605 3173; x_wconf 88' lang='grc' dir='ltr'><em>τινι</em></span> <span class='ocrx_word' id='word_1_225' title='bbox 623 3112 683 3173; x_wconf 81' lang='grc' dir='ltr'><em>ὄντι</em></span> <span class='ocrx_word' id='word_1_226' title='bbox 701 3111 840 3196; x_wconf 84' lang='grc' dir='ltr'><em>κληρικῷ.</em></span> 
     </span>
     <span class='ocr_line' id='line_1_27' title="bbox 309 3215 1422 3307; baseline 0.002 -28"><span class='ocrx_word' id='word_1_227' title='bbox 309 3226 347 3279; x_wconf 90' lang='grc'><em>16</em></span> <span class='ocrx_word' id='word_1_228' title='bbox 374 3223 545 3304; x_wconf 75' lang='grc' dir='ltr'><em>έπιχυρηγῇ</em></span> <span class='ocrx_word' id='word_1_229' title='bbox 565 3223 616 3299; x_wconf 78' lang='lat'><em>†.</em></span> <span class='ocrx_word' id='word_1_230' title='bbox 645 3227 719 3306; x_wconf 84' lang='lat' dir='ltr'><strong>post</strong></span> <span class='ocrx_word' id='word_1_231' title='bbox 732 3225 822 3306; x_wconf 80' lang='grc' dir='ltr'><em>ἀρορ.</em></span> <span class='ocrx_word' id='word_1_232' title='bbox 841 3215 865 3284; x_wconf 83' lang='lat' dir='ltr'>S</span> <span class='ocrx_word' id='word_1_233' title='bbox 884 3221 927 3290; x_wconf 87' lang='grc' dir='ltr'><em>ὡς</em></span> <span class='ocrx_word' id='word_1_234' title='bbox 945 3227 1096 3306; x_wconf 83' lang='grc' dir='ltr'><em>ρονεὺσας</em></span> <span class='ocrx_word' id='word_1_235' title='bbox 1113 3226 1161 3282; x_wconf 87' lang='grc' dir='ltr'><em>τόν</em></span> <span class='ocrx_word' id='word_1_236' title='bbox 1181 3219 1310 3307; x_wconf 83' lang='grc' dir='ltr'><em>ἀδελρδν</em></span> <span class='ocrx_word' id='word_1_237' title='bbox 1327 3224 1422 3283; x_wconf 78' lang='grc' dir='ltr'><em>αὐτοῦ</em></span> 
     </span>
     <span class='ocr_line' id='line_1_28' title="bbox 374 3329 1227 3414; baseline 0.001 -26"><span class='ocrx_word' id='word_1_238' title='bbox 374 3335 423 3390; x_wconf 87' lang='grc' dir='ltr'><em>καί</em></span> <span class='ocrx_word' id='word_1_239' title='bbox 440 3331 586 3409; x_wconf 67' lang='grc' dir='ltr'><em>ἐπιμένων</em></span> <span class='ocrx_word' id='word_1_240' title='bbox 602 3341 638 3408; x_wconf 79' lang='grc' dir='ltr'><em>τῃ·</em></span> <span class='ocrx_word' id='word_1_241' title='bbox 657 3333 787 3413; x_wconf 72' lang='grc' dir='ltr'><em>πονηρίαι</em></span> <span class='ocrx_word' id='word_1_242' title='bbox 803 3329 1040 3414; x_wconf 67' lang='grc' dir='ltr'><em>καθαιρείσθωε</em></span> <span class='ocrx_word' id='word_1_243' title='bbox 1065 3349 1110 3391; x_wconf 88' lang='lat' dir='ltr'><em>vs.</em></span> <span class='ocrx_word' id='word_1_244' title='bbox 1132 3337 1169 3389; x_wconf 82' lang='lat'><em>17</em></span> <span class='ocrx_word' id='word_1_245' title='bbox 1192 3357 1227 3389; x_wconf 74' lang='grc' dir='ltr'><em>ω.</em></span> 
     </span>
     <span class='ocr_line' id='line_1_29' title="bbox 310 3434 774 3523; baseline 0.004 -27"><span class='ocrx_word' id='word_1_246' title='bbox 310 3443 347 3497; x_wconf 88' lang='grc'><em>18</em></span> <span class='ocrx_word' id='word_1_247' title='bbox 373 3434 610 3523; x_wconf 80' lang='grc' dir='ltr'><em>ψευδεπίγραρα</em></span> <span class='ocrx_word' id='word_1_248' title='bbox 632 3449 681 3505; x_wconf 85' lang='lat'><em>÷.</em></span> <span class='ocrx_word' id='word_1_249' title='bbox 772 3495 774 3498; x_wconf 84' lang='lat'>.</span> 
     </span>
     <span class='ocr_line' id='line_1_30' title="bbox 307 3543 1376 3634; baseline 0.005 -31"><span class='ocrx_word' id='word_1_250' title='bbox 307 3550 347 3603; x_wconf 78' lang='lat'><em>22</em></span> <span class='ocrx_word' id='word_1_251' title='bbox 374 3544 441 3613; x_wconf 78' lang='grc' dir='ltr'><em>ἀῆ</em></span> <span class='ocrx_word' id='word_1_252' title='bbox 461 3543 624 3608; x_wconf 88' lang='grc' dir='ltr'><em>Ἰουδαίου.</em></span> <span class='ocrx_word' id='word_1_253' title='bbox 647 3553 679 3608; x_wconf 82' lang='lat' dir='ltr'><em>et</em></span> <span class='ocrx_word' id='word_1_254' title='bbox 695 3551 735 3605; x_wconf 79' lang='lat'><em>23</em></span> <span class='ocrx_word' id='word_1_255' title='bbox 760 3547 857 3628; x_wconf 87' lang='grc' dir='ltr'><em>ὄνομα</em></span> <span class='ocrx_word' id='word_1_256' title='bbox 872 3553 932 3607; x_wconf 82' lang='grc' dir='ltr'><em>τῶν</em></span> <span class='ocrx_word' id='word_1_257' title='bbox 949 3558 1144 3629; x_wconf 79' lang='grc' dir='ltr'><em>χριστιανῶν,</em></span> <span class='ocrx_word' id='word_1_258' title='bbox 1166 3547 1376 3634; x_wconf 70' lang='grc' dir='ltr'><em>ἀροριζέσθω.</em></span> 
     </span>
     <span class='ocr_line' id='line_1_31' title="bbox 239 3649 761 3735; baseline 0.004 -22"><span class='ocrx_word' id='word_1_259' title='bbox 239 3651 279 3713; x_wconf 90' lang='grc'><em>31</em></span> <span class='ocrx_word' id='word_1_260' title='bbox 331 3660 345 3712; x_wconf 94' lang='grc'><strong>1</strong></span> <span class='ocrx_word' id='word_1_261' title='bbox 372 3657 534 3735; x_wconf 86' lang='grc' dir='ltr'><em>μετάνοιαν</em></span> <span class='ocrx_word' id='word_1_262' title='bbox 552 3651 584 3716; x_wconf 84' lang='grc' dir='ltr'><em>δέ</em></span> <span class='ocrx_word' id='word_1_263' title='bbox 601 3649 761 3728; x_wconf 80' lang='grc' dir='ltr'><em>ἐπιδείξας.</em></span> 
     </span>
     <span class='ocr_line' id='line_1_32' title="bbox 329 3760 1423 3849; baseline 0.002 -29"><span class='ocrx_word' id='word_1_264' title='bbox 329 3767 346 3820; x_wconf 86' lang='grc'>3</span> <span class='ocrx_word' id='word_1_265' title='bbox 372 3760 563 3824; x_wconf 77' lang='lat' dir='ltr'><strong>vocabulum</strong></span> <span class='ocrx_word' id='word_1_266' title='bbox 580 3762 752 3847; x_wconf 83' lang='grc' dir='ltr'><em>κατάλογος</em></span> <span class='ocrx_word' id='word_1_267' title='bbox 773 3761 856 3825; x_wconf 82' lang='lat' dir='ltr'>solet</span> <span class='ocrx_word' id='word_1_268' title='bbox 871 3771 1022 3848; x_wconf 83' lang='lat' dir='ltr'><strong>torquere</strong></span> <span class='ocrx_word' id='word_1_269' title='bbox 1038 3762 1247 3849; x_wconf 80' lang='lat' dir='ltr'><strong>interpretem</strong></span> <span class='ocrx_word' id='word_1_270' title='bbox 1265 3771 1423 3826; x_wconf 86' lang='lat' dir='ltr'><strong>nostrum:</strong></span> 
     </span>
     <span class='ocr_line' id='line_1_33' title="bbox 371 3866 1234 3958; baseline 0.005 -27"><span class='ocrx_word' id='word_1_271' title='bbox 371 3866 402 3930; x_wconf 93' lang='lat' dir='ltr'><em>h.</em></span> <span class='ocrx_word' id='word_1_272' title='bbox 421 3867 443 3932; x_wconf 89' lang='lat' dir='ltr'><em>l.</em></span> <span class='ocrx_word' id='word_1_273' title='bbox 459 3868 566 3956; x_wconf 86' lang='lat' dir='ltr'>posuit</span> <span class='ocrx_word' id='word_1_274' title='bbox 582 3871 660 3943; x_wconf 84' lang='grc' dir='ltr'><em>ὅλως</em></span> <span class='ocrx_word' id='word_1_275' title='bbox 676 3871 870 3956; x_wconf 81' lang='grc' dir='ltr'><em>λογιζόμενος</em></span> <span class='ocrx_word' id='word_1_276' title='bbox 887 3875 916 3934; x_wconf 80' lang='grc' dir='ltr'><em>έν</em></span> <span class='ocrx_word' id='word_1_277' title='bbox 934 3873 1063 3958; x_wconf 72' lang='grc' dir='ltr'><em>ἀριθμῷ</em></span> <span class='ocrx_word' id='word_1_278' title='bbox 1082 3877 1234 3957; x_wconf 84' lang='grc' dir='ltr'><em>ιἐρατικῷ.</em></span> 
     </span>
     <span class='ocr_line' id='line_1_34' title="bbox 329 3981 569 4059; baseline 0.008 -19"><span class='ocrx_word' id='word_1_279' title='bbox 329 3985 346 4040; x_wconf 81' lang='grc'><strong>5</strong></span> <span class='ocrx_word' id='word_1_280' title='bbox 373 3981 496 4041; x_wconf 84' lang='grc' dir='ltr'><em>ἀπεῖπεν</em></span> <span class='ocrx_word' id='word_1_281' title='bbox 519 3984 569 4059; x_wconf 81' lang='lat'><em>†.</em></span> 
     </span>
     <span class='ocr_line' id='line_1_35' title="bbox 328 4086 1384 4176; baseline -0.002 -27"><span class='ocrx_word' id='word_1_282' title='bbox 328 4093 346 4148; x_wconf 87' lang='grc'>8</span> <span class='ocrx_word' id='word_1_283' title='bbox 372 4091 437 4158; x_wconf 78' lang='grc' dir='ltr'><em>ἑνός</em></span> <span class='ocrx_word' id='word_1_284' title='bbox 454 4086 638 4172; x_wconf 78' lang='grc' dir='ltr'><em>σαββάτουε</em></span> <span class='ocrx_word' id='word_1_285' title='bbox 655 4089 732 4152; x_wconf 69' lang='grc' dir='ltr'><em>καθ.</em></span> <span class='ocrx_word' id='word_1_286' title='bbox 751 4124 794 4134; x_wconf 87' lang='grc'>-</span> <span class='ocrx_word' id='word_1_287' title='bbox 812 4093 864 4151; x_wconf 86' lang='grc' dir='ltr'><em>ἑάν</em></span> <span class='ocrx_word' id='word_1_288' title='bbox 882 4088 914 4152; x_wconf 83' lang='grc' dir='ltr'><em>δὲ</em></span> <span class='ocrx_word' id='word_1_289' title='bbox 930 4090 957 4152; x_wconf 93' lang='grc' dir='ltr'><em>λ.</em></span> <span class='ocrx_word' id='word_1_290' title='bbox 975 4094 1006 4171; x_wconf 71' lang='grc' dir='ltr'><em>ᾖ,</em></span> <span class='ocrx_word' id='word_1_291' title='bbox 1025 4094 1078 4176; x_wconf 88' lang='grc' dir='ltr'><em>ἀρ.</em></span> <span class='ocrx_word' id='word_1_292' title='bbox 1097 4087 1140 4150; x_wconf 83' lang='lat' dir='ltr'><em>ita</em></span> <span class='ocrx_word' id='word_1_293' title='bbox 1156 4087 1250 4150; x_wconf 82' lang='lat' dir='ltr'><strong>etiam</strong></span> <span class='ocrx_word' id='word_1_294' title='bbox 1267 4107 1312 4150; x_wconf 80' lang='lat' dir='ltr'><em>vs.</em></span> <span class='ocrx_word' id='word_1_295' title='bbox 1335 4095 1384 4149; x_wconf 78' lang='lat'><em>12.</em></span> 
     </span>
     <span class='ocr_line' id='line_1_36' title="bbox 310 4200 637 4280; baseline 0.003 -23"><span class='ocrx_word' id='word_1_296' title='bbox 310 4200 341 4257; x_wconf 94' lang='lat' dir='ltr'><em>ll</em></span> <span class='ocrx_word' id='word_1_297' title='bbox 371 4201 481 4280; x_wconf 79' lang='grc' dir='ltr'><em>κροόσῃ</em></span> <span class='ocrx_word' id='word_1_298' title='bbox 498 4201 548 4258; x_wconf 86' lang='grc' dir='ltr'><em>καί</em></span> <span class='ocrx_word' id='word_1_299' title='bbox 565 4202 637 4259; x_wconf 88' lang='grc' dir='ltr'><em>ἀπὸ.</em></span> 
     </span>
     <span class='ocr_line' id='line_1_37' title="bbox 316 4337 1425 4391; baseline 0.001 -12"><span class='ocrx_word' id='word_1_300' title='bbox 316 4337 334 4388; x_wconf 84' lang='lat'><em>¹)</em></span> <span class='ocrx_word' id='word_1_301' title='bbox 349 4339 403 4379; x_wconf 72' lang='lat' dir='ltr'><em>hm</em></span> <span class='ocrx_word' id='word_1_302' title='bbox 419 4340 492 4378; x_wconf 70' lang='lat' dir='ltr'>omnin</span> <span class='ocrx_word' id='word_1_303' title='bbox 507 4339 555 4378; x_wconf 74' lang='grc' dir='ltr'><em>ι1πσ</em></span> <span class='ocrx_word' id='word_1_304' title='bbox 570 4341 661 4380; x_wconf 68' lang='lat' dir='ltr'><em>ultoriu-</em></span> <span class='ocrx_word' id='word_1_305' title='bbox 676 4342 759 4381; x_wconf 75' lang='grc' dir='ltr'><em>εοδ1σ1ι</em></span> <span class='ocrx_word' id='word_1_306' title='bbox 775 4353 843 4391; x_wconf 77' lang='lat' dir='ltr'>open</span> <span class='ocrx_word' id='word_1_307' title='bbox 857 4344 895 4381; x_wconf 79' lang='lat' dir='ltr'><em>vix</em></span> <span class='ocrx_word' id='word_1_308' title='bbox 915 4341 942 4381; x_wconf 71' lang='lat' dir='ltr'><em>ad</em></span> <span class='ocrx_word' id='word_1_309' title='bbox 963 4341 1072 4390; x_wconf 72' lang='lat' dir='ltr'><strong>liquidum</strong></span> <span class='ocrx_word' id='word_1_310' title='bbox 1087 4341 1167 4380; x_wconf 76' lang='grc' dir='ltr'><em>ιδᾱυεί</em></span> <span class='ocrx_word' id='word_1_311' title='bbox 1182 4343 1293 4390; x_wconf 82' lang='grc' dir='ltr'><em>ρο1οτιιιι1.</em></span> <span class='ocrx_word' id='word_1_312' title='bbox 1319 4342 1373 4384; x_wconf 66' lang='grc'><strong>’11311</strong></span> <span class='ocrx_word' id='word_1_313' title='bbox 1391 4345 1425 4380; x_wconf 78' lang='grc' dir='ltr'><em>σει</em></span> 
     </span>
     <span class='ocr_line' id='line_1_38' title="bbox 236 4410 1423 4466; baseline 0.002 -15"><span class='ocrx_word' id='word_1_314' title='bbox 236 4411 328 4465; x_wconf 79' lang='grc' dir='ltr'><em>ποιητὴς</em></span> <span class='ocrx_word' id='word_1_315' title='bbox 342 4413 417 4452; x_wconf 68' lang='lat' dir='ltr'><strong>Iacob.</strong></span> <span class='ocrx_word' id='word_1_316' title='bbox 434 4413 441 4450; x_wconf 96' lang='grc'><strong>1</strong></span> <span class='ocrx_word' id='word_1_317' title='bbox 456 4413 490 4451; x_wconf 72' lang='grc'><em>12.</em></span> <span class='ocrx_word' id='word_1_318' title='bbox 502 4411 536 4452; x_wconf 73' lang='grc'><em>13.</em></span> <span class='ocrx_word' id='word_1_319' title='bbox 548 4413 575 4452; x_wconf 73' lang='grc'><em>115</em></span> <span class='ocrx_word' id='word_1_320' title='bbox 588 4413 612 4452; x_wconf 76' lang='lat' dir='ltr'><em>iv</em></span> <span class='ocrx_word' id='word_1_321' title='bbox 628 4416 651 4452; x_wconf 87' lang='lat'><em>11</em></span> <span class='ocrx_word' id='word_1_322' title='bbox 667 4413 731 4454; x_wconf 80' lang='lat' dir='ltr'><strong>Rom.</strong></span> <span class='ocrx_word' id='word_1_323' title='bbox 746 4415 762 4453; x_wconf 85' lang='grc'><em>11</em></span> <span class='ocrx_word' id='word_1_324' title='bbox 779 4415 816 4453; x_wconf 76' lang='lat'><em>18:</em></span> <span class='ocrx_word' id='word_1_325' title='bbox 832 4417 873 4454; x_wconf 73' lang='lat' dir='ltr'><em>rel.</em></span> <span class='ocrx_word' id='word_1_326' title='bbox 885 4418 897 4452; x_wconf 70' lang='lat' dir='ltr'><strong>n</strong></span> <span class='ocrx_word' id='word_1_327' title='bbox 910 4415 949 4453; x_wconf 74' lang='lat'><em>20:</em></span> <span class='ocrx_word' id='word_1_328' title='bbox 965 4413 1052 4466; x_wconf 77' lang='grc' dir='ltr'><em>κτίστης</em></span> <span class='ocrx_word' id='word_1_329' title='bbox 1067 4415 1106 4454; x_wconf 74' lang='lat' dir='ltr'><strong>rel.</strong></span> <span class='ocrx_word' id='word_1_330' title='bbox 1123 4425 1144 4464; x_wconf 80' lang='grc' dir='ltr'><em>ρ.</em></span> <span class='ocrx_word' id='word_1_331' title='bbox 1161 4415 1182 4452; x_wconf 72' lang='lat'><em>22</em></span> <span class='ocrx_word' id='word_1_332' title='bbox 1197 4414 1209 4452; x_wconf 73' lang='lat'><strong>²</strong></span> <span class='ocrx_word' id='word_1_333' title='bbox 1225 4416 1254 4457; x_wconf 66' lang='lat' dir='ltr'><em>w</em></span> <span class='ocrx_word' id='word_1_334' title='bbox 1270 4413 1307 4453; x_wconf 78' lang='lat'><em>15:</em></span> <span class='ocrx_word' id='word_1_335' title='bbox 1324 4410 1423 4466; x_wconf 78' lang='grc' dir='ltr'><em>δημιουρ-</em></span> 
     </span>
    </p>
   </div>
   <div class='ocr_carea' id='block_1_5' title="bbox 236 4469 1424 4610">
    <p class='ocr_par' dir='ltr' id='par_1_5' title="bbox 236 4469 1424 4610">
     <span class='ocr_line' id='line_1_39' title="bbox 236 4469 1424 4540; baseline 0.001 -16"><span class='ocrx_word' id='word_1_336' title='bbox 236 4483 273 4538; x_wconf 76' lang='grc' dir='ltr'><em>γός</em></span> <span class='ocrx_word' id='word_1_337' title='bbox 287 4485 357 4524; x_wconf 77' lang='lat' dir='ltr'>Hebr.</span> <span class='ocrx_word' id='word_1_338' title='bbox 373 4485 395 4524; x_wconf 77' lang='lat' dir='ltr'><em>xi</em></span> <span class='ocrx_word' id='word_1_339' title='bbox 411 4486 443 4524; x_wconf 83' lang='lat'><em>10.</em></span> <span class='ocrx_word' id='word_1_340' title='bbox 466 4484 518 4522; x_wconf 81' lang='lat' dir='ltr'>hlne</span> <span class='ocrx_word' id='word_1_341' title='bbox 533 4487 631 4528; x_wconf 64' lang='lat' dir='ltr'><em>ww</em></span> <span class='ocrx_word' id='word_1_342' title='bbox 649 4485 716 4525; x_wconf 72' lang='lat' dir='ltr'>debet</span> <span class='ocrx_word' id='word_1_343' title='bbox 736 4497 785 4526; x_wconf 79' lang='grc' dir='ltr'><em>σειο</em></span> <span class='ocrx_word' id='word_1_344' title='bbox 800 4483 936 4540; x_wconf 79' lang='grc' dir='ltr'><em>δημιουργια.</em></span> <span class='ocrx_word' id='word_1_345' title='bbox 960 4488 991 4525; x_wconf 73' lang='lat' dir='ltr'><em>iu</em></span> <span class='ocrx_word' id='word_1_346' title='bbox 1005 4489 1062 4526; x_wconf 77' lang='grc' dir='ltr'><em>τετιί</em></span> <span class='ocrx_word' id='word_1_347' title='bbox 1081 4497 1106 4525; x_wconf 79' lang='grc' dir='ltr'><em>ευ</em></span> <span class='ocrx_word' id='word_1_348' title='bbox 1126 4469 1200 4525; x_wconf 64' lang='grc'><strong>111115</strong></span> <span class='ocrx_word' id='word_1_349' title='bbox 1221 4499 1242 4536; x_wconf 79' lang='grc' dir='ltr'><em>ρ.</em></span> <span class='ocrx_word' id='word_1_350' title='bbox 1260 4487 1322 4525; x_wconf 75' lang='grc'><strong>11111</strong></span> <span class='ocrx_word' id='word_1_351' title='bbox 1341 4488 1424 4525; x_wconf 76' lang='grc' dir='ltr'><em>ωαίοε</em></span> 
     </span>
     <span class='ocr_line' id='line_1_40' title="bbox 236 4555 873 4610; baseline 0 -14"><span class='ocrx_word' id='word_1_352' title='bbox 236 4557 421 4607; x_wconf 68' lang='lat' dir='ltr'><em>praecedentibus</em></span> <span class='ocrx_word' id='word_1_353' title='bbox 437 4559 554 4607; x_wconf 75' lang='lat' dir='ltr'>repetitum</span> <span class='ocrx_word' id='word_1_354' title='bbox 569 4565 636 4596; x_wconf 79' lang='grc' dir='ltr'><em>εειει.</em></span> <span class='ocrx_word' id='word_1_355' title='bbox 654 4580 679 4586; x_wconf 94' lang='grc'><strong>-</strong></span> <span class='ocrx_word' id='word_1_356' title='bbox 698 4555 716 4610; x_wconf 87' lang='lat'><em>¹)</em></span> <span class='ocrx_word' id='word_1_357' title='bbox 732 4559 799 4597; x_wconf 76' lang='lat' dir='ltr'><strong>Dent.</strong></span> <span class='ocrx_word' id='word_1_358' title='bbox 816 4561 873 4598; x_wconf 78' lang='grc' dir='ltr'><em>ι14.</em></span> 
     </span>
    </p>
   </div>
   <div class='ocr_carea' id='block_1_6' title="bbox 0 0 1564 4980">
    <p class='ocr_par' dir='ltr' id='par_1_6' title="bbox 0 0 1564 4980">
     <span class='ocr_line' id='line_1_41' title="bbox 0 0 1564 4980; baseline 0 2"><span class='ocrx_word' id='word_1_359' title='bbox 0 0 1564 4980; x_wconf 95' lang='lat' dir='ltr'><em> </em></span> 
     </span>
    </p>
   </div>
  </div>
 </body>
</html>
