3120 4980
1356 275 1405 331 LV

227 475 388 549 quererer.
407 454 586 520 versionem
600 474 676 518 vero
690 455 848 542 syriacam
860 455 904 518 ita
917 453 1045 536 contuli,
1062 463 1098 518 ut
1113 451 1258 516 lectionis
1269 449 1406 514 varietas

227 565 301 630 inde
324 564 507 651 desumpta,
528 582 610 649 quae
627 573 733 627 cetera
748 561 899 628 incertior
913 571 1007 643 esset,
1031 585 1102 626 cum
1118 561 1270 626 varietate
1286 581 1304 624 e
1321 558 1406 624 codi-¹

227 674 317 740 cibus
333 672 460 761 graecis
475 671 576 760 petita
591 693 656 735 non
672 693 735 736 uno
751 671 821 736 loco
839 670 1054 737 exhiberetur.
1073 669 1201 735 omnino
1217 691 1283 735 non
1298 668 1330 734 id
1343 668 1405 755 egi,

229 793 263 848 ut
291 803 361 846 eam
388 780 539 847 orationis
565 779 702 874 formam
728 778 916 866 indagarem
943 800 1025 866 qnae
1046 787 1155 868 posset
1176 799 1215 842 ex
1244 788 1407 844 auctorum

230 890 359 956 calamis
376 889 507 970 exiisse,
530 888 587 954 sed
603 900 638 954 ut
653 888 722 956 aliis
738 887 821 952 viem
838 887 1088 953 commodiorem
1103 887 1272 952 redderem
1289 909 1351 972 qua
1367 885 1407 951 ad

228 999 366 1063 nativam
401 998 515 1064 horum
552 997 708 1062 librorum
738 996 955 1084 integritatem
990 994 1247 1083 cognoscendam
1278 1005 1409 1084 possent

226 1106 405 1195 pervenire.
438 1105 479 1171 de
501 1115 568 1171 toto
591 1127 663 1170 meo
686 1105 818 1171 consilio
841 1104 918 1191 quid
941 1127 1002 1192 ego
1023 1105 1118 1193 plura
1141 1102 1408 1169 commemorem?

228 1215 316 1302 quasi
333 1237 408 1280 vero
426 1214 557 1279 dubium
573 1213 628 1296 sit,
652 1213 730 1301 quin
745 1213 837 1278 multi
852 1213 1014 1301 potuerint
1028 1211 1179 1294 inveniri,
1197 1212 1311 1298 quibus
1328 1233 1409 1298 quae

228 1345 290 1411 ego
302 1345 387 1387 nune
399 1323 460 1389 edo
472 1323 572 1412 longe
586 1323 700 1388 melius
713 1322 809 1388 edere
822 1321 969 1386 licuisset.
988 1343 1099 1386 verum
1111 1321 1156 1386 ita
1164 1341 1231 1386 rem
1244 1343 1278 1386 se
1289 1305 1409 1386 habere

227 1432 471 1518 intellegebam,
496 1441 531 1498 ut
554 1431 608 1518 qui
622 1453 679 1497 -me
702 1431 770 1519 ipso
794 1452 862 1496 rem
885 1429 998 1494 melius
1021 1429 1122 1494 acturi
1142 1429 1275 1494 fuissent
1289 1429 1410 1517 reperi·

227 1552 338 1606 rentur
354 1540 454 1622 multi,
472 1540 527 1627 qui
541 1561 617 1606 vero
633 1538 810 1626 gerendam
827 1539 988 1627 suscipere
1004 1537 1102 1604 vellet
1116 1559 1210 1603 nemo
1226 1537 1408 1603 haberetur.

230 1649 393 1730 deterruit,
411 1649 444 1712 ni
456 1647 559 1732 fallor,
577 1649 635 1714 hos
647 1648 801 1714 librorum
813 1669 909 1712 manu
921 1646 1121 1736 scriptorum,
1139 1645 1192 1735 qui
1206 1647 1265 1710 sub
1279 1668 1408 1711 censum

229 1757 390 1840 venirent,
417 1779 476 1844 por
497 1779 607 1822 omnes
637 1755 804 1822 universae
826 1754 976 1843 Europae
997 1755 1206 1823 bibliothecas
1229 1754 1411 1820 dissitorum

231 1887 397 1948 numerus,
420 1888 499 1952 quos
517 1865 570 1952 qui
586 1874 749 1929 excuteret
765 1864 925 1930 neminem
941 1886 1011 1930 esse
1027 1863 1275 1946 arbitrarentur,
1299 1884 1410 1928 omnes

230 1997 306 2040 vero
329 1973 528 2040 adhibendos
545 1995 614 2038 esse
631 1983 813 2038 censerent:
839 1973 892 2036 alii
909 1973 951 2038 ad
965 1973 1073 2060 legum
1090 1973 1241 2038 harumce
1257 1971 1411 2037 macilen-

229 2083 304 2148 tiam
321 2094 352 2148 et
369 2081 529 2169 quandam
545 2081 634 2168 quasi
651 2080 860 2148 umbraticam
875 2080 1035 2148 tristitiam
1052 2083 1258 2164 nauseabant,
1276 2103 1411 2168 quarum

229 2190 401 2257 editionem
415 2214 479 2256 non
490 2193 569 2274 foro,
583 2191 641 2256 sed
653 2191 782 2256 scholae
791 2189 941 2256 destinari
951 2201 1181 2256 necesseesset.
1199 2190 1277 2278 quid
1288 2188 1412 2254 mnlta‘l

230 2299 355 2365 accinxi
363 2321 414 2364 me
423 2297 464 2363 ad
473 2323 551 2388 opus
561 2323 627 2365 non
638 2299 829 2382 faciendum,
844 2299 900 2366 sed
913 2300 1139 2382 inchoandum,
1154 2300 1248 2366 homo
1258 2301 1412 2366 obscurus

231 2409 332 2495 etqui
349 2407 469 2472 nullam
480 2407 604 2495 gloriae
620 2409 772 2474 iacturam
788 2411 928 2474 facturus
941 2431 1052 2488 essem,
1069 2409 1095 2474 si
1108 2409 1246 2475 humane
1262 2408 1410 2496 egissem.

232 2537 336 2604 neque
358 2525 423 2580 tem
444 2515 523 2580 mihi
538 2518 707 2583 molestum
724 2517 784 2581 erit
805 2516 1001 2605 reprehendi
1023 2537 1153 2604 operam
1175 2537 1295 2598 meam,
1317 2538 1412 2602 quam

233 2623 407 2689 iucundum
431 2624 551 2711 requiri
573 2647 592 2688 a
614 2625 691 2690 viris
718 2625 820 2690 doctis
840 2626 948 2714 legum
972 2625 1214 2690 christianarum
1242 2623 1413 2690 editionem

232 2732 273 2798 ad
294 2734 450 2799 librorum
473 2753 570 2797 manu
591 2733 782 2820 scriptorum
799 2743 956 2822 quotquot
972 2745 1143 2821 supersunt
1159 2733 1300 2799 omnium
1316 2733 1414 2799 fidem

234 2852 389 2907 exactam.
425 2863 476 2906 me
505 2851 606 2924 certe,
638 2841 693 2929 qui
720 2852 906 2931 apparatum
935 2842 1176 2931 locupletiorem
1204 2842 1413 2930 congesserit,

234 2950 365 3016 habebit
392 2949 441 3015 cui
464 2949 559 3016 leude
581 2950 784 3038 dignissimus
806 2951 961 3018 videatur.
984 2950 1123 3038 plurima
1149 2950 1295 3016 facienda
1318 2972 1415 3038 super

235 3080 306 3125 esse
328 3081 393 3125 non
416 3058 571 3144 estquod
595 3081 728 3146 negem:
751 3060 801 3124 sin
823 3043 904 3147 quae
926 3081 990 3147 ego
1011 3059 1072 3126 feci
1094 3059 1137 3124 ita
1152 3060 1236 3124 facta
1252 3080 1322 3126 esse
1338 3059 1414 3124 viris

235 3166 335 3232 doctis
351 3169 530 3254 probavero
547 3179 580 3232 ut
596 3167 742 3252 iterando
756 3169 791 3232 in
807 3168 856 3233 his
872 3168 983 3233 labore
1000 3189 1066 3232 non
1082 3177 1231 3254 egeatnr,
1249 3167 1309 3232 erit
1325 3167 1412 3254 quod

234 3275 313 3340 mihi
336 3276 489 3364 gratcder.
521 3276 607 3363 quod
622 3298 699 3342 vero
723 3276 798 3341 huie
819 3275 1008 3364 praefationi
1025 3298 1090 3341 non
1105 3299 1208 3366 pauca
1224 3275 1414 3342 inseruerim

235 3405 318 3472 quae
339 3385 398 3450 etsi
420 3407 492 3450 oum
514 3388 610 3451 rebus
634 3384 808 3451 tractmdis
830 3383 1040 3451 cohaererent
1062 3385 1164 3471 omitti
1194 3396 1302 3450 tamen
1322 3397 1414 3474 potu-

236 3493 350 3571 issent,
373 3493 440 3558 eius
464 3493 510 3560 rei
527 3494 650 3560 veniam
673 3494 757 3582 apud
779 3516 834 3560 eos
857 3504 1126 3581 consequuturum
1147 3517 1199 3560 me
1222 3516 1291 3560 esse
1307 3517 1414 3584 spere-

236 3601 352 3684 verim,
377 3603 431 3689 qui
447 3602 594 3668 iuvenem
612 3604 726 3668 decere
742 3613 908 3686 censeant,
925 3615 960 3668 ut
976 3625 1009 3668 se
1025 3603 1198 3692 impigrum
1215 3603 1257 3669 ad
1272 3604 1416 3672 laborem

238 3721 269 3774 et
285 3732 400 3774 arenae
416 3733 480 3776 non
504 3712 600 3800 plane
622 3712 805 3801 imperitum
828 3734 897 3778 esse
912 3712 1068 3778 ostendat.
1093 3711 1229 3778 calearia
1245 3734 1310 3778 non
1326 3735 1416 3778 secus

237 3817 290 3883 odi
313 3842 409 3906 quam
433 3821 563 3908 eosqui
587 3821 762 3886 calcaribus
785 3821 940 3886 incitandi
961 3833 1051 3886 sunt:
1076 3820 1145 3910 ipse
1169 3823 1258 3904 freno
1275 3820 1416 3887 coerceri

238 3949 333 4013 quam
349 3928 477 3993 stimulo
493 3929 600 4016 aliquo
622 3929 736 4017 agitari
751 3931 843 3995 malo.
871 3951 975 4016 neque
997 3929 1077 3995 haec
1100 3929 1186 3995 edidi
1208 3928 1268 3993 nisi
1285 3939 1318 3999 ut
1334 3950 1417 4015 quae

238 4046 350 4123 postea
359 4035 500 4102 editurus
510 4060 612 4104 essem
621 4037 733 4104 melius
744 4037 841 4104 edere
853 4040 953 4104 ethoe
963 4061 1035 4104 meo
1045 4037 1162 4103 edendi
1171 4061 1230 4104 usu
1239 4048 1271 4102 et
1282 4037 1417 4103 aliorum

239 4139 486 4232 reprehensione
504 4145 669 4211 discerem.
695 4145 809 4212 asellos
825 4158 898 4234 post
922 4145 1023 4210 diaria
1042 4145 1141 4228 daho,
1169 4147 1193 4210 si
1213 4145 1267 4233 qni
1286 4146 1319 4210 in
1337 4146 1417 4210 retia

239 4253 321 4318 forte
327 4251 505 4319 inciderint.
519 4276 603 4319 nuno
611 4254 689 4319 mihi
699 4255 732 4318 in
740 4275 777 4318 eo
786 4264 859 4318 sunt
868 4255 984 4336 omnia,
995 4263 1029 4318 ut
1036 4253 1141 4341 aliquo
1149 4253 1278 4320 tandem
1287 4253 1416 4319 nomine

240 4360 373 4448 dignum
389 4384 440 4427 me
453 4385 521 4428 esse
537 4362 714 4446 ostendam,
731 4363 786 4450 qui
800 4363 833 4427 in
845 4363 1081 4451 philologorum
1093 4385 1258 4428 numerum
1270 4363 1416 4450 recipiar.

330 4471 445 4536 dabam
460 4471 605 4536 Berolini
621 4496 648 4534 a.
667 4471 697 4535 d.
715 4479 814 4534 XVIII
831 4472 893 4535 kal.
911 4473 1117 4560 septembres.
