3120 4980
1341 303 1443 358 XXIX

349 473 404 558 5l6
423 481 454 536 et
472 481 489 534 9
515 484 570 546 τῆς
586 469 702 548 τάξεως
719 487 773 548 τῆς
791 480 953 562 ἱερατικῆς.

258 579 301 646 24
350 590 363 642 1
391 583 548 667 Εόνοῡχος
569 597 616 652 ÷.
638 591 670 646 et
686 589 703 644 2
730 592 803 670 post
821 582 905 660 ἄξιος
923 581 946 650 S
964 585 1038 648 είναι
1057 589 1214 656 ἐπίσκοπος
1230 583 1327 648 addit.

327 698 362 750 11
391 689 533 762 ἐκδικήσει
550 694 565 754 ό
580 697 680 778 κύριος
697 691 754 764 δίς.
780 713 855 758 mox
878 693 911 757 δέ
926 723 963 756 ω.
989 714 1020 780 p.
1037 705 1092 757 m
1109 691 1151 756 23
1172 693 1283 765 5521<
1298 716 1357 758 scr.

328 807 377 860 14.
399 805 437 862 15
462 805 630 872 τύπτοντας
649 810 681 862 et
697 801 874 874 ἐθέλοντας.
893 839 935 849 --
952 823 998 864 vs.
1020 807 1058 862 15
1077 801 1267 874 ἀδικοῦντας.

328 914 365 968 17
392 911 491 972 άντίτ.
509 914 558 970 καί
574 907 815 993 λοιδορούμενος.

259 1014 301 1079 25
350 1023 367 1078 5
392 1015 446 1078 fin.
465 1014 537 1080 add.
557 1021 659 1080 αὐτόν.

329 1134 364 1186 11
393 1131 485 1189 ἐπισκ.
503 1129 594 1208 μόνος
611 1133 720 1212 χωρίς.

327 1241 365 1296 12
392 1237 421 1296 ἐν
444 1233 549 1318 μηδενί
573 1241 822 1320 κατεγνωσμένου
852 1230 978 1322 [Steph.
1001 1231 1048 1298 IV
1073 1233 1171 1323 1040]
1202 1240 1257 1300 τοῦ
1282 1242 1441 1302 ἐπισκόπου

395 1348 499 1407 αὐτοῦ.

327 1457 365 1512 13
392 1452 543 1539 φίλαρχος
565 1461 614 1516 καί
632 1459 788 1538 τύραννος.
815 1461 963 1540 τύραννος
978 1459 1050 1539 γάρ.

327 1565 366 1620 15
390 1558 424 1622 in
440 1559 566 1646 syriaco
582 1559 688 1625 scribe
708 1539 914 1663 ἷιδέἱδιμυεε
935 1583 1010 1648 pag.
1023 1573 1095 1626 am
1113 1562 1165 1628 25.
1189 1563 1364 1650 δευτίρανῆ
1381 1573 1441 1628 καί.

328 1673 364 1732 17
390 1674 446 1733 ὑπὸ
462 1679 516 1732 τοῦ
533 1676 692 1734 ἐπισκόπου
710 1675 814 1735 αὐτοῦ.

257 1774 299 1839 26
350 1786 363 1838 1
391 1783 470 1842 κατά
488 1787 653 1865 συγκυρίαν
671 1797 788 1882 4.υῆ
799 1789 834 1844 ut
849 1776 928 1843 Luc.
945 1801 966 1841 x
988 1779 1040 1844 31.

348 1894 366 1948 4
391 1893 585 1972 γραμμάτων
609 1901 807 1952 συστατικῶν.
832 1925 874 1935 -
897 1892 1117 1976 ἐπιφερομένων
1144 1885 1230 1974 Syro
1252 1909 1355 1976 genus
1376 1911 1442 1954 me-

391 1994 477 2060 dium
495 2005 552 2059 est.
571 2033 614 2044 -—
633 1995 666 2060 δέ
682 2025 722 2058 ιν.
740 2033 783 2044 -
801 2001 903 2061 αὐτῶν
920 2001 1110 2083 γράμματα,
1133 2003 1182 2063 άν.

347 2113 364 2166 6
388 2114 438 2169 καί
455 2108 481 2168 εί
496 2104 530 2169 δέ
546 2128 578 2189 μ.
596 2143 638 2152 -
662 2110 928 2192 ἐπιχορηγοῦντες.

347 2223 363 2275 7
389 2220 501 2302 γάρω.
531 2217 719 2322 Q
740 2247 775 2268 =
795 2222 881 2309 ορζίρ
903 2209 1022 2278 Genes.
1042 2213 1073 2276 vi
1099 2213 1142 2280 3?
1174 2215 1213 2278 ef.
1236 2213 1335 2302 Ephr.
1363 2212 1438 2303 Syr.

393 2333 467 2387 tom.
482 2321 536 2386 HI
552 2345 583 2408 p.
598 2322 665 2386 484
681 2321 712 2386 D
728 2344 836 2407 graec.

346 2441 363 2494 9
388 2439 437 2496 καί
455 2435 552 2504 οὕτως
567 2433 726 2518 ἡγεῖσθαι.
751 2441 782 2495 et
809 2439 847 2492 10
868 2433 991 2494 ἕκαστον
1008 2435 1110 2495 αὐτῶν
1133 2438 1201 2497 όσα.

327 2547 365 2602 12
390 2547 452 2628 γάρ
465 2569 503 2604 ω.
520 2561 565 2604 vs.
579 2549 617 2602 13
636 2561 717 2626 quae
732 2548 805 2628 post
820 2542 899 2612 θεὸς
914 2537 1067 2626 leguntur
1082 2541 1213 2604 absunt:
1231 2562 1276 2604 vs.
1289 2549 1339 2602 14.
1354 2548 1392 2603 15
1406 2570 1441 2603 ω.

327 2657 364 2710 17
391 2650 492 2721 πόλεις
512 2654 531 2721 ἢ
548 2655 670 2737 χώρας.

326 2765 364 2820 13
390 2762 515 2844 γνώμην
531 2767 567 2820 ut
582 2779 679 2844 supra
694 2780 725 2845 p.
748 2758 788 2821 10
808 2767 856 2820 11.

255 2864 297 2930 537
326 2874 362 2928 11
390 2869 471 2930 αὐτὰ
488 2870 517 2928 ἐν
534 2865 624 2955 ρόβῳ
640 2868 718 2930 θεοῦ
734 2875 784 2930 καί
800 2873 855 2939 ὡς.
874 2877 905 2930 et
925 2875 963 2929 13
981 2873 1046 2931 πέν.
1065 2869 1148 2946 ὦσιν,
1166 2871 1247 2951 ἐπιχ.
1265 2870 1369 2940 αὐτοῖς
1387 2871 1455 2942 ὡς.

324 2983 363 3038 14
387 2978 508 3078 Q
524 2977 737 3050 κατηνάλωσεν
752 2974 854 3040 Isoer.
878 2975 912 3040 in
927 2974 1063 3040 Demon.
1083 2974 1133 3039 18.
1157 2973 1265 3051 ἐξέτιλε
1289 2971 1440 3064 Geopon.

390 3082 504 3148 XIIIi
523 3084 573 3148 12.
592 3084 751 3150 διετέλεσεν
768 3083 869 3150 Isoor.
886 3083 909 3149 l.
926 3083 949 3150 l.
968 3083 987 3150 9
1004 3084 1171 3148 ἐπετέλεσεν
1188 3081 1265 3148 ibid.
1284 3084 1337 3148 34.

325 3201 366 3255 24
391 3198 469 3280 ἐχειν
485 3191 541 3259 ubi
556 3215 614 3258 nos
632 3198 797 3278 ὑπομένειν.
822 3215 881 3282 pro
897 3202 974 3278 μήτε
989 3197 1008 3264 ἢ
1025 3191 1074 3257 bis
1089 3192 1178 3276 μηδὲ.

323 3309 364 3365 26
388 3307 562 3390 πράγματα
600 3302 852 3390 διαπαρατριβῆς
882 3307 1047 3387 ἐμπίπτειν.
1086 3321 1163 3366 mox
1193 3301 1438 3388 περιβάλλεσθαι

391 3408 478 3498 Syro
494 3431 596 3497 genus
612 3409 763 3474 medium.

255 3519 297 3585 28
348 3527 359 3585 l
388 3525 466 3606 ἐχειν
482 3525 605 3584 πάντων
621 3533 691 3584 τῶν.
709 3530 741 3584 (τί
758 3528 775 3582 3
800 3519 860 3584 δέοι
877 3527 927 3583 καί
943 3527 1017 3605 περί.

345 3637 363 3690 4
389 3629 474 3714 δεομ.
491 3633 675 3716 μεριζόμενα
692 3629 755 3694 διά.
779 3638 810 3692 et
833 3635 851 3690 5
874 3635 925 3692 καί
941 3629 1150 3715 χορηγεῖσθαι
1165 3656 1200 3688 ω.

348 3747 365 3800 9
391 3745 629 3825 προσμένοντας.

324 3855 363 3908 10
389 3869 454 3935 στρ.
471 3855 517 3922 τίς
540 3860 603 3920 τοῖς
619 3847 714 3920 ίδίοις.
748 3866 898 3910 numerus
920 3868 943 3929 μ
964 3843 998 3908 in
1019 3842 1166 3930 margine
1188 3841 1306 3907 codicis
1322 3841 1440 3928 syriaci

387 3977 545 4042 nusquam
562 3954 750 4042 adscriptus.
776 3975 878 4018 canon
896 3952 942 4038 μβ
959 3973 1096 4040 graecus
1115 3947 1208 4038 Syris
1226 3959 1275 4014 est
1292 3973 1348 4033 μοι.

325 4071 362 4126 13
388 4067 569 4130 παυσάσθω
590 4085 649 4152 per
672 4062 735 4128 duo
758 4061 914 4128 vocabula
934 4059 1094 4125 redditum
1113 4068 1145 4124 et
1160 4057 1233 4122 add.
1252 4057 1307 4122 ἀπ’
1324 4063 1436 4121 αὐτῶν.

326 4179 364 4234 15
389 4170 463 4236 add.
481 4172 514 4235 in
530 4173 593 4236 fine
610 4176 761 4246 ὡσαύτως
776 4180 827 4237 καί
843 4172 956 4242 λαίκός.

324 4289 360 4342 17
387 4290 460 4344 ante
476 4285 495 4352 ἦ
512 4278 584 4344 add.
605 4281 659 4342 ἀπ’
677 4287 782 4344 αιίτοῡ.

324 4399 361 4452 19
386 4414 415 4453 τί
430 4418 466 4451 ιν.

321 4507 360 4560 23
386 4501 530 4563 Σατανᾶν
548 4495 601 4562 ubi
623 4518 681 4560 nos
698 4496 817 4582 Βελίαρ.
