3120 4980
1345 304 1412 360 LIII

366 486 437 553 τοὺς
461 480 557 564 ὀλίγον
580 487 803 553 πιστεύσαντας
832 489 882 546 καί
903 479 997 564 μηδὲν
1019 490 1135 542 τοιοῦτο
1158 487 1346 552 ποιήσαντας
1367 488 1411 559 τῷ

366 595 456 674 κυρίῳ
473 595 559 668 ἡμῶν,
577 597 647 661 τοὺς
667 588 856 662 έκδικοῡντας
868 595 996 662 ἑαυτοὺς
1008 592 1131 651 ε’νὼπιον
1148 595 1208 650 τῶν
1222 588 1410 670 ἀνθρώπων,

367 701 411 768 ὡς
426 704 474 759 καί
488 703 564 783 πρὸς
572 698 696 780 Σίμωνα
713 698 826 783 λεπρόν·
843 697 876 761 οὗ
888 704 979 783 χάριν
996 696 1074 781 λέγω
1091 703 1158 780 ὑμῖν
1176 700 1331 784 ἀρέωνται
1344 700 1411 778 ὑμῖν

367 811 401 869 αι’
415 808 563 892 ἁμαρτίαι
580 811 664 889 ὑμῶν
682 810 716 868 αί
731 806 847 886 πολλαί,
866 812 907 871 ότι
924 812 1107 891 ἠγαπήσατε
1123 805 1207 869 πολὺ.
1226 803 1297 885 ᾡδέ
1314 804 1411 888 ὀλίγον

368 917 507 1002 ἀρίετατ,
536 923 585 978 καί
603 915 700 998 ὀλίγον
718 919 838 999 ἀγαπᾷ.
867 919 893 976 εἰ
908 915 958 980 οὑν
975 922 1023 978 καί
1041 918 1102 1000 όροι
1118 920 1195 986 τινές
1211 921 1258 976 καί
1275 919 1345 997 γένη
1363 921 1412 976 καί

367 1027 469 1108 τρόποι
491 1029 655 1106 μετανοίας
677 1025 939 1102 κατεστάθησαν,
963 1023 1040 1087 ἀλλά
1062 1045 1097 1107 γε
1113 1029 1210 1093 πίστις
1225 1022 1329 1107 θερμὴ
1348 1025 1412 1094 ἑνὸς

368 1135 494 1195 ἑκάστου
518 1138 566 1192 καί
582 1130 698 1200 σπουδὴ
717 1131 849 1203 ἀληθινὴ
874 1138 922 1194 καί
947 1137 1054 1216 στερεά
1069 1130 1219 1215 (μάλιστα
1241 1137 1291 1194 καί
1315 1133 1411 1214 ἔργων

368 1240 505 1324 ἀγαθῶν
519 1247 813 1325 συμμαρτυρούντων
823 1244 926 1313 αὐτοῖς
935 1236 1021 1327 [sic]‚
1030 1251 1090 1304 τῶν
1103 1263 1134 1302 τε
1146 1243 1202 1326 πρό
1215 1249 1266 1301 τοῦ
1279 1237 1412 1322 μεγάλου

370 1358 538 1433 πειρασμοῦ
554 1353 661 1411 τοίντου
673 1356 721 1411 καὶ
737 1360 798 1411 τῶν
813 1354 891 1430 μετὰ
907 1355 957 1412 τόν
974 1347 1156 1435 πειρασμόν)
1169 1355 1219 1410 καί
1235 1351 1411 1436 ἀναστρορή

371 1457 503 1542 καθαρά
524 1461 555 1518 έν
582 1464 699 1542 χριστῷ
723 1456 931 1542 δυνατώτεραι
953 1463 1003 1519 καί
1026 1461 1238 1542 κραταιότεραί
1260 1459 1314 1518 εἰσι
1337 1461 1413 1542 πρὸς

369 1569 458 1628 ίασιν·
483 1565 564 1648 ᾧπερ
582 1569 683 1650 τρόπῳ
708 1573 757 1627 καί
772 1570 791 1637 ἡ
809 1573 883 1649 γυνὴ
906 1571 925 1638 ἡ
947 1566 1139 1652 πεπληγμένα
1161 1571 1181 1638 ἡ
1204 1569 1412 1649 αἱμορροοῦσα

371 1677 400 1735 έν
417 1675 510 1736 πίστει
527 1673 645 1756 μεγάλῃ
662 1677 813 1758 έγγίσασα
830 1674 997 1759 προέλαβεν
1014 1680 1091 1738 ἴασιν
1108 1679 1164 1760 πρό
1181 1685 1237 1744 τῆς
1251 1675 1411 1758 θυγατρός

369 1793 421 1844 τοῦ
449 1779 722 1866 ἀρχισυναγώγου,
760 1784 901 1865 ἁψαμένη
930 1795 982 1844 τοῦ
1011 1789 1113 1864 κυρίου
1137 1789 1220 1858 ἡμῶν.
1250 1779 1300 1844 διά
1327 1791 1413 1844 τοῦτο

369 1897 418 1952 καί
440 1887 645 1974 έξερχόμενοις
668 1892 711 1962 εἰς
733 1889 881 1954 τελείωσιν
893 1887 934 1978 [ἲ]
951 1888 976 1976 1)
999 1894 1165 1974 ἀναγκαῖόν
1188 1893 1251 1952 ἐστι
1271 1900 1334 1960 τοῖς
1358 1895 1413 1972 μέν

369 2003 608 2082 κατηχουμένοις
621 1999 685 2062 οὖσι
699 1996 813 2062 διδόναι
826 1997 1000 2082 βάπτισμα,
1012 2010 1075 2071 τοῖς
1088 1997 1119 2060 δέ
1131 1997 1244 2070 λαῖκοῖς
1255 2009 1413 2078 κοινωνεῖν,

369 2105 599 2192 ένδεικνυμένοις
618 2102 848 2196 [ένδειξαμένοις
864 2128 930 2170 var.
947 2105 1021 2170 leet.
1031 2105 1064 2170 in
1076 2128 1179 2192 marg.
1188 2103 1263 2194 sen]
1280 2112 1413 2192 καρποὺς

370 2211 473 2288 ἀξίους
496 2224 671 2299 μετανοίας.
697 2226 798 2279 ταῦτα
821 2215 854 2278 δέ
879 2221 1003 2289 πάντως
1028 2228 1090 2288 τοῖς
1104 2239 1137 2279 τε
1153 2221 1184 2278 έκ
1199 2226 1253 2277 τοῦ
1269 2214 1343 2277 λαοῦ
1366 2220 1414 2276 καὶ

370 2334 432 2395 τοῖς
448 2328 480 2388 έκ
495 2337 547 2388 τοῦ
563 2325 671 2410 κλήρου
688 2328 883 2402 πεπτωκόσιν,
908 2329 933 2386 εί
948 2323 1027 2387 δοκεῖ
1040 2332 1090 2386 καί
1113 2328 1192 2407 ὑμῖν,
1218 2323 1414 2409 έπεκριθὴτω·

370 2437 395 2495 τί
421 2441 470 2495 καί
498 2440 671 2519 γέγραπται
698 2438 737 2492 ότι
765 2432 885 2496 δυνατοί
913 2431 1053 2504 δυνατῶς
1078 2433 1304 2504 έτασθήσονται
1323 2427 1413 2518 [Sap.

371 2539 402 2602 vi
437 2538 480 2629 7].
529 2545 544 2604 ό
574 2547 634 2627 γάρ
669 2542 832 2625 ἐλάχιστος
860 2536 945 2615 ἄξιος
975 2545 1113 2628 ἀρέσεως
1142 2540 1243 2612 έλέους
1274 2543 1335 2602 έστι
1367 2547 1416 2603 καί

370 2650 590 2735 ᾧπαρέθεντο
618 2650 707 2729 πολὺ,
738 2649 825 2714 πλέον
856 2654 1074 2722 ἀπαιτήσουσιν
1105 2653 1208 2714 αὐτόν.
1245 2648 1310 2713 ἀλλ’
1333 2653 1419 2734 ἀρκεῖ

371 2761 494 2837 αὐτοῖς,
517 2757 598 2822 τοῦτ’
620 2761 681 2820 έστι
703 2759 734 2820 δέ
751 2771 813 2831 τοῖς
829 2764 860 2821 ίιι
875 2770 927 2823 τοῦ
943 2759 1068 2846 κλήρου,
1091 2765 1109 2833 ἡ
1127 2758 1202 2831 άλλη
1226 2758 1361 2828 ἐπίθεσις
1385 2761 1414 2818 έν

371 2875 526 2953 περισσεία
548 2871 699 2950 ἐπιτιμίας
723 2871 766 2930 ότι
789 2871 882 2931 οὐκέτι
899 2868 1042 2930 δύνανται
1060 2869 1210 2949 ἅψασθαι
1226 2866 1415 2950 λειτουργίας

370 2984 421 3038 καί
448 2981 499 3040 οὐκ
523 2979 609 3039 αὐτοὶ
629 2981 735 3060 μόνον,
760 2976 838 3039 ἀλλὰ
854 2983 902 3038 καί
920 2980 948 3038 οί
962 2975 1206 3052 καταξιωθέντες
1223 2987 1278 3046 τῆς
1295 2974 1415 3060 δωρεᾶς

370 3095 424 3148 τοῦ
441 3088 529 3169 ἁγίου
546 3092 733 3169 πνεύματος,
757 3088 879 3168 ὕστερον
897 3083 929 3147 δὲ
946 3089 1101 3163 πεσόντες,
1126 3087 1207 3154 ίκτός
1225 3088 1252 3146 εί
1265 3103 1311 3154 τις
1326 3081 1414 3146 πάλιν

371 3191 487 3276 κατέβη
514 3198 555 3266 είς
578 3200 627 3257 τόν
645 3199 755 3279 ἀγῶνα
778 3200 827 3255 καί
851 3197 963 3262 ἐνίκησε
986 3200 1035 3254 καί
1059 3205 1096 3273 τῇ
1120 3189 1183 3272 ἰδίᾳ
1206 3195 1317 3254 ἑαυτοῦ
1345 3196 1415 3254 ὑπο-

369 3314 456 3382 μονῇ.
490 3301 689 3385 ἀνεγκλήτους
713 3307 773 3386 γάρ
796 3299 869 3364 εἶναι
893 3307 963 3372 τοὺς
979 3309 1022 3380 τῷ
1039 3300 1104 3380 λαῷ
1120 3307 1314 3385 προεστῶτας
1331 3299 1415 3363 θέλει

371 3413 386 3472 ό
416 3410 503 3480 θεῖος
536 3409 635 3493 λόγος.
674 3417 724 3472 καί
756 3417 799 3488 τῷ
832 3407 1000 3472 διδάσκοντι
1033 3408 1162 3492 διδαχὴν
1195 3414 1331 3496 ρανεράν
1366 3414 1417 3470 καί

371 3517 500 3603 ἀκριβῆ·
540 3521 555 3581 ό
588 3516 636 3597 δέ,
667 3524 757 3604 ρησί,
790 3528 882 3580 ποιῶν
914 3524 963 3580 καί
995 3509 1156 3598 διδάσκων,
1196 3517 1283 3588 οὗτος
1313 3523 1413 3600 μέγας

307 3667 312 3680 ι
369 3627 555 3698 κληθήσεται
583 3629 612 3686 έν
641 3637 676 3706 τῇ
700 3625 841 3709 βασιλείᾳ
865 3637 924 3688 τῶν
945 3630 1080 3711 οὐρανῶν
1096 3623 1131 3712 2).
1169 3626 1219 3689 διὰ
1241 3637 1329 3688 τοῦτο
1351 3631 1412 3710 γάρ

368 3743 417 3798 καί
434 3739 449 3798 ὁ
466 3733 634 3806 ἀπόστολος
650 3746 779 3818 κατηχεῖ
793 3736 945 3818 Τιμόθεον
962 3737 1058 3820 λέγων
1076 3733 1227 3822 (Timoth.
1250 3757 1271 3797 α
1292 3732 1323 3795 iv
1348 3731 1414 3819 12)·

368 3842 475 3925 μηδείς
503 3865 556 3906 σου
584 3855 640 3915 τῆς
666 3849 806 3916 νεότητος
833 3851 1076 3932 καταφρονείτω,
1110 3842 1187 3906 ἀλλὰ
1215 3851 1309 3915 τόπος
1331 3848 1415 3926 γίνου

369 3963 428 4014 τῶν
447 3963 560 4014 πιστῶν
582 3957 612 4014 έν
630 3952 727 4038 λόγῳ,
756 3958 785 4015 έν
814 3957 1008 4039 ἀναστροφῇ,
1039 3956 1068 4014 έν
1094 3955 1221 4035 ἀγάπῃ,
1250 3959 1280 4013 έν
1307 3958 1413 4030 πίστει,

369 4063 399 4122 έν
417 4063 534 4144 ἁγνείᾳ.

236 4171 276 4235 73
327 4178 343 4230 ί
370 4175 478 4254 ἀνιέρῳ
497 4175 625 4253 σώματι.
644 4207 685 4218 -
703 4173 843 4256 ἔγραψαν
860 4177 940 4252 ἡμῖν.

315 4386 331 4434 ¹)
346 4369 396 4423 σθω
410 4387 539 4436 plerumque
555 4383 625 4438 τέλος,
649 4389 683 4428 vel
700 4384 785 4438 ἔκβασις
800 4387 868 4426 ίίοίντ.
880 4386 919 4424 xiil
930 4385 954 4423 7:
972 4383 1034 4437 πέρας
1049 4385 1080 4424 ib.
1093 4385 1113 4422 vl
1126 4387 1161 4424 16:
1181 4381 1290 4424 σνντίλιια
1306 4383 1359 4422 Μιίι.
1376 4385 1414 4431 xjil

235 4463 267 4499 ³9.
285 4462 317 4499 ⁴0.
334 4461 371 4498 w:
393 4459 444 4498 niv
460 4459 483 4498 3:
508 4460 576 4498 ικνίίί
591 4462 629 4500 20:
651 4457 765 4502 τελείωσις
780 4459 833 4497 Luc.
850 4459 856 4496 i
873 4457 905 4495 215.
934 4477 958 4484 -
983 4453 1087 4506 ²)Mntth.
1104 4467 1118 4492 ε
1134 4459 1165 4496 19.
1183 4453 1204 4499 ὃς
1219 4451 1268 4494 Mu
1284 4453 1363 4507 ποιήσῃ
1379 4455 1414 4493 καὶ

235 4529 325 4586 διδάξῃί
346 4533 374 4570 τί.
392 4537 476 4570 wattun.
494 4530 547 4570 Levi
563 4533 588 4568 1³
607 4531 644 4569 fin.
661 4541 682 4580 μ.
695 4534 733 4570 168
749 4531 788 4572 Gr.
810 4527 882 4573 δείάν
898 4525 987 4582 διδάσκῃ
1003 4527 1069 4568 ταῦτα
1083 4529 1119 4568 καί
1134 4528 1226 4584 πράττῃ.
