3052 4974
109 413 180 484 922

109 579 242 666 ὑψηλά,
270 573 292 646 ἃ
313 579 523 648 κατέσπασεν
539 578 684 660 Ἐζεκίας
710 575 728 643 ὁ
751 575 860 663 πατήρ
887 575 1008 662 αύτοῦ,
1038 575 1094 644 καί
1115 581 1233 664 ἔστησε

109 682 236 767 στήλας
254 687 297 768 τῇ
315 683 410 749 Βάαλ
432 680 490 748 καί
510 680 671 766 ἀνέστησε
691 680 976 765 θυσιαστήριον*
997 683 1040 766 τῇ
1060 680 1155 746 Βάαλ
1176 680 1234 748 καὶ

110 785 274 870 ἐποίησεν
296 782 394 868 ἄλση,
417 781 532 860 καθώς
552 782 711 868 ἐποίησεν
729 780 850 866 Ἀγαύβ
869 783 887 822 *
909 779 1067 866 βασιλεὺς
1084 780 1231 868 Ἰσραήλ·

110 889 128 926 *
151 884 211 952 κοιλ
230 883 368 972 ἐποίησε
386 884 615 972 θυσιαστήρια
636 885 654 924 *
676 887 718 970 τή
739 886 879 970 στρατιᾷ
899 887 961 948 τοῦ
982 881 1149 970 ούρανοῦ,
1175 883 1232 950 καλ

109 985 309 1077 ᾠκοδόμησε
325 986 553 1073 θυσιαστήρια
575 987 613 1052 ἐν
636 991 718 1073 οίκμ
736 987 870 1068 κυρίου,
895 985 933 1051 ἐν
954 975 981 1074 ᾦ
1002 981 1096 1051 εἶτεν
1117 985 1266 1071 κύριοςυ

109 1087 197 1176 πρὸς
215 1087 330 1174 Δαβλδ
351 1086 408 1155 καὶ
429 1086 514 1175 πρὸς
536 1091 725 1171 Σολομῶνα
745 1084 805 1152 τὸν
826 1085 903 1152 υίόν
924 1085 1031 1153 αὐτοῦ
1051 1087 1160 1170 λέγων
1181 1086 1233 1154 ὅτι

106 1190 165 1256 Ἐν
193 1188 287 1277 αὐτῷ
311 1191 409 1274 θήσει
442 1187 481 1256 τὸ
508 1189 614 1276 ὄνομά
641 1213 726 1274 μου,
759 1189 777 1228 *
804 1191 924 1273 ἔστησε
950 1193 1138 1275 Μανασσῆς
1163 1197 1232 1256 θυ-

109 1292 306 1378 σιαστήρια,
338 1290 396 1358 καλ
424 1293 462 1358 ἐν
488 1289 601 1370 αὐτοις
630 1289 811 1356 ἐδούλευσε
838 1293 879 1376 τή
906 1290 1018 1374 Βάαλ,
1053 1289 1111 1357 καλ
1138 1287 1233 1360 εἶπεν

97 1391 218 1459 Ἔσται
238 1391 278 1459 τὸ
300 1392 406 1478 ὄνομά
427 1413 494 1478 μου
516 1395 563 1471 είς
585 1391 645 1460 τδυ
667 1393 789 1459 αίοίνα·
813 1391 870 1458 καί
891 1389 1084 1480 ᾠκοδόμησε
1105 1400 1232 1460 θυσια-

109 1493 234 1580 στήρια
256 1496 295 1562 ἐν
315 1505 389 1571 ταις
410 1493 511 1561 δυσὶν
532 1493 651 1572 αύλαες
672 1500 769 1560 υλκου
800 1497 922 1580 κυρίου
946 1498 988 1580 τή
1010 1499 1150 1581 στρατιᾷ
1170 1497 1232 1561 τού
1250 1511 1283 1564 10

109 1593 282 1680 ούρανοῦ·
305 1595 363 1662 καὶ
385 1594 485 1674 αύτδς
504 1596 643 1682 διήγαγε
657 1595 698 1662 τὰ
714 1597 816 1663 τέκνα
831 1594 937 1662 αὐτοῦ
959 1595 997 1662 ἐν
1013 1594 1096 1682 πυρὶ
1115 1596 1154 1662 ἐν
1169 1602 1232 1664 Γε-

108 1699 196 1782 βανὲ
222 1695 262 1764 ἐν
284 1695 438 1783 ὀνόματι,
469 1697 527 1765 καὶ
554 1699 785 1786 ἐκληδυυίζετο
812 1695 869 1764 καὶ
898 1697 1151 1784 ἐφαρμακεύετο
1175 1699 1233 1766 καλ

110 1801 273 1884 ἐποίησεν
298 1800 589 1886 ἐγγαστριμύθους
621 1799 678 1867 καὶ
708 1799 889 1878 ἐπαοιδούς
913 1798 971 1866 καὶ
995 1799 1147 1884 γνιύσταρ
1175 1801 1233 1867 καὶ

107 1904 297 1986 θεραφείμ·
324 1901 382 1968 καλ
408 1903 582 1988 ἐπλήθυνε
608 1905 626 1944 *
654 1902 692 1969 τὸ
713 1903 865 1988 πονηρὸν
886 1901 925 1968 ἐν
953 1899 1143 1988 δφθαλμυίς
1168 1927 1232 1969 κυ-

109 2007 190 2088 ρίου
211 2007 274 2070 τοῦ
294 2007 497 2090 παροργίσαι
518 2003 638 2072 αὐτόν·
669 2003 725 2071 καὶ
747 2007 850 2089 ἔθηκε
871 2001 909 2069 τὸ
927 2003 1155 2090 χωνευτήριυν
1175 2005 1232 2072 καὶ
1251 2019 1282 2072 1ο

111 2265 123 2316 1
143 2257 325 2318 κατέσπασεν
343 2270 421 2332 xyzt,
439 2261 632 2332 κατέστρεψεν
650 2281 674 2315 w
689 2264 694 2332 Ι
719 2263 732 2314 1
751 2261 801 2316 καὶ
876 2257 982 2316 λΒάαλ
1001 2265 1075 2330 priua
1092 2265 1127 2329 >
1144 2282 1169 2314 τι
1188 2271 1193 2330 Ι
1217 2267 1229 2316 1

110 2345 230 2417 ἔστησεν
241 2368 258 2401 x
274 2351 279 2404 1
292 2351 308 2402 2
321 2341 477 2418 άνέστησεν
488 2369 514 2414 x,
529 2343 682 2417 ἐπέστησεν
694 2367 708 2400 τ
723 2349 728 2414 Ι
743 2351 759 2400 2
772 2345 981 2416 θυσιαστήριον
995 2385 1050 2399 ......
1069 2347 1085 2400 3
1098 2341 1232 2415 ἐποίησεν

109 2437 187 2503 prius
198 2435 233 2500 >
244 2453 258 2486 π
274 2435 278 2500 Ι
294 2433 371 2486 2να1
382 2429 486 2504 στήλας
497 2435 531 2504 †
542 2453 567 2486 w
582 2431 587 2502 Ι
602 2438 618 2486 2
630 2433 664 2504 τῇ
676 2435 792 2486 alterum
804 2438 868 2498 νει,
881 2433 920 2485 τύ
931 2451 949 2500 y
963 2439 968 2496 Ι
984 2433 1000 2486 3
1013 2425 1147 2500 ἐποίησεν
1160 2435 1231 2486 alte·

109 2535 169 2572 rum
182 2527 264 2586 τιτι,
278 2513 432 2587 ἐπέστησεν
444 2539 458 2573 τ
475 2521 479 2587 Ι
494 2521 511 2573 3
523 2514 538 2574 ὁ
549 2521 583 2589 -Ι-
592 2539 616 2572 w
631 2523 635 2586 Ι
651 2523 706 2572 din
717 2520 842 2587 margine
852 2535 871 2585 y
880 2524 1020 2586 tamquam
1032 2519 1070 2570 hl
1084 2519 1232 2571 inserenda

109 2605 240 2672 leguntur
257 2604 308 2659 καί
324 2600 538 2674 προσεκύνησεν
555 2602 633 2674 πάση
648 2623 683 2674 τη
702 2605 821 2672 στρατιά
831 2603 883 2658 τού
895 2596 1021 2671 ούρανοῦ
1032 2602 1081 2658 καλ
1100 2600 1230 2660 ἐδούλευ-

109 2707 161 2744 σεν
178 2681 279 2753 αύτοῑς
294 2692 398 2746 14-14
415 2709 440 2744 w
457 2694 513 2748 ita:
531 2689 581 2745 καὶ
598 2683 794 2759 προσεκύνησε
812 2684 890 2757 πάση
908 2689 955 2759 τήν
974 2684 1096 2758 δυνάμει
1114 2692 1166 2744 τού
1183 2683 1231 2746 ού-

110 2775 214 2842 ρανοῦ,
234 2773 285 2829 καλ
303 2767 473 2830 ἐδούλευσεν
490 2768 598 2841 αύτοΐς,
618 2775 667 2830 καί
685 2767 856 2844 οἰκοδόμησε
873 2769 1082 2845 θυσιαστήριον
1100 2768 1131 2829 ἐν
1148 2776 1231 2831 οἴκοι

110 2860 230 2926 κυρίου,
254 2853 285 2913 ἐν
302 2849 325 2913 ά
343 2855 406 2914 εἷπε
425 2856 523 2928 κύριος
540 2856 612 2927 πρὸς
631 2860 689 2914 δοὶδ
706 2859 756 2912 καλ
774 2855 845 2927 πρὸς
863 2860 1010 2928 οολομοῑνα
1028 2855 1079 2914 τὸν
1096 2856 1162 2916 υἱὸν
1180 2854 1230 2916 αύ-

111 2945 171 3009 τσῦ,
191 2941 289 3013 λέγων,
310 2939 342 2998 ἐν
361 2940 534 3014 ίερουσαλήμ
553 2940 635 3013 θήσω
653 2941 684 2999 τὸ
703 2936 795 3012 ὄνομά
812 2934 918 3013 μονήν
936 2937 1109 3013 ἐξελεξάμην
1127 2939 1158 2999 ἒν
1175 2961 1230 2998 κα-

111 3031 170 3084 σνῖν
187 3031 288 3097 φυλαῖν
306 3025 407 3099 ίσραήλ
425 3029 475 3083 καλ
492 3023 575 3098 θήσω
593 3025 624 3084 τὸ
642 3018 734 3094 ὄνομα
752 3047 809 3098 μου
827 3029 893 3098 [μου
911 3047 993 3097 super
1008 3045 1117 3083 versum
1129 3047 1164 3082 m.
1176 3037 1229 3098 ρετ]

112 3110 176 3170 ίκετ·
191 3112 233 3176 εἰς
249 3111 301 3168 τὸν
318 3112 418 3176 αίεόνα,
438 3112 487 3168 καλ
505 3107 541 3169 ού
558 3111 715 3185 προσθήσω
732 3115 785 3168 τού
802 3114 937 3168 σαλέυσαι
955 3109 1006 3166 τὸν
1021 3107 1100 3166 πόδα
1118 3109 1229 3182 ίσραήλ,

111 3193 171 3253 αἰτδ
195 3199 246 3266 τῆς
267 3199 321 3268 γῆς
337 3189 372 3268 ἧς
396 3196 490 3254 ἔδωκα
511 3204 572 3263 τοῖς
594 3193 736 3268 πατράσιν
759 3191 855 3252 αύτῶν
878 3191 963 3265 [πλήν
982 3192 1034 3251 ίάν
1052 3192 1231 3264 φυλάξονται

111 3278 185 3338 κατὰ
204 3279 309 3350 πάντα,
327 3284 377 3338 καί
395 3275 448 3338 ὅσα
466 3279 625 3338 ἐνετείλατο
644 3277 659 3337 ὁ
679 3280 781 3344 δούλας
798 3289 855 3352 μου
866 3281 980 3350 μωύσής
992 3284 1094 3335 omissa
1111 3285 1142 3335 in
1153 3289 1231 3337 textu

112 3389 147 3422 m.
172 3387 212 3438 pr.
237 3373 267 3421 in
289 3373 413 3437 margine
441 3372 574 3423 inferiore
601 3377 741 3437 tamquam
763 3371 781 3421 h
804 3369 814 3421 1
836 3369 983 3421 inserenda
1006 3365 1152 3438 leguntur]
1180 3366 1230 3422 καλ

111 3446 304 3523 άκοδάμησετ
320 3455 468 3523 μανασσής
489 3449 697 3523 θυσιαστήριον
719 3448 797 3521 πάση
819 3454 866 3521 τήν
890 3446 1012 3520 δυνάμει
1035 3454 1087 3506 τού
1104 3445 1232 3522 ούρανοῦ

113 3535 145 3592 ἐν
162 3534 270 3600 πάσαις
286 3543 351 3600 ταῖς
368 3532 471 3602 αύλαλτ
489 3539 572 3594 οίκυυ
589 3539 706 3607 κυρίου,
730 3538 781 3592 καλ
799 3533 895 3605 εἴπεν,
920 3533 997 3591 ἔσται
1015 3531 1047 3592 τὸ
1065 3529 1159 3608 ὄνομά
1174 3557 1231 3608 μου

112 3621 155 3686 είς
171 3619 225 3677 τὸν
241 3620 349 3689 ulma,
371 3623 422 3677 καὶ
441 3619 561 3693 διήγαγε
578 3618 645 3686 τούς
667 3617 750 3685 υἱούς
771 3615 860 3678 αύτού
879 3617 911 3677 ἐν
928 3623 1011 3690 κυρί,
1034 3621 1085 3677 καὶ
1108 3616 1231 3678 ίνλυδοι-

112 3711 204 3773 νίζετο
226 3707 277 3762 καλ
299 3705 456 3774 οίωνίζετο,
479 3707 531 3762 καλ
554 3704 688 3778 ἐποίησεν
716 3702 965 3777 ίυγαστριμύθουτ
991 3707 1041 3763 καὶ
1065 3701 1229 3776 ίτιαοιδοῦτ,

112 3793 162 3847 καί
179 3787 315 3860 γνόντας.
343 3810 398 3847 non
416 3795 515 3846 adsunt
533 3795 619 3848 verba
637 3791 687 3847 καὶ
705 3793 855 3860 θεραφείμ
870 3790 876 3861 1
894 3796 911 3844 4
929 3786 1064 3861 ἐποίησεν
1081 3813 1099 3846 x
1119 3799 1124 3855 Ι
1142 3798 1159 3846 4
1176 3795 1230 3848 δυ-

111 3871 266 3945 σιαστήρεα
340 3869 535 3946 δᾴκοδύμησε
546 3879 581 3943 >
592 3885 639 3944 γτε
654 3878 658 3945 Ι
673 3881 689 3929 1
706 3871 784 3946 πάση
801 3877 836 3946 -Ι-
852 3893 870 3929 x
896 3883 901 3939 Ι
926 3880 943 3930 θ
960 3869 1145 3946 ω’κοδόμηοεν
1162 3881 1230 3940 115

111 3957 324 4032 θυσιαστήριον
340 3981 358 4029 y
374 3962 378 4030 Ι
393 3965 410 4015 5
428 3957 492 4015 εἴτε
509 3963 573 4028 εΙδ
591 3961 755 4030 σολομδντα
772 3979 806 4029 yz
822 3961 826 4030 Ι
846 3963 862 4014 7
879 3960 930 4015 ναὶ
946 3961 981 4030 «Ι-
997 3969 1010 4014 t
1025 3965 1030 4028 Ι
1045 3965 1061 4014 7
1081 3958 1196 4029 ἔστησεν
1212 3981 1230 4014 x

111 4044 116 4114 Ι
134 4047 152 4098 8
170 4037 344 4100 ίδούλευσεν
359 4065 379 4098 x
392 4045 397 4112 Ι
411 4046 429 4098 9
445 4040 604 4116 δκοδόμησε
622 4065 645 4111 τ,
664 4038 848 4115 ύκοδύμησεν
866 4063 883 4098 x
904 4047 908 4114 Ι
931 4046 961 4098 10
979 4046 1048 4100 σίου
1066 4065 1080 4099 τ
1097 4046 1101 4113 Ι
1117 4049 1146 4098 11
1167 4039 1229 4113 δεή-

111 4147 200 4200 γαγεν
211 4149 229 4184 x
245 4129 250 4198 Ι
266 4132 308 4182 11.
324 4132 354 4183 12
367 4125 457 4198 γεβάν
474 4149 516 4198 γε,
538 4129 665 4199 Γεβαναί
677 4139 689 4183 1
703 4131 708 4200 Ι
725 4135 755 4185 12
774 4125 977 4199 ἐκληδοενίζετο
990 4139 1001 4183 ι
1016 4132 1020 4197 Ι
1038 4132 1068 4184 13
1087 4123 1229 4197 ίνγαστρι-

110 4209 227 4282 μύθους
243 4233 262 4266 x
276 4213 281 4283 Ι
298 4216 330 4266 14
348 4216 496 4283 θεραφείν
513 4223 532 4280 ι,
553 4213 694 4284 σεραφελμ
705 4233 739 4282 γε
754 4215 759 4284 Ι
777 4219 807 4268 14
826 4209 993 4284 ἐπλήθυνεν
1008 4233 1035 4279 x,
1055 4207 1229 4280 ἐκλήθηνεε

111 4297 115 4368 Ι
138 4300 168 4351 11
185 4299 237 4354 τοῦ
254 4301 376 4368 ποιήσαι
393 4300 427 4365 -Ι-
444 4307 491 4367 γτι
506 4301 511 4364 Ι
528 4300 559 4352 lb
575 4301 757 4369 ταρσργήσαι
771 4317 812 4352 τιτ
828 4303 832 4365 Ι
850 4303 881 4353 15
899 4295 1007 4366 ἔθηκεν
1024 4315 1042 4349 x
1057 4297 1061 4364 Ι
1078 4297 1110 4348 15
1126 4291 1159 4349 τὸ
1178 4315 1228 4366 γιο-

110 4379 213 4438 νεστόν
229 4391 286 4452 γτλ,
304 4384 355 4437 τῶν
373 4378 558 4452 χονευτήρεον
575 4401 599 4436 τι
