3140 4968
683 439 898 505 „70..

187 621 304 680 tamen
318 611 403 676 nihil
418 633 479 676 nos
502 609 652 696 impedit,
677 609 853 694 quominus
869 615 1067 688 statuamus,
1091 608 1126 674 id
1142 607 1230 694 quod
1253 607 1400 694 ipsarum

190 756 300 799 rerum
327 738 465 798 naturae
489 737 747 796 consentaneum
777 752 849 795 esse
867 728 1107 814 judicavimus,
1138 729 1179 793 ab
1206 727 1303 793 initio
1328 727 1400 813 qui·

190 854 267 919 dem
289 855 372 920 haec
389 851 517 938 jejunia
538 849 798 936 praeparationis
821 871 921 914 causa
944 871 1016 914 esse
1039 847 1231 914 instituta¹.
1276 849 1400 912 Postea

189 982 320 1053 autem,
352 972 452 1056 idque
474 971 546 1057 jam
574 970 656 1035 satis
685 969 830 1054 antiquis
858 967 1082 1055 temporibus,
1118 990 1214 1049 sane,
1246 967 1281 1033 id
1310 967 1400 1054 quod

191 1094 326 1158 minime
348 1114 525 1177 negamus,
549 1089 678 1175 jejunia
705 1089 764 1154 illa
793 1089 894 1154 etiam
922 1090 963 1154 ad
986 1088 1123 1154 Domini
1144 1087 1250 1154 nostri
1272 1087 1400 1174 passio·

191 1235 267 1278 nem
290 1219 445 1278 revocata
468 1218 546 1276 sunt
574 1210 680 1294 iisqne
702 1211 766 1274 hoc
790 1231 919 1295 qnoque
942 1209 1107 1274 tributum
1136 1213 1188 1274 est
1211 1207 1398 1288 consilinm,

191 1339 231 1398 ut
267 1355 325 1419 per
361 1354 400 1396 ca
435 1331 682 1396 recordaremur
699 1329 898 1396 ‘Servatoris
930 1329 1036 1394 nostri
1067 1328 1229 1414 passionis
1262 1329 1399 1413 ejusque

192 1453 309 1518 mortis
341 1450 508 1516 salutaris.
562 1450 637 1516 Hoc
669 1458 783 1514 antem
815 1472 854 1515 eo
888 1449 1020 1515 facilins
1052 1449 1125 1514 ficri
1158 1449 1285 1535 potuit,
1323 1469 1400 1512 cum

192 1594 297 1638 coena
323 1570 490 1657 paschalis
518 1571 696 1656 quotannis
727 1571 907 1635 baberetur
934 1570 987 1635 die
1016 1569 1278 1634 resurrectionis.
1323 1569 1400 1633 lam

192 1692 280 1758 enim
302 1691 449 1777 ipsarum
470 1713 581 1756 rerum
602 1699 721 1756 natura
742 1712 847 1778 paene
870 1691 1079 1776 postulabat,
1104 1697 1142 1754 ut
1165 1689 1282 1754 diebus
1305 1694 1399 1752 ante-

192 1811 407 1892 cedentibus,
437 1810 492 1896 qui
514 1810 653 1896 jejuniis
682 1809 785 1876 dicati
814 1816 923 1890 erant,
953 1809 1111 1874 memoria
1133 1808 1249 1874 mortis
1273 1806 1399 1872 Christi

192 1938 409 2016 repeteretur.
455 1931 575 2015 ltaque
598 1929 670 2015 jam
692 1930 890 1996 Tertulliani
916 1928 1122 2016 temporibus
1150 1951 1209 2015 per
1237 1950 1293 1993 eos
1316 1927 1399 1991 duos

281 2187 291 2222 ¹
314 2194 417 2254 Aliam
432 2197 464 2252 et
478 2194 586 2253 miram
600 2195 737 2274 profecto
748 2193 907 2273 jejunandi
923 2213 1043 2254 causam
1058 2193 1197 2253 indicant
1212 2191 1399 2252 constitu·

193 2281 318 2340 tiones
333 2280 604 2358 apostolorum,
619 2281 651 2340 in
667 2281 777 2359 quibus
793 2280 866 2339 haec
882 2280 1027 2358 leguntur
1043 2278 1119 2354 (vid.
1136 2279 1300 2338 Hrnosres.
1317 2277 1398 2336 Nor.

192 2372 264 2427 test.
287 2371 371 2426 extra
392 2385 497 2425 canon.
512 2371 626 2444 recept.
642 2366 697 2440 IV,
718 2365 791 2442 88):
811 2363 987 2446 παρήγγειλεν
1006 2357 1054 2428 σύν
1073 2360 1137 2445 ἡμᾶν
1158 2360 1244 2433 αὐτὸς
1262 2358 1401 2442 νηστεύειν

193 2449 247 2522 τὰς
261 2447 405 2534 ἓξῆμύρας
420 2448 528 2522 ταύτας
542 2449 600 2514 διὰ
613 2447 675 2533 τὴν
686 2448 934 2514 τῶνἸούδαίων
949 2449 1157 2532 δυσσέβειαν
1170 2443 1231 2511 καὶ
1244 2471 1401 2530 παρανο-

192 2537 286 2619 μίαν,
300 2543 416 2600 πενθεῖν
430 2532 593 2608 nicodemi
607 2535 760 2618 ὀδύρεσθαι
768 2533 1049 2618 παρακελευσάμενος
1063 2531 1107 2598 ε’νεῖ
1116 2539 1150 2615 τῇ
1160 2532 1287 2615 ἀπωλείᾳ
1297 2531 1400 2596 αὐτῶν.

193 2625 333 2697 —Quae
353 2624 459 2684 eadem
478 2625 511 2683 in
526 2624 735 2684 didascalia
754 2625 1010 2704 apostolorum
1030 2624 1176 2702 syriaca
1194 2622 1239 2681 ita
1255 2621 1401 2698 leguntur

193 2709 226 2786 (a
235 2712 372 2770 Murano
387 2711 421 2769 in
435 2715 574 2769 nostrum
589 2730 758 2770 sermonem
772 2711 930 2784 translata,
946 2711 1027 2790 apud
1042 2711 1209 2769 Haemus.
1225 2707 1306 2782 l.1.):
1327 2699 1402 2774 „Er

192 2791 301 2872 apracl
317 2790 443 2853 σύεσσιν
458 2812 528 2864 aas,
550 2791 651 2853 indens
667 2811 700 2853 er
714 2812 773 2854 cas
787 2791 900 2854 lelrle:
925 2791 1039 2854 Nicll
1058 2812 1113 2853 ανε
1132 2787 1401 2852 meinelwillcu

181 2876 311 2964 surlet
334 2875 395 2940 ilar
414 2877 436 2939 d
440 2876 453 2938 ν’
459 2897 520 2939 ere
542 2875 634 2958 Papo
649 2877 737 2957 (celer
752 2875 867 2962 bedorf
876 2876 937 2950 iol,
959 2877 1030 2940 dass
1045 2875 1094 2938 ilr
1110 2895 1182 2937 ετινε
1198 2874 1282 2937 Scede
1297 2873 1402 2936 deuii·

193 2961 324 3043 aliqu),
342 2963 504 3026 conderer
522 2983 642 3044 tropea
656 2983 766 3025 curer
782 2961 933 3027 Brrider
947 2961 1035 3024 labe
1050 2961 1109 3024 illr
1124 2960 1248 3023 dieses
1259 2959 1402 3040 pellan

192 3049 258 3111 aad
266 3048 366 3133 pfleqt
380 3048 445 3112 dies
460 3069 498 3111 cu
514 3049 591 3112 thus
606 3047 640 3111 iu
656 3047 760 3111 ἀνέεενε
772 3047 884 3128 Taceo,
902 3049 936 3110 ν’νε
950 3049 1082 3110 welches
1095 3045 1299 3132 ihrsaatel.“
1305 3079 1401 3092 -—

193 3132 344 3208 „Darem
364 3134 482 3208 uiaret,
503 3135 601 3198 νσείνιε
616 3133 758 3212 Brulla,
780 3135 851 3197 dors
872 3133 922 3196 ilr
942 3155 1034 3196 auser
1049 3133 1183 3206 Foster,
1206 3131 1330 3194 welches
1345 3127 1402 3190 wir

193 3240 243 3280 om
258 3217 512 3306 Paschascsteo,
530 3219 778 3306 deslclbsostel,
800 3219 887 3282 weil
901 3240 1037 3282 arsere
1053 3219 1205 3282 Briidcr
1220 3216 1324 3280 nicil
1335 3235 1401 3295 qe-

192 3303 323 3367 lrorchl
344 3304 496 3368 Μετ’*
512 3317 570 3371 etc.
591 3343 624 3353 -
644 3311 682 3369 cf.
699 3311 792 3370 etiam
808 3331 885 3389 quas
900 3313 1109 3373 Erremurus
1126 3310 1221 3384 (haer.
1238 3307 1290 3380 70,
1313 3305 1368 3382 ll)
1385 3325 1402 3363 e

194 3393 466 3454 constitutionibus
486 3397 661 3475 apostolicis
682 3397 891 3456 Audianorum
912 3397 1015 3456 affert:
1040 3390 1110 3458 ὅταν
1130 3391 1226 3456 ἐκεῖνον
1246 3393 1326 3470 (scil.
1345 3393 1402 3451 Ju-

194 3478 277 3552 daei)
297 3475 470 3560 εύωχῶνταε,
490 3476 567 3561 ὑμεῖς
581 3477 758 3561 νηστεύοντες
772 3475 852 3564 ὑπὲρ
867 3479 983 3544 αὐτῶν
997 3487 1141 3552 nandans,
1162 3474 1205 3543 ὅτι
1221 3477 1249 3540 ἐν
1263 3482 1297 3558 τῇ
1311 3473 1401 3558 ἡμέρᾳ

192 3567 243 3644 τῆς
257 3561 353 3645 ἑορτῆς
366 3559 416 3627 τὸν
430 3563 556 3647 Χριστὸν
570 3563 760 3647 ἐσταύρωσαν.
774 3600 807 3610 -
826 3569 971 3627 Videmus
987 3569 1092 3646 igitur,
1106 3565 1265 3645 jejunandi
1281 3583 1403 3622 causam

193 3669 213 3709 a
231 3651 337 3710 multis
359 3669 424 3710 eam
447 3671 510 3712 esse
531 3652 681 3726 habitam,
704 3653 785 3732 qnod
800 3655 913 3713 Judaei
933 3654 1059 3713 salutari
1079 3653 1229 3728 evangelii
1245 3651 1402 3710 doctrinae

193 3755 256 3795 non
272 3736 487 3812 credidissent,
506 3739 558 3797 sed
574 3739 741 3798 Dominum
761 3741 842 3799 vitae
862 3741 944 3800 eruci
964 3741 1143 3809 affixissent3
1165 3739 1268 3816 itaque
1285 3736 1404 3815 jejunia

193 3823 259 3882 fieri
278 3827 404 3902 propter
423 3843 526 3883 eorum
548 3825 684 3884 exitium.
729 3825 789 3885 Sed
808 3827 858 3886 vix
878 3827 1038 3905 quisquam
1057 3825 1236 3896 crediderit,
1263 3823 1342 3882 hanc
1362 3821 1402 3880 ob

194 3925 315 3968 causam
330 3929 434 3968 revera
454 3910 492 3969 ab
506 3911 597 3970 initio
607 3912 725 3990 jejunia
742 3931 805 3970 esse
821 3913 973 3971 instituta.
1019 3912 1162 3984 Quamvis
1178 3910 1259 3969 enim
1274 3926 1403 3985 evange·

194 3993 270 4053 lium
285 4016 340 4054 nos
356 3995 477 4070 doceat,
498 3997 637 4056 inimicos
659 4017 722 4056 esse
743 3998 901 4072 amandos,
921 4004 1024 4058 tamen
1043 4017 1149 4076 parum
1168 3995 1325 4075 probabile
1345 3996 1402 4065 est,

194 4079 375 4141 christianos
395 4086 559 4161 antequam
578 4083 738 4142 sollemnia
755 4103 810 4142 sua
831 4086 964 4143 lacerent
977 4085 1094 4162 jejunia
1115 4083 1287 4143 observasse
1309 4085 1403 4158 atque

194 4163 306 4226 luxisse
321 4172 446 4246 propter
461 4168 653 4229 inimicorum
668 4189 790 4228 suorum
807 4171 942 4230 exitium.
965 4173 1009 4229 At
1024 4171 1082 4229 hoc
1098 4173 1179 4229 certe
1195 4189 1211 4228 e
1225 4167 1324 4227 serbis
1340 4166 1402 4224 illis

195 4257 331 4330 apparet,
341 4255 459 4333 jejunia
473 4255 626 4334 paschalia
640 4255 678 4314 ab
693 4255 783 4315 initio
799 4257 922 4316 minime
937 4257 1082 4316 instituta
1097 4275 1160 4315 esse
1178 4255 1210 4313 in
1225 4253 1402 4313 memoriam

195 4336 364 4398 dominicae
379 4340 536 4418 passionis.
