3120 4980
303 505 340 558 18
367 498 538 580 διωκόμενοι
554 516 613 581 pre
629 495 863 578 ὑπεκλελυμὲνοι,
882 505 915 558 ut
932 493 1066 558 videtur.

302 614 342 668 10
368 611 429 692 γὰρ
446 634 487 667 ω.

301 719 340 773 11
366 723 415 778 καὶ
440 713 509 794 ζήλ
496 737 519 775 ω
545 716 713 798 ἀνεχόμενοι
737 721 786 775 καὶ
813 717 971 786 ἀκούοντες
994 724 1048 784 τῆς
1071 725 1174 798 φωνῆς
1202 725 1256 783 τῆς
1285 713 1412 796 ένηχού-

367 843 423 894 σης
439 820 490 908 (1)
513 843 624 884 καταπ.
643 818 754 906 scripsi
747 819 958 906 ’,ἀνεχόμενοι
976 829 1010 882 ut
1026 817 1265 882 similitudinem
1283 824 1412 902 ένηχού-

366 951 447 1014 μενοι
462 929 549 992 illius
571 927 679 1014 graeei
702 927 881 990 retinerem.
910 904 989 992 abe
1012 937 1060 990 est
1075 932 1108 1002 ές
1091 932 1173 1002 ζεσεν
1186 924 1341 990 Athenas.
1360 926 1413 1006 28,

367 1033 795 1102 1ινω1οωα1711ισο.
814 1036 920 1100 ια16ε
914 1013 1209 1113 ἰνάἠκέζεσείὺ.
1229 1033 1297 1097 62:
1322 1036 1409 1120 ἐθέρ-

366 1143 501 1230 μανιίἰν.
520 1145 586 1208 17
605 1057 1101 1231 ριιπι.ιξῖ1.1ερμες11.ιιε
1120 1142 1221 1207 sed
1193 1165 1245 1206 vix
1265 1143 1414 1230 primaria

367 1253 581 1318 incalescendi
611 1252 811 1358 signifieatio.
842 1275 914 1315 nem
938 1253 963 1316 si
992 1251 1103 1316 damus
1126 1230 1258 1323 abib.»
1274 1251 1318 1314 nil
1346 1273 1415 1316 esse

368 1362 426 1426 nisi
457 1363 591 1426 formam
616 1359 717 1428 Safel
750 1361 835 1426 vocis
874 1339 971 1440 abr,
1012 1361 1189 1426 concedere
1227 1360 1414 1425 debebimus

365 1456 521 1549 abens
545 1479 640 1567 plane
661 1477 788 1542 idem'
763 1503 814 1565 sig
793 1479 944 1543 vniiieare
961 1479 1046 1565 quod
1066 1453 1127 1595 ἐκ
1151 1478 1286 1565 ideoque
1303 1499 1413 1565 perve-

370 1595 439 1660 nire
457 1619 514 1660 nos
530 1595 572 1659 nd
587 1597 720 1660 formam
739 1615 776 1666 nr
794 1597 1068 1684 simplicissimam.

301 1714 342 1767 18
370 1709 565 1788 ἀντικείμενον
582 1705 727 1769 Σατανᾶν
744 1705 896 1769 ἔσπενδον.
915 1745 957 1752 —
973 1715 1015 1789 μή
1032 1714 1082 1769 καὶ
1099 1705 1179 1787 ἀοκῄ.

302 1823 342 1875 19
368 1819 528 1886 ἡτεηκέναι
544 1819 561 1886 ἢ
579 1823 628 1877 καί
645 1814 817 1877 λανθάνειν.
851 1827 853 1832 “

303 1932 343 1983 311
369 1928 628 2008 ἐγκαρτερούντων
646 1925 699 2001 ’-1-.

303 2039 339 2092 31
370 2031 529 2116 βασάνους
546 2039 671 2094 καὶτῶν
688 2027 789 2106 ἀξειῶν
806 2041 973 2118 μαχαιρῶν
989 2041 1037 2094 καὶ
1054 2039 1114 2105 τὰς
1130 2033 1178 2121 φλ,

303 2147 342 2201 31
370 2143 398 2202 ἐν
417 2151 480 2211 τοῖς
497 2137 587 2202 ὕδασι
603 2133 621 2201 ‘i
637 2177 679 2186 -
697 2148 747 2204 καὶ
764 2153 826 2214 τοῖς
844 2139 876 2203 δὲ
893 2147 973 2204 κατὰ
989 2163 1019 2204 π.

234 2249 276 2310 70
326 2259 338 2309 1
367 2243 536 2323 ἀπαξιοῦσιν
554 2246 640 2333 quod
657 2245 686 2312 R
701 2267 858 2336 reponere
875 2247 1018 2329 volebat,
1043 2243 1066 2314 S
1084 2245 1209 2312 videtur
1225 2249 1351 2336 legisse.

327 2363 345 2418 3
371 2366 444 2444 post
459 2356 617 2441 καταβασ.
666 2353 770 2443 Syrus
787 2353 898 2420 eedem
915 2355 1004 2420 addit
1021 2377 1102 2442 quse
1116 2353 1177 2443 Rp.

305 2475 354 2527 11.
376 2473 412 2526 11
438 2465 632 2547 ταλανισμῶν
651 2463 692 2528 ὧν
710 2465 931 2551 ὡμολόγησαν,
957 2469 990 2529 ού
1006 2475 1064 2549 μὴν
1085 2463 1138 2553 [ef.
1158 2463 1326 2554 μ.71,16]
1353 2466 1417 2529 ἀλλ’

371 2579 414 2636 ὅτι
431 2579 481 2636 καὶ
497 2579 692 2658 μετέγνωσαν
710 2574 789 2637 οὑτοι
805 2579 855 2637 καὶ
873 2573 1076 2661 ἀπωδύροντο
1093 2579 1126 2637 τὸ
1143 2597 1230 2660 πεπρ.

308 2689 345 2742 13
372 2684 414 2744 έτι
435 2679 477 2744 δέ.

306 2797 344 2850 11
369 2797 615 2874 μεμαρτύρηνται
634 2789 829 2855 εὐπολὶτευτσι
846 2798 1007 2876 γενόμενοι.
1034 2791 1093 2876 βίῳ
1113 2797 1162 2870 †·

305 2905 342 2958 17
368 2904 417 2960 καέ
434 2901 487 2960 ε’ἀν
505 2921 549 2970 τις
566 2905 638 2985 γὰρ.

306 3013 344 3066 18
371 3005 494 3086 δίκαιον,
511 3011 560 3070 τὸν
577 3015 674 3093 κύριον
691 3012 789 3091 ἡμῶν.

306 3122 343 3174 19
369 3119 441 3200 ὑπὲρ
459 3141 494 3176 ιν.

303 3231 343 3282 11)
366 3229 442 3308 πρὸς
465 3229 498 3286 τὸ
515 3233 692 3288 παντάπασι
713 3233 754 3308 μὴ
773 3225 980 3310 ε’νσχληθὴναι
1003 3233 1051 3286 καὶ
1078 3224 1302 3295 ἀδικηθῆναι
1290 3229 1346 3287 νπὸ
1363 3247 1416 3286 του

369 3331 505 3416 διωγμοῦ
527 3339 574 3396 καὶ
604 3334 890 3420 έλευθερωθήναι
873 3341 933 3397 απὸ
950 3338 1093 3405 πάσηςκ.
1118 3331 1245 3436 ΚΝ
1258 3329 1415 3394 Athenas.

368 3435 434 3537 ψ
454 3441 494 3502 14
509 3435 578 3525 ἀρα
596 3441 648 3505 27.
666 3441 723 3505 sed
740 3439 938 3504 1ιοοοιοεείο
956 3452 1012 3521 est,
1031 3463 1094 3504 non
1111 3439 1254 3504 lectionis
1272 3440 1415 3504 varietas.

301 3557 338 3609 11
368 3554 445 3612 ἔστιν
462 3553 532 3631 ἧμιν
549 3553 609 3635 έγκ
628 3559 660 3612 et
676 3551 882 3635 ἔγκλημα-1·
900 3559 932 3613 et
947 3573 993 3612 vs
1012 3559 1052 3610 11
1071 3555 1184 3636 γὰριν.

302 3665 341 3718 11
367 3664 461 3720 καίτοι
478 3656 591 3730 εἰδότες
608 3664 651 3722 ὅτι
668 3659 746 3744 λέγει
762 3661 777 3722 ὀ
793 3667 893 3746 κύριος
909 3665 1004 3742 ἡμῶν.
1026 3697 1062 3705 -
1083 3661 1251 3747 ὠφελεῖται.

302 3773 342 3826 16
368 3770 525 3853 ἐφάνησαν
543 3769 592 3830 οὖν
610 3771 646 3830 σι’.

130 3873 132 3880 ’
236 3875 273 3938 il
325 3885 342 3937 3
369 3877 635 3960 ἀναγιγνώσκομεν
654 3884 722 3949 τοὺς
738 3877 997 3964 καταληφθέντας
1013 3883 1061 3939 καί
1080 3883 1236 3962 σνρέντας.

325 3991 341 4045 1
367 3990 445 4067 μετὰ
462 3997 631 4068 πεισμονῆς.
654 4007 699 4047 vs.
719 3995 736 4046 8
754 4009 785 4049 τε
802 4015 843 4066 ω,
870 3997 903 4048 ut
918 4007 963 4048 rs.
983 3983 1048 4046 21?

306 4103 341 4152 11
367 4093 454 4158 πάλιν
473 4099 520 4157 ὅτε
536 4101 746 4179 συνήρπασαν.
764 4116 837 4158 rnox
856 4093 1040 4178 βουλομένου
1059 4097 1153 4155 αὐτοῦ
1170 4093 1324 4156 εἰσελθεῖν.

306 4210 343 4261 16
370 4205 477 4280 αὐτον,
502 4205 607 4289 μησίν,
632 4207 660 4265 σι’
673 4203 830 4286 μαθηταί.
849 4213 881 4266 et
901 4211 937 4262 19
956 4211 1154 4287 προσσχοῦσι.

303 4317 342 4370 13
368 4319 421 4371 τοῦ
441 4330 501 4395 pro
519 4311 568 4372 οὖς
599 4309 714 4374 deinde
732 4333 776 4374 rs.
796 4317 836 4372 25
854 4320 927 4398 post
942 4313 1044 4394 κνρέου
1060 4321 1214 4395 punctum
1233 4309 1370 4395 ponitur.

236 4415 276 4480 72
327 4428 338 4479 1
367 4421 552 4494 ἐπιζητήσας
570 4423 658 4481 αὐτὸν
676 4429 735 4484 καὶ.
753 4457 794 4466 -
811 4425 977 4504 ἀνακρίνων
995 4465 1108 4481 .....
1126 4421 1199 4484 έκέλ.
1220 4419 1415 4490 ἀπολυθῆναι

367 4537 416 4590 καὶ
434 4527 588 4595 ἀπελθεῖν,
604 4549 677 4590 mox
694 4535 742 4590 καὶ
761 4527 800 4590 δι’
818 4531 928 4598 αὐτοὺς
946 4525 1081 4610 οὐδεμία.

866 4641 870 4648 .
1174 4637 1203 4675 d.
