3160 4976
1385 372 1433 444 13

244 545 296 609 διά
324 552 375 615 ελν
399 541 600 609 διδασκαλίαν
624 553 681 616 τῆς
702 542 873 629 εὐσεβείας.
902 550 936 608 τά
960 552 1099 633 μὲνγὰρ
1129 545 1293 632 σάββατον
1316 549 1435 632 εἴπομεν

245 654 449 741 δημιουργίας
472 659 582 740 τρόπον
604 658 703 740 ἔχειν,
725 661 779 724 τὴν
796 653 830 718 δὲ
846 661 988 741 κυριακὴν
1009 657 1224 730 ἀναστάσεως.
1250 660 1312 727 Τὴν
1336 663 1436 744 μεγά-

244 763 298 837 λην
321 762 486 848 έβδομάδα
512 771 617 827 πᾶσαν
634 768 684 827 καί
700 770 754 833 τὴν
770 761 834 847 μετ’
849 768 944 837 αὐτὴν
961 768 1154 852 άργείτωσαν
1172 769 1201 828 οί
1216 764 1332 847 δοῦλοι,
1357 769 1436 840 ὅτιή

244 879 299 957 μὲν
321 872 450 945 πάθους
472 875 567 954 ἐστίν,
594 877 614 945 ἡ
638 871 672 936 δὲ
696 876 912 954 ἀναστάσεως,
933 880 984 938 καί
1000 880 1091 959 χρεία
1114 872 1328 956 διδασκαλίας,
1353 881 1399 947 τίς
1421 878 1436 939 ό

215 982 362 1046 οπαθῶν
383 984 436 1045 καί
459 983 601 1054 ἀναστάς
623 985 644 1052 ἢ
664 989 710 1053 τίς
731 984 747 1045 ό
764 990 977 1068 συγχωρήσας
992 986 1043 1046 καί
1059 986 1252 1055 ἀναστήσας.
1277 986 1340 1056 Τὴν
1356 984 1438 1047 ἀνά-

245 1091 333 1173 ληψιν
362 1093 556 1176 άργείτωσαν
582 1087 634 1153 διά
658 1094 692 1152 τό
715 1096 815 1176 πέρας
836 1101 894 1163 τῆς
916 1093 996 1155 κατά
1021 1097 1145 1179 χριστόν
1167 1093 1350 1175 οἰκονομίας.
1375 1095 1438 1164 Τὴν

246 1207 447 1274 πεντηκοστὴν
477 1202 670 1286 άργείτωσαν
699 1187 752 1263 δίἀ
778 1207 832 1270 την
859 1202 1032 1286 παρουσίαν
1060 1210 1112 1264 τοῦ
1145 1204 1235 1287 ἁγίου
1265 1205 1438 1283 πνεύματος

245 1316 299 1381 τὴν
317 1301 466 1372 δοθεῖσαν
483 1317 548 1380 τοῖς
563 1313 758 1372 πιστεύσασιν
774 1311 819 1380 είς
833 1313 970 1394 χριστόν.
995 1312 1057 1381 Την
1073 1319 1134 1373 τῶν
1151 1308 1316 1396 γενεθλίων
1333 1313 1439 1395 ἑορτὴν

248 1421 442 1504 ἀργείτωσαν
459 1415 511 1479 διὰ
527 1421 561 1479 τά
577 1422 607 1478 ἐν
625 1419 702 1499 αὐτῇ
717 1415 945 1503 ἀπροσδόκητον
960 1422 1052 1505 χάριν
1069 1427 1133 1491 τοῖς
1149 1420 1330 1506 ἀνθρώποις
1349 1416 1439 1482 δεδό-

204 1553 230 1594 ιο
248 1529 345 1607 σθαι,
375 1526 565 1612 γεννηθῆναι
586 1531 637 1588 τόν
661 1535 714 1589 τοῦ
735 1526 814 1590 θεοῦ
835 1526 925 1612 λόγον
947 1531 978 1590 ἐκ
1000 1529 1129 1614 Μαρίας
1143 1539 1199 1600 τῆς
1216 1528 1376 1614 παρθένου
1394 1531 1441 1591 έπί

248 1641 387 1721 σωτηρίᾳ
407 1642 462 1697 τοῦ
484 1638 609 1716 κόσμου.
635 1637 697 1705 Τὴν
721 1642 782 1698 τῶν
804 1636 982 1724 θεοφανίων
1005 1639 1110 1722 έορτὴν
1127 1640 1320 1723 άργείτωσαν
1338 1636 1391 1699 διά
1406 1641 1440 1700 τὸ

249 1749 278 1808 ἐν
303 1747 382 1826 αὐτῇ
410 1738 562 1818 ἀνάδειξιν
592 1745 783 1828 γεγενῆσθαι
811 1754 868 1816 τῆς
889 1753 943 1807 τοῦ
971 1753 1099 1832 χριστοῦ
1123 1746 1293 1824 θεότητος,
1318 1766 1439 1831 μαρτυ-

248 1862 402 1942 ρήσαντος
422 1856 507 1931 αότῷ
531 1861 585 1915 τοῦ
608 1856 727 1937 πατρὸς
749 1854 779 1914 ίν
803 1860 847 1932 τῷ
871 1851 1065 1938 βαπτίσματι
1087 1861 1137 1918 καί
1164 1861 1218 1917 τοῦ
1242 1854 1441 1940 παρακλητον

249 1967 280 2026 ίν
304 1961 374 2026 εἴδει
396 1969 578 2047 περιστερᾶς
601 1956 815 2036 ὑποδείξαντος
838 1969 903 2034 τοῖς
926 1972 1100 2048 παρεστῶσι
1117 1967 1168 2025 τόν
1184 1962 1440 2048 μαρτυρηθέντα.

207 2099 232 2139 ιε
249 2076 340 2144 “Τὰς
366 2075 488 2156 ἡμέρας
514 2078 575 2133 τῶν
605 2068 782 2134 ἀποστόλων
813 2072 1018 2155 άργείτωσαν.
1052 2069 1228 2135 διδάσκαλοι
1259 2075 1322 2156 γὰρ
1356 2073 1441 2153 ὑμῶν

249 2186 292 2255 είς
323 2184 446 2268 χριστόν
475 2184 666 2250 κατέστησαν
697 2184 747 2242 καί
777 2185 951 2263 πνεύματος
977 2185 1061 2263 ὑμᾶς
1083 2178 1219 2256 ἠξίωσαν
1243 2182 1345 2265 ἁγίου.
1377 2182 1441 2250 Τὴν

170 2352 176 2360 ,
249 2295 367 2376 ἡμέραν
391 2289 549 2376 Στεφάνου
574 2295 627 2350 τοῦ
655 2293 919 2375 πρωτομάρτυρος
942 2290 1136 2376 άργείτωσαν
1159 2295 1211 2352 καί
1242 2297 1304 2351 τῶν
1329 2285 1441 2351 λοιπῶν

251 2402 348 2484 ἁγίων
372 2403 549 2484 μαρτύρων,
578 2403 641 2458 τῶν
673 2400 927 2483 προτιμησάντων
958 2401 1083 2485 χριστόν
1113 2408 1171 2470 τῆς
1200 2400 1319 2462 ἑαυτῶν
1343 2397 1439 2472 ζωῆς.

250 2507 305 2571 22.
321 2507 434 2591 Εὐχάς
455 2502 613 2569 ἐπιτελείτε
635 2506 753 2591 ὄρθρου
775 2512 825 2569 καί
848 2511 933 2591 τρίτρ
956 2509 1025 2591 ὥρᾳ
1046 2511 1096 2570 καί
1115 2507 1183 2587 έκτη
1201 2511 1251 2569 καί
1266 2507 1374 2586 ίννάτρ
1391 2509 1442 2566 καί

205 2637 233 2678 εο
251 2618 385 2703 έσπέρας
412 2619 462 2678 καί
491 2612 764 2699 ἀλεκτοροφωνίας.
802 2614 920 2699 ὄρθρου
949 2621 1025 2699 μίν,
1061 2617 1107 2678 ὅτι
1134 2617 1280 2702 ἐφώτισεν
1310 2617 1396 2694 ἡμὰς
1426 2613 1441 2674 ό
1560 2689 1561 2692 ¹

250 2730 362 2812 κόριος,
386 2729 588 2809 παραγαγὼν
609 2727 663 2794 τὴν
686 2728 779 2786 νύκτα
795 2729 845 2785 καί
865 2726 1036 2809 ἐπαγαγὼν
1055 2729 1109 2795 τὴν
1133 2727 1262 2808 ἡμέραν.
1287 2726 1372 2806 τρίτη
1397 2717 1442 2800 δέ,

250 2835 295 2896 ότι
319 2835 348 2894 ἐν
374 2833 452 2914 αὐτῇ
477 2832 632 2919 ἀπόφασιν
656 2834 718 2895 ἀπό
741 2831 874 2896 Πιλάτου
898 2829 1008 2916 έλαβεν
1032 2834 1048 2895 ό
1072 2837 1184 2918 κύριος.
1217 2833 1286 2914 ἕκτρ
1314 2827 1367 2908 δέ,
1398 2829 1442 2890 ὅτι

250 2945 281 3005 ἀν
305 2945 385 3024 αὐτῇ
409 2940 598 3025 ἐσταυρώθη
619 2941 789 3026 όχριστός.
814 2944 942 3026 ἐννάτρ,
967 2943 1011 3004 ότι
1035 2943 1138 3005 πάντα
1162 2946 1294 3010 κεκίνητο
1315 2945 1369 3000 τοῦ
1391 2934 1443 2998 δε-

251 3055 364 3114 σπότου
388 3053 626 3136 σταυρουμίνου,
644 3054 806 3136 φρίττοντα
822 3055 876 3121 τὴν
892 3049 1006 3130 τόλμαν
1023 3058 1084 3111 τῶν
1102 3046 1262 3132 δυσσεβῶν
1282 3043 1443 3109 Ἰουδαίων

206 3178 234 3221 ει
254 3154 336 3246 [καί]
363 3164 405 3240 μὴ
429 3161 561 3244 φέροντα
584 3163 639 3228 την
667 3165 721 3219 τοῦ
745 3167 847 3244 κυρίου
875 3155 975 3242 ίίβριν.
1009 3154 1058 3245 ἐφ’
1089 3159 1222 3242 έσπίρας
1251 3151 1284 3217 δὲ
1314 3157 1443 3240 εὐχαρι-

252 3275 393 3338 στοῦντες
409 3267 452 3327 ὅτι
469 3271 539 3349 ἡμῖν
564 3264 673 3330 ἔδωκεν
697 3269 871 3331 ἀνάπαυσιν
895 3267 1113 3350 καθημερινῶν
1137 3268 1237 3327 κόπων
1261 3269 1315 3334 τὴν
1340 3268 1443 3327 νόκτα.

253 3374 457 3461 ἀλεκτρυόνων
495 3371 528 3437 δὲ
564 3384 684 3459 κραυγῇ
725 3372 778 3436 διὰ
814 3378 848 3436 τό
883 3381 937 3446 τὴν
973 3355 1059 3461 ὤραν
1095 3371 1353 3458 εὐαγγελίζεσθαι
1389 3375 1443 3440 τὴν

253 3507 267 3560 ό
286 3510 324 3561 ειθ
341 3512 427 3564 κανὼν
444 3513 492 3570 τῆς
510 3505 538 3561 έν
556 3505 710 3575 Λαοδικείᾳ,
729 3509 787 3581 περὶ
806 3505 835 3560 δί
854 3502 903 3570 τῆς
920 3503 1048 3580 κυριακῆς
1070 3509 1143 3572 ζήτει
1161 3511 1214 3560 τῶν
1233 3503 1382 3576 βασιλικῶν
1400 3518 1445 3554 νο-

254 3600 341 3670 μίμων
358 3597 466 3671 βιβλίον
486 3601 511 3663 ζ,
530 3596 617 3650 τίτλον
638 3599 673 3662 ιζ,
693 3596 838 3668 κεφάλαιον
864 3599 896 3650 ιθ
920 3600 965 3651 καί
989 3601 1036 3650 τοῦ
1059 3595 1196 3664 βασιλέως
1218 3595 1310 3668 κυρίου
1336 3594 1446 3654 Λέοντος

253 3691 349 3764 νεαρὰν
366 3689 406 3752 νδ,
424 3691 608 3753 θεσπίζουσαν
628 3689 700 3761 παρὰ
719 3689 825 3742 πάντων
844 3686 1011 3749 ἀδιαστόλως
1023 3690 1155 3757 τιμᾶσθαι
1167 3687 1215 3748 τὴν
1228 3685 1306 3755 ἁγίαν
1319 3687 1446 3757 κυριακήν

253 3780 362 3854 ἡμέραν.
372 3811 404 3821 -
412 3786 442 3846 α)
455 3782 528 3844 ζήτει
536 3781 584 3842 τὴν
594 3798 629 3841 πη
638 3779 734 3851 νεαρὰν
745 3779 793 3831 τοῦ
806 3776 941 3850 βασιλέως
950 3779 1042 3852 κυρίου
1052 3777 1163 3837 Λίοντος
1172 3778 1307 3830 τυποῦσαν
1315 3776 1446 3844 τιμᾶσθαι

253 3875 298 3926 καί
314 3873 363 3931 τὰς
381 3875 483 3941 μνήμας
499 3875 552 3924 τῶν
564 3870 648 3923 θείων
666 3869 784 3943 πατίρων
802 3871 847 3922 καί
867 3867 1037 3923 διδασκάλων
1055 3873 1102 3930 τῆς
1118 3866 1260 3928 ἐκκλησίας
1277 3865 1446 3919 Ἀθανασίου

253 3961 298 4016 καλ
310 3962 455 4016 Βασιλείαν
467 3963 514 4015 τοῦ
526 3960 657 4032 μεγάλου,
677 3960 824 4033 Γρηγορίου
841 3963 889 4012 τοῦ
907 3959 1038 4030 θεολόγον
1051 3961 1094 4011 καί
1108 3958 1256 4031 Γρηγορίου
1268 3958 1315 4010 τοῦ
1326 3955 1444 4017 Νύσσης,

258 4053 381 4109 Ἰωάννου
393 4054 440 4105 τοῦ
452 4052 649 4125 χρυσοστόμου,
670 4050 804 4123 Κυρίλλου
817 4053 861 4104 καί
880 4049 1046 4122 Ἐπιφανίου.

309 4175 322 4213 1
333 4170 421 4225 είπεφεν
429 4180 456 4212 ιν
466 4167 515 4212 ΟΥ.
525 4171 574 4211 -2
586 4165 651 4223 λόγον
663 4178 705 4219 pro
714 4165 793 4222 τρόπον
802 4167 851 4210 ΟΥ.
860 4189 887 4198 -
898 4165 922 4208 δέ
933 4177 982 4222 μεγ.
992 4166 1041 4208 ΟΥ.
1052 4187 1080 4197 -
1093 4166 1106 4207 ό
1118 4175 1216 4220 συγχωρ.
1226 4163 1263 4206 καί
1276 4161 1368 4210 ἀναστάς
1378 4165 1408 4206 εί.
1421 4187 1446 4196 -

255 4245 311 4300 exp.
318 4241 458 4287 ἀναστάσεως
465 4240 547 4282 1-8
556 4236 745 4294 δωρηδεῑεανφεσ
754 4237 857 4282 δοθεῖσαν
863 4240 944 4282 ΟΥ.-
951 4249 987 4294 χρ.
998 4235 1085 4291 Ἰησοῦν
1094 4235 1142 4278 ΟΥ.
1150 4237 1204 4277 -9,
1213 4238 1239 4277 1⁰
1245 4249 1267 4292 χ.
1274 4234 1318 4278 διό.
1327 4233 1390 4291 ίινδρ.
1397 4235 1447 4281 ΟΥ.

255 4337 282 4348 -
292 4319 318 4358 10
326 4317 364 4358 καί
372 4325 428 4369 zm.
439 4312 488 4355 ΟΥ.
499 4309 600 4367 -λόγον
609 4310 695 4366 ’ίησοῡν
705 4311 741 4354 τόν
750 4309 841 4367 Χριστόν
852 4310 876 4354 έκ
886 4310 934 4353 ΟΥ.
942 4333 969 4342 -
979 4313 1004 4352 11
1013 4309 1059 4352 τῶν
1069 4305 1205 4364 Ἐειφανίυεν
1215 4307 1263 4352 ΟΥ.
1270 4331 1298 4340 -
1308 4311 1334 4351 18
1342 4305 1448 4352 κατεπά-

255 4386 327 4442 δηεαν
336 4386 385 4430 οΥ.
396 4407 423 4418 -
438 4388 464 4428 19
473 4387 540 4438 εεφίεί
548 4387 575 4427 22
583 4387 728 4437 praemittunt
737 4384 779 4427 ΟΥ
787 4385 901 4427 rubricam
915 4378 969 4439 Περί
984 4379 1071 4438 Εὐχῶν.
1091 4403 1118 4413 -
1132 4382 1160 4422 80
1175 4379 1214 4435 μίν
1224 4378 1400 4437 εόχεριετοῡντετ
1413 4376 1449 4422 ότι

255 4472 281 4517 γε
291 4460 326 4516 έφ.
337 4461 387 4504 ΟΥ.
401 4457 456 4514 ἡμῖν
469 4469 511 4512 pro
525 4456 584 4514 ἡμὰς
592 4457 659 4511 „1⁸⁰
668 4459 776 4501 λέυείείί.
787 4477 815 4488 -
832 4459 859 4498 νε
874 4453 981 4510 έπόφαειτ
991 4457 1021 4505 Μ,
1037 4451 1143 4508 ἀπόφασιν
1153 4451 1175 4495 ίν
1185 4449 1240 4509 «bvj
1251 4448 1290 4494 ὑπό
1299 4449 1349 4496 Πιλ.
1361 4451 1410 4494 ΟΥ.
1421 4472 1448 4483 -

256 4535 284 4575 28
293 4533 305 4576 ό
314 4543 341 4574 ιν
350 4531 398 4576 ΟΥ.
409 4553 436 4564 -
446 4529 488 4572 όνν.
499 4529 532 4583 δέ,
543 4525 577 4573 ότι
586 4528 608 4572 όν
618 4527 674 4588 αὐτῇ
683 4528 710 4572 τά
718 4527 787 4572 πάντα
798 4527 847 4572 ΟΥ.
859 4551 885 4560 -
895 4531 922 4571 θό
933 4527 986 4584 [καί]
997 4538 1023 4570 ιν
1033 4525 1106 4569 ΜΟΥ.
1117 4547 1145 4558 -
1154 4524 1195 4579 τὴν
1205 4529 1257 4578 pont
1265 4524 1341 4581 κυρίου
1351 4524 1399 4567 ΟΥ.
1412 4522 1446 4580 ίφ’

257 4617 283 4648 ιυ
292 4604 341 4648 ΟΥ.
352 4626 380 4636 -
388 4605 415 4646 28
423 4600 519 4646 δέδωκεν
529 4602 578 4647 ΟΥ.
594 4623 621 4635 -
636 4600 669 4645 όν.
686 4600 732 4644 τῶν
747 4599 901 4662 μεθημερινῶν
911 4600 960 4644 ΟΥ.
972 4601 1044 4644 Cobet
1053 4600 1129 4643 νεείεε
1139 4601 1246 4642 ίεοίίοεεεε
1256 4611 1279 4652 p.
1290 4599 1339 4642 281.
