3120 4980
1369 350 1456 406 XVII

366 525 560 590 Absolutum
584 539 632 588 est
656 525 804 590 uolumen
826 526 1051 591 mandatorum
1079 538 1109 589 et
1134 546 1294 590 canonmn
1324 537 1457 610 aposto·

273 635 414 698 licorum
442 655 509 718 per
535 632 723 699 Clementem
748 634 843 699 Petri
866 634 1013 720 apastoli
1039 633 1236 719 discipulum
1264 631 1455 722 [datorum];

272 743 361 829 quod
381 743 421 807 ab
446 739 639 832 [Clemente]
664 743 724 806 illo
746 747 782 808 in
798 757 868 807 octo
891 743 992 807 libros
1012 743 1068 810 oet
1087 743 1200 828 λόγους
1217 739 1376 828 dipestam
1396 755 1453 806 est.

274 875 350 915 nam
363 875 458 938 qaam
473 865 570 915 antea
580 851 770 936 dipessisset
785 865 815 915 et
824 855 935 936 primo
949 851 1019 915 loco
1027 856 1196 936 posuisset
1212 847 1365 927 διατάξεις
1377 851 1457 914 illos

272 961 371 1042 duas,
400 982 481 1046 quas
498 961 644 1048 apostoli
662 964 762 1046 quasi
779 963 857 1044 ipsa
877 960 1003 1023 domt'rsi
1020 964 1131 1024 nostri
1146 959 1243 1024 uerba
1258 963 1457 1044 eucapimtes

274 1073 494 1154 scripserant,
515 1091 570 1131 eas
587 1089 699 1152 nempe
716 1091 796 1154 quas
813 1072 882 1132 eins
904 1081 1125 1134 testamentum
1141 1068 1374 1154 nuncupabant
1394 1072 1416 1131 i.
1431 1091 1456 1131 e.

274 1178 311 1242 A
337 1175 502 1266 [διάταξιν]
526 1199 595 1239 earn
612 1199 694 1262 quae
715 1177 754 1240 de
774 1174 892 1252 τάξεσιν
916 1177 1071 1240 ecclese'ae
1091 1190 1122 1240 et
1142 1175 1367 1258 oedfficatione
1387 1179 1457 1240 eins

273 1290 343 1372 opit
375 1298 406 1348 et
438 1285 476 1348 de
504 1287 675 1367 ἀκολουθίᾳ
706 1285 881 1350 oblationis
908 1291 1020 1351 sancti
1049 1286 1209 1368 soorfficn'
1240 1299 1270 1348 et
1296 1285 1334 1349 dc
1362 1307 1457 1350 sacro

264 1395 415 1477 fideliam
431 1409 591 1459 conuentu
608 1395 721 1458 ordene
731 1395 918 1480 perapendo
936 1407 966 1458 et
983 1395 1028 1460 B
1044 1418 1129 1477 eam,
1154 1417 1219 1480 qua
1233 1393 1272 1458 de
1288 1394 1406 1472 τάξεσιν
1428 1407 1459 1458 et

272 1506 406 1567 secretis
428 1507 540 1566 sancti
559 1501 716 1587 baptismi
733 1507 914 1587 exponetur
941 1541 984 1552 -
1012 1517 1043 1568 et
1066 1526 1162 1590 quam
1185 1501 1246 1566 bas
1270 1516 1307 1566 ut
1329 1502 1457 1568 decebat

268 1615 377 1698 preino
401 1612 473 1675 loco
496 1617 680 1696 posuisset,
708 1626 744 1675 ut
760 1611 885 1676 bonore
907 1611 1069 1697 afficeret,
1099 1609 1263 1699 tam'quia
1285 1634 1307 1675 a
1329 1611 1456 1676 άοιιιάιο

273 1721 414 1784 traditae
430 1735 537 1784 essent
553 1743 647 1806 qaam
656 1733 799 1804 propter
813 1725 1040 1806 mysteriorum
1055 1745 1137 1808 quoe
1154 1735 1334 1786 tractarent
1348 1720 1455 1806 dt‘ynt'·

273 1843 387 1894 tatem:
418 1869 461 1878 -
487 1842 607 1914 posteo
638 1829 677 1896 0
701 1832 796 1892 tertio
823 1828 908 1892 libro
936 1829 993 1894 dat
1017 1830 1201 1895 doctrinam
1223 1829 1454 1915 apostolorum,

273 1961 337 2024 qna
357 1938 455 2002 aerbo
477 1938 541 2000 itta
561 1941 780 2018 continentur,
809 1961 890 2023 qaae
905 1939 1194 2024 stupuliapostoli
1214 1939 1344 2024 loquuti
1362 1951 1455 2002 sunt:

272 2047 386 2110 deinde
404 2044 487 2122 τάξει
503 2060 622 2132 quarta
636 2047 685 2111 D
702 2046 949 2112 adanonittbnem
964 2048 1056 2112 allam
1072 2071 1164 2112 suam
1180 2045 1329 2112 eabibait
1344 2046 1389 2111 ad
1402 2069 1456 2110 eos

262 2155 393 2241 factam
417 2159 476 2241 qai
495 2155 694 2220 charismata
714 2157 888 2241 possident
913 2154 1067 2246 [cavens],
1098 2179 1138 2221 ne
1161 2179 1200 2220 ea
1222 2156 1262 2220 de
1284 2180 1320 2220 re
1343 2177 1457 2242 super·

274 2263 380 2328 beant:
419 2263 534 2328 deinde
564 2264 645 2342 τάξει
678 2269 792 2351 qut'nta
818 2267 862 2330 lt
888 2264 1024 2343 διάταξιν
1055 2266 1142 2330 dedit
1172 2265 1211 2330 de
1237 2272 1456 2353 χιιροτονίαιςι

273 2372 387 2437 monde
402 2387 495 2437 sento
518 2372 602 2436 libro
618 2372 720 2452 τάξεις
744 2389 775 2438 et
796 2378 963 2439 cautiones
986 2397 1041 2437 eas
1058 2397 1139 2460 quas
1156 2375 1304 2459 apostoli
1321 2376 1458 2438 clericos

273 2495 304 2544 et
338 2481 440 2545 laicos
462 2481 580 2564 fideles
611 2481 807 2563 docuerunt,
846 2486 882 2545 in
914 2483 1028 2568 quibus
1059 2486 1190 2567 premas
1226 2483 1316 2547 docet
1347 2483 1458 2549 Stinon

274 2612 482 2654 cananaeus:
511 2591 626 2654 deinde
652 2591 734 2670 τάξει
762 2594 899 2675 septimo
924 2593 968 2656 F
987 2589 1141 2668 διατάξεις
1167 2592 1395 2677 apostolorum
1421 2591 1459 2655 de

274 2697 363 2761 cultu
390 2702 523 2784 mystico
553 2697 726 2788 [agentes],
761 2699 875 2785 quibus
902 2701 941 2764 de
966 2701 1036 2765 oleo
1058 2715 1088 2764 et
1113 2701 1151 2764 de
1172 2699 1406 2765 catechumenis
1428 2715 1459 2764 et

274 2806 312 2869 dc
330 2804 546 2872 &maniacis
568 2821 599 2872 et
625 2809 663 2872 de
681 2807 924 2894 poenitentibus
945 2810 1058 2874 docet:
1087 2809 1199 2874 altuino
1223 2811 1359 2894 deniqne
1387 2810 1457 2872 loco

277 2911 319 2979 θ
342 2915 427 2980 bano
448 2921 655 2981 nouissimam
676 2915 813 2995 διάταξιν
827 2926 943 3004 posuit
963 2919 1002 2983 de
1024 2917 1205 2982 canonibus
1229 2919 1458 2984 ecclesiasticis

275 3023 461 3114 [agentem].

364 3155 562 3222 magnopere
579 3134 751 3200 dolendum
770 3145 832 3216 est,
855 3135 1012 3223 hocopus
1033 3135 1194 3222 integrum
1212 3145 1371 3199 servatum
1393 3157 1458 3200 non

276 3263 356 3306 esse.
392 3242 466 3307 libri
492 3243 587 3331 primi
610 3253 641 3308 et
667 3241 798 3308 secundi
826 3265 908 3329 quae
931 3254 1103 3332 supersunt
1124 3243 1227 3332 capite
1251 3243 1343 3306 huius
1371 3242 1458 3308 volu·

273 3351 367 3416 minis
392 3351 581 3416 duodecimo
605 3374 723 3440 graece
745 3350 882 3418 reddere
899 3363 1031 3416 conatus
1047 3375 1135 3416 sum:
1160 3351 1217 3417 sed
1234 3373 1346 3418 vereor
1361 3373 1402 3417 ne
1419 3351 1459 3417 de

274 3459 366 3524 malis
389 3459 523 3548 syriacis
547 3481 665 3547 graece
691 3462 842 3546 loquutus
870 3461 930 3526 eim
957 3460 1108 3526 deterius.
1144 3459 1225 3526 liber
1252 3471 1397 3550 quartus,
1427 3460 1459 3524 ni

274 3569 381 3633 omnio
400 3570 528 3652 fallunt,
553 3569 639 3634 idem
660 3568 746 3657 apud
763 3568 865 3657 Syros
887 3569 941 3656 qui
958 3569 1043 3658 apud
1059 3569 1242 3658 Aegyptios
1263 3574 1379 3635 tertius
1404 3573 1463 3655 qui

273 3676 357 3740 adan
372 3693 508 3764 quartus
525 3679 544 3742 i.
560 3699 586 3743 e.
601 3679 759 3742 constitut.
778 3689 877 3766 apost.
892 3677 978 3742 VIII
994 3679 1005 3742 i
1020 3689 1053 3744 et
1067 3678 1098 3742 ii.
1115 3701 1190 3744 nam
1207 3701 1305 3766 quum
1319 3679 1459 3767 primum

273 3785 393 3851 librum
410 3809 428 3850 a
444 3787 633 3852 collectione
648 3809 706 3852 sua
721 3786 906 3853 reiecissent
921 3787 1096 3876 Aegyptii,
1118 3788 1288 3876 pristinum
1304 3787 1459 3851 librorum

275 3914 443 3960 nnmerum
460 3895 504 3959 ita
519 3897 698 3977 servabant,
717 3905 751 3959 ut
767 3919 849 3961 novo
865 3880 999 3962 nunioro
1014 3907 1156 3962 veterem
1172 3895 1337 3960 adderent.
1362 3895 1459 3959 habe-

274 4003 352 4067 bant
375 4013 481 4068 autem
504 4005 687 4094 exemplum
708 4025 747 4070 ea
767 4027 803 4071 re
825 4029 844 4070 a
865 4005 991 4092 syriaco
1014 4005 1207 4093 discrepans,
1233 4003 1318 4090 quod
1342 4001 1459 4068 librum

274 4109 368 4198 Syris
392 4113 520 4177 tertium
548 4112 688 4178 secundo
711 4113 782 4180 loco
810 4113 977 4179 exhiberet
1000 4124 1032 4178 ot
1054 4114 1182 4178 illorum
1205 4112 1299 4178 tertio
1322 4111 1459 4200 primam

274 4220 384 4284 sedem
401 4221 600 4287 concederet.
625 4222 777 4309 septimus
793 4221 951 4310 Syrorum
973 4221 1056 4286 liber
1073 4220 1218 4309 perditus
1241 4231 1377 4304 nonest,
1402 4217 1461 4284 sed

273 4328 421 4394 librarius
438 4329 492 4416 qui
512 4330 546 4396 in
567 4330 714 4418 margine
732 4329 772 4396 de
791 4352 874 4396 novo
897 4330 1086 4418 incipientes
1102 4329 1287 4418 regularum
1309 4349 1459 4393 numeros

273 4439 420 4527 apposnit
440 4462 471 4528 p.
488 4435 542 4526 ξε
565 4439 605 4504 21
626 4439 700 4504 novi
721 4439 795 4504 libri
816 4438 940 4502 initium
961 4438 1104 4504 indicare
1131 4439 1249 4505 oblitus
1272 4451 1328 4504 est.
1356 4458 1460 4524 neque

273 4545 452 4612 dubitarem
480 4548 701 4614 octateuchum
728 4547 818 4612 illum
841 4547 1066 4616 clementinum
1088 4548 1184 4636 plane
1206 4547 1342 4613 eundem
1364 4545 1460 4610 fuisse

1230 4659 1244 4698 b
