3160 4976
1413 415 1461 482 89

268 579 341 642 εἴτις
355 584 445 641 πιστός
458 580 504 635 διά
517 583 594 636 νόσον
609 584 797 655 περιλείπεται,
819 585 919 656 φερέτω
942 563 1001 654 [Ie]
1016 583 1089 652 αὐτῷ
1107 581 1227 643 διάκονος
1241 587 1288 644 τὴν
1302 587 1464 656 προσφοράν.

268 671 292 724 εἷ
313 691 353 732 τις
376 671 550 744 πρεσβύτερός
574 670 644 724 ἐστιν
670 673 683 724 6
708 676 745 741 μὴ
768 671 912 742 δυνάμσνος
934 673 1036 734 ἐλθεῖν,
1065 669 1241 745 πρεσβύτερος
1264 675 1361 744 φερέτω
1384 677 1466 743 αὐτῷ.

269 759 368 828 ὁμοίως
387 761 410 814 εί
429 765 495 830 γυνὴ
516 760 634 830 ἐγκύμων
654 763 694 825 εἴη
714 762 740 815 ἐν
760 764 832 832 νόσῳ
851 763 895 814 καὶ
914 767 950 831 μη
970 763 1078 817 δύναιτο
1092 766 1234 824 νηστεῦσαι
1247 763 1404 823 ταύταςτὰς
1417 762 1465 815 δύο

268 849 382 921 ἡμέρας,
402 852 550 911 νηστευέτω
569 855 616 913 τὴν
632 854 694 921 μίαν
708 852 821 924 ἡμέραν,
840 851 1019 924 λαμβάνουσα
1032 852 1058 906 έν
1071 857 1109 922 τῷ
1123 853 1217 926 πρώτῳ
1231 850 1313 924 ἄρτον,
1324 855 1368 904 καί
1382 851 1464 925 ὕδωρ.

237 940 250 978 ⁵
268 940 312 992 καί
326 938 371 992 ἐὰν
384 943 420 1008 μὴ
435 940 545 1004 δύνηται
558 939 656 1003 ἐλθεῖν,
671 941 828 995 διακόνισσα
841 943 939 1014 φερέτω
950 941 1028 1014 αὐτῇ.
1045 944 1109 1015 Περί
1118 948 1172 996 τῶν
1181 941 1390 1014 ἀρρωστούντων
1401 942 1465 994 ἀνα-

269 1015 417 1099 φέρίτοισαν
436 1029 475 1090 εἰς
492 1034 539 1092 τὴν
558 1031 640 1092 ἀκοὴν
658 1035 705 1084 τοῦ
725 1030 879 1092 ἐπισκόπου,
904 1031 946 1084 ίνα
958 1030 981 1084 εί
995 1031 1085 1094 δοκοίη
1098 1037 1136 1101 τῷ
1150 1031 1281 1101 ε’πισκόπῳ
1296 1031 1466 1102 ε’πισκίψηται

267 1115 374 1178 αὐτούς.
390 1119 456 1172 πολὺ
470 1122 520 1193 γὰρ
534 1124 732 1192 παραμυθεῖται
746 1120 760 1172 ό
774 1120 935 1193 ἀρρωστῶν,
952 1122 1069 1189 μάλιστα
1083 1125 1174 1183 πιστός
1186 1121 1238 1184 ῶν,
1259 1124 1306 1173 τοῦ
1320 1121 1467 1193 ἀρχιερέως

269 1205 486 1275 ἀναμνησθέντος
500 1208 596 1263 αὐτοῦ.

796 1336 910 1411 XIII.

269 1462 358 1545 [αλ]
381 1480 416 1528 Ex
433 1481 480 1537 τῆς
498 1474 597 1548 βίβλου
617 1481 664 1538 τῆς
683 1475 799 1545 διδαχῆς
816 1476 943 1530 Ἀδδαίου
962 1480 1010 1530 τοῦ
1023 1475 1184 1539 ἀποστόλου,
1199 1475 1228 1538 ές
1242 1478 1408 1547 έμοθήτευσε
1421 1481 1466 1531 καί

224 1583 250 1620 ιο
268 1563 373 1630 έδίδκξε
387 1566 449 1624 τοὺς
467 1563 645 1627 Ἐδεσσηνοίνς
658 1567 701 1620 καί
716 1573 815 1626 πάντας
829 1568 892 1626 τοὺς
905 1566 932 1619 έν
944 1571 983 1636 τῷ
995 1568 1102 1636 κλίματι
1115 1573 1162 1629 τῆς
1175 1569 1389 1634 Μεσοποταμίας,
1404 1569 1465 1622 πότε

267 1655 351 1727 ἀνέβη
370 1655 384 1706 6
403 1655 513 1726 χριστός
532 1657 596 1727 πρός
614 1657 658 1708 τόν
677 1657 776 1728 πατέρα
794 1655 877 1710 αὐτοῦ
896 1659 939 1710 καί
961 1663 1018 1718 πῶς
1035 1655 1134 1729 έλαβον
1152 1660 1199 1719 τὴν
1213 1656 1315 1729 δωρεὰν
1328 1661 1374 1709 τοῦ
1388 1657 1466 1726 ἁγίου

268 1747 415 1814 πνεύματος
434 1746 478 1796 καί
496 1747 543 1804 τὴν
563 1743 639 1809 τάξιν
656 1749 700 1798 καί
719 1751 766 1806 τὴν
786 1746 951 1818 λειτουργίαν
969 1753 1016 1809 τῆς
1034 1747 1177 1809 ἐκκλησίας
1196 1747 1222 1799 οί
1235 1747 1306 1816 ἀγιοι
1320 1747 1467 1800 ἀπόστολοι

265 1840 310 1888 καὶ
325 1840 373 1887 ποῖ
386 1833 520 1906 ἐπορεύθη
541 1829 578 1894 είς
597 1831 705 1894 ἕκαστος
726 1833 813 1888 αὐτῶν
834 1839 878 1888 καί
898 1837 980 1890 πόθεν
994 1835 1075 1907 ἔλαβε
1088 1839 1135 1898 τὴν
1148 1837 1321 1908 χειροθεσίαν
1334 1841 1381 1898 τῆς
1395 1835 1466 1908 ίιρα-

265 1928 338 1986 τείας
356 1927 389 1976 τά
408 1923 523 1992 κλίματα
542 1928 593 1976 τῶν
612 1922 746 1986 Ἑλλήνων
761 1929 846 1978 πάντα
863 1929 973 1978 καὶτῶν
992 1924 1134 1994 Ῥωμαίων
1153 1925 1197 1978 καί
1211 1932 1296 1979 πάντα
1307 1927 1341 1978 τὰ
1355 1924 1421 1987 ἐθνη
1433 1927 1467 1978 τά

223 2029 249 2067 ιο
267 2016 376 2088 ἀρκτικά
389 2017 423 2066 τά
436 2015 641 2083 μαθητευθίντα
653 2019 682 2067 τό
697 2014 851 2084 εὐαγγέλιον
863 2018 911 2067 τοῦ
924 2019 1037 2087 χριστοῦ
1050 2020 1098 2068 τοῦ
1112 2021 1234 2087 σωτῆρος
1246 2015 1329 2084 ἡμῶν.

266 2107 340 2160 Ἔτει
349 2104 402 2176 τμβ
415 2111 461 2166 τῆς
470 2103 610 2174 βασιλείας
618 2110 671 2156 τῶν
682 2104 819 2167 Ἑλλήνων
830 2109 892 2173 μηνί
903 2105 1010 2176 Ἰουλίῳ
1018 2106 1041 2168 ’,
1055 2103 1362 2177 τῇτεσσαρεσκαιδεκάτη
1373 2102 1466 2166 αὐτοῦ,

265 2196 350 2268 ἡμέρᾳ
363 2201 474 2266 κυριακῇ
486 2196 544 2256 ἣτις
556 2191 589 2255 ἦν
602 2194 619 2256 ἡ
634 2195 772 2248 συντέλεια
784 2201 831 2257 τῆς
844 2201 1038 2258 πεντηκοστῆς,
1057 2193 1124 2267 αὐτῇ
1139 2204 1170 2269 τῇ
1185 2195 1270 2267 ἡμέρᾳ
1283 2195 1365 2264 ταύτῃ
1377 2191 1466 2256 ἦλθον

265 2285 289 2337 οί
311 2286 431 2352 μαθηταί
455 2283 482 2337 ἐκ
506 2284 632 2356 Ναζαρῖθ
653 2289 701 2343 τῆς
723 2283 885 2344 Γαλιλαίας,
910 2284 1008 2338 όπόθιν
1031 2283 1211 2353 εὐηγγελίσθη
1230 2284 1248 2344 ή
1268 2283 1401 2353 σύλληψις
1419 2287 1467 2335 τοῦ

265 2375 356 2446 κυρίου
365 2373 449 2440 ἡμῶν,
461 2372 498 2430 είς
510 2375 538 2424 τό
552 2372 612 2445 όρος
620 2377 650 2426 τό
661 2373 823 2440 καλούμενον
835 2372 942 2426 ἐλαιῶν.
954 2393 998 2428 και
1007 2373 1020 2424 6
1030 2374 1119 2446 κύριος
1127 2374 1203 2443 ἡμῶν
1213 2373 1268 2441 μετ’
1277 2371 1365 2424 αὐτῶν
1375 2370 1412 2424 ῶν
1420 2371 1467 2425 οὐκ

222 2477 249 2513 νο
266 2463 347 2534 ὤφθη
362 2461 462 2522 αὐτοῖς.
475 2465 519 2514 καί
532 2466 570 2530 τῷ
583 2467 666 2534 καιρῷ
677 2467 724 2515 τοῦ
737 2461 840 2532 βαθέος
851 2462 951 2534 ὄρθρου
961 2461 1022 2535 ἦρεν
1034 2441 1126 2550 [Q]
1138 2463 1151 2514 6
1166 2463 1253 2535 κύριος
1264 2463 1340 2530 ἡμῶν
1350 2463 1398 2521 τάς
1409 2467 1467 2530 χεῖ-

265 2571 314 2624 ρας
324 2551 405 2606 αὐτοῦ
416 2554 459 2604 καί
471 2551 586 2605 ἐπιτίθει
597 2551 680 2612 αότάς
690 2550 732 2604 έπὶ
743 2553 792 2611 τάς
803 2553 918 2623 κεφαλὰς
927 2558 980 2604 τῶν
988 2551 1078 2607 ἕνδεκα
1086 2554 1215 2621 μαθητῶν
1223 2555 1266 2603 καί
1275 2550 1369 2604 ἔδωκεν
1377 2549 1467 2611 αὐτοῖς

265 2645 312 2703 τὴν
320 2641 421 2713 δωρεὰν
429 2648 474 2703 τῆς
483 2641 612 2713 ίιρατιίας
623 2644 666 2694 καὶ
676 2643 828 2712 παραυτίκα
835 2641 929 2712 νεφέλη
940 2645 1052 2712 φωτεενὴ
1065 2639 1246 2712 ὑπελάμβανεν
1257 2639 1336 2692 αὐτόν
1346 2639 1389 2692 καί
1400 2638 1467 2693 εἶδον

266 2730 345 2784 αὐτόν
359 2730 538 2802 ἀναβαίνοντα
552 2731 590 2790 είς
602 2733 646 2783 τδν
661 2729 770 2803 οὐρανόν
785 2734 828 2785 καί
841 2734 993 2800 καθήμενον
1007 2731 1035 2784 ἐκ
1049 2728 1144 2796 δεξιῶν
1157 2735 1205 2783 τοῦ
1218 2732 1316 2802 πατρίς
1329 2729 1411 2782 αὐτοῦ
1425 2732 1468 2783 καί

265 2819 393 2884 ἐδόξαζον
406 2822 449 2871 τόν
463 2822 527 2872 θεόν
541 2819 580 2871 ὅτι
594 2817 661 2873 εἶδον
674 2822 721 2880 τὴν
735 2819 869 2890 ἀνάληψιν
883 2819 964 2872 αὐτοῦ
975 2823 1068 2882 καθὼς
1079 2818 1147 2873 εἶπεν
1157 2820 1248 2880 αὐτοῖς
1258 2822 1302 2872 καί
1317 2816 1467 2889 ἐλάμβανον

220 2923 247 2960 νο
266 2908 327 2980 παρ’
338 2907 420 2961 αὐτοῦ
435 2910 635 2980 χειρεπιθεσίαν
655 2908 805 2981 ἱερατικὴν*
821 2914 868 2962 τοῦ
887 2908 960 2961 οἴκου
972 2910 1092 2969 Μωσέως
1108 2912 1151 2961 καί
1162 2907 1279 2980 Ἀαρὼν.
1306 2909 1349 2960 καί
1366 2907 1467 2959 ἐκεῖθεν

266 2997 401 3069 ἀνέβησαν
422 2998 460 3058 είς
480 3001 509 3050 τό
528 2996 646 3070 ὑπερῷον
665 2998 730 3052 ὅπου
747 3000 843 3060 ἤσθιεν
860 2999 873 3050 6
891 3000 979 3070 κύριος
998 2999 1073 3067 ἡμῶν
1091 2998 1146 3068 μετ’
1163 2997 1250 3052 αὐτῶν
1264 3000 1293 3050 τό
1313 3001 1408 3067 πάσχα
1423 3002 1467 3051 καὶ

266 3087 292 3141 ἐν
311 3083 333 3157 ᾧ
350 3090 422 3158 τόπῳ
441 3085 511 3150 ἦσαν
532 3088 718 3160 ἐρωτήσαντες,
737 3091 777 3150 τίς
790 3087 932 3162 παραδιδοῖ
953 3091 997 3140 τδν
1015 3090 1104 3160 κύριον
1123 3088 1198 3156 ἡμῶν
1215 3093 1271 3147 τοῖς
1290 3093 1467 3160 σταυρωταῖς,

265 3177 319 3230 ἐκεῖ
327 3175 396 3238 ἦσαν
408 3177 588 3249 ἐρωτήσαντες
601 3182 643 3230 καί
657 3184 713 3237 πῶς
726 3177 864 3251 κηρύξοιεν
877 3182 905 3231 το“
917 3177 1069 3246 εὐαγγέλιον
1083 3177 1165 3230 αὐτοῦ
1176 3177 1202 3231 ἐν
1212 3181 1250 3248 τῷ
1261 3179 1366 3246 κόσμῳ·
1379 3180 1422 3230 καί
1430 3175 1467 3236 ὡς

266 3266 293 3319 ἐν
308 3268 379 3336 μέσῳ
390 3271 427 3336 τῷ
438 3266 551 3338 ὑπερῴῳ
561 3268 661 3339 ἤρξατο
679 3270 708 3320 τό
725 3273 869 3342 μυστήριον
881 3274 928 3322 τοῦ
942 3271 1067 3338 σώματος
1076 3268 1119 3336 καί
1129 3273 1177 3321 τοῦ
1191 3267 1302 3336 αἵματος
1313 3272 1359 3320 τοῦ
1374 3269 1466 3338 κυρίου

221 3371 247 3408 υο
265 3357 340 3425 ἡμῶν
357 3355 520 3428 βασιλεῦσαι
532 3356 559 3408 ίν
572 3361 610 3426 τῷ
623 3358 722 3426 κόσμῳ,
735 3355 818 3417 οὕτως
832 3357 933 3411 ἐκεῖθεν
951 3356 1050 3430 ἤρξατο
1065 3361 1108 3410 καί
1122 3358 1139 3418 ἠ
1153 3356 1315 3410 διδασκαλία
1326 3359 1373 3409 τοῦ
1386 3358 1466 3429 κηρύ-

267 3464 365 3514 γματος
380 3445 461 3499 αὐτοῦ
477 3449 657 3518 κρατυνθῆναι
671 3447 698 3499 ἐν
712 3445 767 3515 ὅλῳ
782 3450 819 3516 τῷ
832 3448 932 3515 κόσμῳ.
952 3449 1057 3498 καὶτῶν
1069 3449 1199 3513 μαθητῶν
1213 3445 1240 3498 ἐν
1253 3445 1353 3518 ἀπορίᾳ
1365 3445 1466 3518 βεβλη-

266 3537 350 3604 μένοιν
363 3541 418 3596 πῶς
431 3534 577 3607 κηρύξουσι
585 3537 613 3588 τό
625 3534 776 3604 εὐαγγέλιον
786 3537 869 3588 αὐτοῦ
878 3536 1017 3604 γλώσσαις
1027 3533 1148 3600 ξενικαῖς,
1162 3535 1195 3596 ἃς
1207 3535 1253 3588 οὐκ
1263 3535 1362 3606 ᾔδεσαν
1373 3535 1465 3596 αάτάς,

248 3630 310 3679 νκαί
325 3624 396 3679 οὕτω
412 3629 475 3698 πρός
489 3626 625 3688 ἀλλήλους
639 3625 832 3694 διαλεγομένων
846 3626 886 3679 ἀτι
899 3625 921 3678 τί
936 3625 1059 3694 δυνάμεις
1079 3627 1121 3678 καί
1134 3627 1230 3698 τέρατα
1247 3627 1410 3693 πεποίθαμεν
1426 3625 1466 3678 ότι

266 3721 334 3768 ποιεῖ
352 3715 365 3765 6
385 3717 496 3786 χριστός
515 3714 549 3768 δι’
563 3716 639 3782 ἡμῶν
658 3716 770 3768 ἐνώπιον
783 3720 835 3768 τῶν
849 3712 931 3779 ξένων
946 3715 1032 3768 ἐθνῶν
1046 3709 1083 3767 ὧν
1097 3715 1144 3769 οὐκ
1158 3714 1264 3783 οἴδαμεν
1277 3716 1325 3774 τάς
1338 3714 1466 3781 γλώσσας·

221 3815 247 3854 ³⁵
267 3803 326 3857 οὐδὲ
345 3805 430 3857 ἐκεῖνα
449 3804 588 3858 ἐπίσταται
607 3809 654 3867 τὴν
673 3806 802 3874 γλῶσσαν
821 3805 911 3874 ἦμῶνε
938 3807 963 3858 τί
989 3799 1035 3858 οὖν
1054 3809 1176 3874 πείσομεν
1196 3803 1264 3856 αὐτὰ
1280 3808 1323 3856 καί
1338 3804 1465 3872 ἀγγελοῦ-

265 3914 312 3961 μεν
331 3894 425 3955 αὐτοῖς
444 3895 483 3948 ότι
502 3895 529 3948 ἐν
553 3900 591 3966 τῷ
611 3894 718 3964 όνόματι
743 3895 832 3958 Ἰησοῦ
854 3899 901 3947 τοῦ
921 3895 1121 3967 ἐσταυρωμένον
1142 3897 1274 3964 γίγνονται
1294 3893 1323 3945 αἱ
1341 3893 1465 3962 δυνάμεις

265 3989 309 4037 καί
322 3988 355 4037 τά
368 3988 478 4058 τέρατα;
490 4017 518 4026 -
535 3986 562 4039 έν
576 3988 678 4047 τούτοις
690 3989 746 4046 τοῖς
759 3984 941 4055 διαλογισμοῖς
959 3985 1041 4038 ὄντων
1059 3990 1111 4036 τῶν
1124 3987 1254 4052 μαθητῶν
1267 3982 1363 4044 ἀνέστη
1379 3986 1466 4052 Σίμων

269 4075 365 4144 Πέτρος
378 4079 421 4126 καί
435 4074 501 4128 εἶπεν
516 4076 619 4136 αὐτοῖς·
634 4075 729 4148 ἄνδρες
742 4075 864 4146 ἀδελφοί,
878 4074 931 4144 οὐχ
943 4075 1066 4146 ἡμέτερόν
1080 4074 1135 4126 ἐστι
1148 4077 1234 4135 τοῦτο,
1249 4079 1306 4134 πῶς
1319 4072 1465 4146 κηρύξομεν

266 4166 295 4216 τό
316 4162 468 4231 εὐαγγέλιον
486 4163 568 4216 αὐτοῦ
587 4165 612 4217 ἐν
632 4170 670 4234 τῷ
683 4168 780 4234 κόσμῳ.
796 4163 868 4216 ἀλλά
880 4167 958 4216 τοῦτο
971 4167 1019 4214 τοῦ
1032 4166 1123 4236 κυρίου
1136 4164 1211 4232 ἡμῶν
1225 4163 1310 4223 ἐστιν,
1331 4163 1369 4216 δτι
1384 4162 1464 4222 αὐτός

222 4269 249 4304 ιο
268 4250 318 4304 οίδε
339 4258 394 4311 πῶς
412 4246 552 4321 δυνάμεθα
571 4253 682 4318 κηρύξαι
701 4257 728 4306 τό
749 4253 901 4322 εὐαγγέλιον
922 4251 1003 4304 αὐτοῦ
1031 4252 1057 4305 έν
1080 4257 1118 4322 τῷ
1137 4255 1236 4323 κόσμῳ.
1258 4256 1420 4322 πέποίθαμεν
1435 4253 1462 4305 δέ

268 4339 309 4394 ἐπὶ
327 4348 359 4412 τῇ
379 4340 461 4394 αὐτοῦ
482 4345 544 4414 πρός
563 4344 632 4412 ἡμᾶς
652 4349 742 4414 χάρετι
761 4347 804 4395 καὶ
823 4341 862 4394 ὅτι
877 4340 1007 4411 ὑπέσχετο
1024 4319 1095 4412 [³03]
1114 4343 1176 4412 ἡμῖν
1196 4345 1240 4396 καί
1260 4340 1328 4396 εἶπεν
1348 4343 1387 4396 ότι
1401 4343 1462 4396 ὅταν

348 4447 397 4490 16*
413 4463 492 4492 nomen
508 4454 590 4492 ινιοιιείι
606 4464 722 4494 romanum
736 4454 813 4502 μοειιί,
836 4465 863 4492 ne
885 4455 904 4492 εί
925 4453 1093 4492 macedonicum
1110 4456 1146 4492 νοΙ
1161 4455 1315 4502 aegyptiacum
1330 4453 1462 4495 adhiberem

268 4523 295 4562 de
311 4524 359 4562 ίοοο
374 4533 417 4572 quo
433 4524 487 4562 ίιεοο
502 4525 586 4574 scripta
600 4527 651 4563 ειιιιι
666 4525 758 4564 viderer
772 4525 879 4564 ίιιδίεετο.
891 4545 917 4552 -
927 4525 953 4564 24
964 4535 1001 4574 με.
1014 4509 1039 4562 35
1050 4527 1108 4564 ὃνιπ
1118 4535 1163 4564 ner.
1176 4546 1200 4554 -
1211 4523 1258 4564 26*
1269 4527 1308 4565 υίιί
1318 4524 1387 4573 syrus
1398 4527 1462 4580 χεῖρα

268 4593 308 4645 τῆς
325 4588 431 4646 ίερετιίας
446 4596 521 4646 habet,
537 4607 626 4646 ιιοειιηοτ
640 4593 801 4648 χειρεπιδισίαν
816 4593 927 4648 ἱερατικὴν
942 4597 1034 4647 εοείμοίς
1051 4599 1147 4636 sortasse
1162 4594 1279 4650 ε’γγείρισιτ
1293 4599 1333 4650 τῆς
1367 4596 1442 4651 ίιρατι
1463 4617 1470 4642 ι

1478 4849 1572 4920 fl
