3128 4972
688 432 923 494 -32-.

195 601 351 686 Origeuis
374 583 484 664 verbis
506 621 573 663 non
597 598 752 664 efficitur.
798 600 871 663 Imo
894 599 964 683 ipse
988 606 1144 678 testatur,
1169 621 1225 662 eos
1249 601 1311 662 lise
1335 621 1402 662 una

195 743 231 785 re
254 729 393 804 excepta
422 719 531 784 omnia
558 721 599 784 ab
628 719 788 804 apostolis
811 719 936 783 traditu
958 718 1145 782 retinuisse.
1171 757 1211 766 -
1235 722 1348 802 Atque
1372 718 1401 781 si

196 841 386 925 quisdicat,
412 841 439 904 si
461 842 585 926 pascha
608 861 721 904 eorum
744 861 832 903 mere
852 837 1068 903 christianum
1092 838 1221 917 fuisset,
1247 837 1275 901 si
1297 838 1402 922 igitur

196 961 248 1024 die
276 968 393 1044 quarto
421 959 549 1023 decimo
576 959 623 1023 nil
654 943 718 1023 nisi
750 979 886 1023 coenam
915 959 1113 1022 dominicam
1144 959 1178 1022 in
1210 957 1400 1022 memoriam

196 1080 314 1144 salutis
343 1103 361 1142 a
389 1078 523 1143 Christo
552 1087 686 1162 paratae
711 1079 950 1156 celebrassent,
981 1078 1051 1142 fieri
1074 1100 1140 1142 non
1167 1078 1332 1162 potuisse,
1363 1086 1403 1142 ut

195 1201 281 1263 banc
303 1221 371 1263 rem
396 1197 612 1262 defendentes
633 1197 755 1262 veteris
779 1197 973 1261 testamenti
995 1197 1180 1283 praeceptis
1203 1198 1400 1277 niterentur,

196 1327 312 1383 contra
334 1318 532 1382 monendum
557 1323 624 1395 est,
654 1317 754 1381 etiam
777 1319 998 1382 Ponrcns'rnu
1028 1317 1166 1382 eandem
1189 1317 1401 1382 consuetudi·

195 1461 272 1503 nem
294 1438 381 1502 tueri
405 1461 478 1502 eum
503 1438 609 1501 dicat:
635 1443 802 1517 πειθαρχεῖν
820 1439 864 1497 δεῖ
877 1437 940 1513 θεῷ
956 1438 1068 1514 μᾶλλον
1084 1430 1101 1516 ἢ
1119 1433 1298 1516 ἀνθρώποις,
1318 1460 1401 1521 quae

195 1550 297 1614 verba
324 1549 371 1613 nil
398 1548 488 1614 aliud
517 1548 580 1612 nisi
602 1548 782 1613 Moericum
814 1547 854 1612 de
877 1549 1036 1631 paschate
1066 1548 1263 1612 celebrando
1291 1549 1402 1634 legem

195 1668 358 1754 respicere
384 1670 453 1752 jam
487 1693 585 1754 supra
617 1668 769 1732 vidimus.
823 1667 877 1732 Sic
905 1669 1110 1732 Errrnnnrus
1140 1691 1269 1752 quoque
1298 1671 1400 1753 (haer.

197 1794 248 1868 50,
275 1793 305 1872 1)
329 1788 649 1873 quartodecimanos,
676 1811 757 1871 quos
774 1787 959 1873 impugnat,
984 1810 1061 1851 usos
1085 1809 1156 1852 esse
1173 1795 1284 1852 narrat
1300 1788 1402 1873 scrip·

196 1916 290 1972 turae
315 1907 441 1973 verbis:
469 1905 701 1986 ,ἐπεκτάσεως
725 1903 758 1974 ὃς
781 1904 814 1968 οὗ
833 1905 942 1985 notiori
963 1903 997 1969 rb
1021 1904 1122 1986 πάσχα
1145 1909 1179 1985 τῇ
1201 1930 1403 1988 τεσσαρεσκαι·

197 2024 301 2104 δεκάτῃ
319 2024 410 2107 ἡμέρᾳ
428 2026 480 2087 τοῦ
496 2023 611 2103 μηνός.“
657 2025 865 2109 Quamquam
895 2049 935 2090 ne
965 2050 1029 2090 uno
1054 2027 1186 2111 quidem
1210 2029 1309 2092 verbo
1333 2051 1401 2092 me·

198 2154 317 2224 morat,
342 2167 398 2209 eos
422 2167 559 2209 coenam
582 2145 690 2230 egisse
710 2145 899 2220 Judsicam3
925 2147 1011 2230 quod
1036 2147 1064 2210 si
1087 2146 1402 2244 fecissentrcferre

198 2287 237 2329 ac
253 2265 494 2350 reprehendere
510 2267 804 2330 haereseomachus
823 2266 881 2329 ille
898 2274 986 2331 certe
1004 2290 1067 2331 non
1086 2266 1262 2331 omisisset.
1297 2267 1403 2351 Atqui

197 2383 281 2448 nibil
305 2385 417 2464 refert,
442 2385 505 2449 nisi
525 2385 693 2470 jejunasse
717 2407 772 2449 eos
797 2395 831 2450 et
853 2387 1012 2471 mysteria
1035 2388 1068 2450 b.
1087 2409 1115 2450 e.
1141 2401 1274 2451 coenam
1296 2387 1402 2452 domi·

197 2503 306 2568 nicam
330 2504 448 2587 egisse.
493 2504 590 2568 Unde
613 2505 736 2588 liquet,
762 2527 818 2570 eos
842 2529 937 2570 suum
961 2506 1038 2570 novi
1060 2506 1254 2571 testamenti
1276 2510 1401 2592 pascha

198 2623 415 2688 defendentes
447 2625 569 2689 veteris
599 2625 794 2690 testamenti
825 2626 901 2710 lege
933 2648 1010 2690 usos
1043 2648 1126 2690 esse.
1173 2627 1238 2691 Sed
1267 2627 1401 2692 omnino

197 2742 313 2828 priscis
336 2743 496 2808 ecclesiae
511 2744 717 2827 temporibus
734 2751 805 2808 erat
820 2745 1085 2825 usitatissimum,
1111 2754 1149 2809 ut
1171 2745 1400 2812 institutiones

197 2867 233 2926 et
249 2862 505 2926 consuetudines
522 2863 721 2928 christianae
744 2864 785 2929 ad
808 2864 929 2930 veteris
949 2866 1144 2930 testamenti
1160 2876 1336 2950 praecepta
1350 2888 1401 2931 re·

197 2981 373 3046 ferrentur.
420 2983 613 3067 Allegorioa
641 2983 728 3048 enim
755 3005 839 3068 quae
864 2991 937 3048 tum
965 3009 1027 3048 usu
1057 2987 1191 3051 valebat
1219 2985 1400 3070 scripturae

197 3101 428 3186 interpretatio
456 3103 650 3184 discrimen,
680 3104 768 3187 quod
797 3103 974 3168 intercedit
1002 3104 1089 3169 inter
1117 3105 1238 3170 veteris
1267 3113 1302 3171 et
1324 3105 1401 3171 novi
1508 3141 1513 3148 -

197 3220 340 3284 foederis
377 3221 554 3302 instituta,
588 3246 721 3308 prorsus
759 3222 827 3288 fere
865 3223 1041 3303 exstinxit,
1079 3224 1127 3289 ita
1157 3234 1196 3290 ut
1233 3225 1402 3310 quaelibet

197 3360 251 3403 res
275 3339 455 3405 christiana
488 3363 504 3406 e
533 3350 644 3407 vetere
676 3351 878 3409 testamento
906 3345 1012 3428 repeti
1043 3367 1081 3409 ac
1113 3346 1232 3410 deduci
1264 3348 1401 3431 ejusque

196 3458 382 3542 praeceptis
425 3459 559 3524 defendi
602 3484 641 3525 ao
684 3463 806 3528 firmari
849 3477 975 3549 posset.
1039 3466 1144 3529 Velut
1186 3467 1401 3531 Arusnasrus

197 3585 310 3660 aperte
333 3600 393 3641 nos
417 3601 546 3663 quoque
570 3581 749 3646 obstrictos
773 3583 855 3646 dicit
877 3585 952 3668 lege
975 3585 1134 3669 paschali,
1159 3587 1240 3650 haec
1264 3607 1401 3656 monens

196 3695 230 3760 in
267 3697 409 3781 epistola
440 3700 587 3782 paschali
619 3708 737 3784 quarta
768 3703 934 3766 decima¹:
973 3726 1087 3782 „nunc
1119 3727 1195 3790 vero
1227 3704 1404 3791 praecipue

286 3957 294 3988 ¹
319 3963 401 4034 Mu,
421 3963 500 4021 Nov.
518 3967 595 4040 patr.
612 3961 686 4021 bibl.
704 3965 757 4036 VI,
781 3967 809 4036 l,
831 3985 860 4042 p.
878 3964 949 4024 127.
966 3995 1007 4006 —
1023 3964 1139 4022 Eadem
1154 3965 1246 4023 verba
1260 3967 1403 4025 Lissos

197 4041 384 4128 (Festbrs'ffe
399 4042 430 4104 d.
441 4043 472 4105 Ιι.
490 4044 605 4106 Athon.
623 4069 651 4126 p.
667 4049 744 4122 136)
759 4050 804 4108 ita
818 4050 925 4108 vertit:
955 4045 1051 4119 „Der
1061 4044 1211 4125 pitflicke
1226 4046 1399 4125 Aussprned

196 4128 351 4202 roiinscht,
374 4127 445 4190 dass
460 4128 516 4190 wir
532 4127 615 4189 nicht
627 4129 828 4208 pleichqr'c'lfip
850 4129 915 4190 und
933 4130 1165 4192 cerebedachtsum
1181 4151 1248 4190 εσσε
1264 4128 1400 4191 Passal-

185 4210 274 4296 seafe
295 4212 500 4293 hinsuqeleen,
529 4215 659 4275 sondern
684 4213 750 4275 mit
773 4213 1006 4294 Bcwahrunp
1028 4216 1081 4276 der
1105 4215 1311 4277 Gekeimnisse
1336 4215 1405 4276 ond

203 4296 508 4384 Ueterliqseroapen,
529 4299 586 4360 wie
601 4301 664 4360 der
674 4299 935 4380 pesetzlicben
957 4299 986 4361 V
987 4300 1271 4385 oracfristen.“
