2994 4972
97 413 118 465 ο
140 415 169 466 ιι
803 486 809 492 ,
1159 415 1217 480 121

93 580 157 646 καὶ
176 578 397 656 διδάσκοντες
418 576 503 644 αὐτά
526 575 737 662 ἐπιτηδείους
759 576 816 642 καὶ
836 573 1045 660 ἁρμοζούσας
1067 575 1219 664 τῷλόγῳ

94 681 228 765 τέχνας,
252 683 310 748 ἵνα
331 677 375 765 μὴ
396 679 454 746 διά
474 682 532 763 τῆς
557 677 728 764 εὐκαιρίας
749 678 1000 763 στρηνιάσαντα
1023 677 1079 743 καὶ
1099 676 1218 744 άνεπι-

94 787 219 867 τίμητα
240 787 404 866 μείναντα
431 779 498 847 ὑπό
520 785 589 847 τόν
609 781 756 866 γονέων,
776 779 842 865 πρὸ
871 779 961 864 ὥρας
987 779 1134 856 άνέσεως
1158 803 1219 845 τν-

93 885 220 969 χόντα,
242 883 457 969 άφηνιάσωσι
478 887 539 949 τοῦ
560 887 676 948 καλοῦ.
721 882 775 949 διό
796 881 841 967 μὴ
867 880 1068 965 εὐλαβεῖσθε
1095 879 1219 959 αὐτοὺς

94 987 332 1071 ἐπιπλήσσων,
355 989 621 1072 σωφρονίζοντες
642 983 728 1051 αάτά
750 984 832 1070 μετά
852 983 1064 1070 ἐμβριθείας·
1089 981 1130 1048 οὐ
1152 983 1216 1068 γάρ
1235 999 1252 1048 5

92 1087 316 1154 ἀποκτενεῖτε
347 1085 432 1154 αὐτὰ
466 1087 701 1171 παιδεύοντες,
736 1090 867 1172 μᾶλλον
894 1087 933 1152 δὲ
962 1085 1088 1151 σοι’σετε
1120 1082 1217 1169 αὐτά,

92 1190 213 1268 καθείς
229 1213 297 1256 που
313 1193 369 1256 καί
388 1197 405 1236 *
423 1187 588 1274 Σολομῶν
606 1189 646 1254 έν
665 1193 706 1275 τῇ
723 1192 827 1275 σοφίη
843 1185 925 1272 φησὶ
942 1189 1091 1254 Παίδευε
1106 1189 1123 1226 *
1140 1189 1181 1254 vs
1188 1187 1196 1208 ¹

92 1312 162 1358 σου
193 1292 252 1358 καὶ
279 1291 468 1358 ἀναπαύσει
489 1307 543 1356 σε·
579 1290 666 1356 οὕτω
694 1289 759 1376 γάρ
788 1293 881 1355 ἔσται
905 1306 974 1353 σοι’
991 1285 1142 1367 εὔελπις·
1175 1286 1218 1355 οὐ

91 1396 160 1478 μὲν
187 1393 254 1478 γάρ
275 1394 390 1482 ῥάβδῳ
411 1392 566 1472 κατάξεις
587 1391 702 1476 αὐτόν,
728 1391 791 1476 τήν
808 1391 846 1458 δὲ
868 1387 982 1475 ψυχὴν
1004 1388 1109 1456 αὐτοῦ
1130 1390 1217 1476 βόση

92 1496 136 1562 ἐκ
158 1497 327 1561 θανάτου.
373 1496 429 1561 καὶ
454 1496 558 1562 πάλιν
585 1494 673 1579 λέγει
701 1492 719 1559 ὁ
742 1492 842 1570 αὐτὸς
866 1490 972 1569 οὕτως
989 1487 1047 1568 Ὃς
1067 1493 1218 1576 φείδεται
1237 1508 1269 1558 10

91 1602 154 1682 τῆς
172 1599 298 1664 ἑαυτοῦ
314 1600 507 1682 βακτηρίας,
530 1609 623 1682 μισεῖ
634 1595 695 1662 τόν
711 1595 833 1662 ἑαυτοῦ
851 1593 945 1660 υέόν·
965 1593 1022 1658 καὶ
1038 1592 1111 1677 έξης
1124 1593 1217 1660 Κλά-

90 1716 157 1764 σον
188 1698 248 1776 τάς
276 1698 424 1784 πλευράς
452 1697 575 1782 αὐτοῦ,
610 1695 655 1776 τός
689 1697 760 1764 ἐστὶ
787 1696 924 1781 νήπιος,
954 1694 1081 1779 μήποτε
1098 1699 1217 1781 ’σκλη-

91 1799 239 1884 ρυνθεὶς
259 1799 428 1887 ἀπειθήσῃ
451 1817 514 1868 σοι.
559 1797 596 1878 ὃς
616 1801 767 1885 φείδεται
790 1788 853 1864 οὖν
875 1809 1054 1881 παραινεῖν
1074 1797 1132 1862 καὶ
1149 1813 1217 1864 σω-

90 1907 271 1987 φρονίζειν
294 1902 354 1968 τόν
376 1905 499 1969 ἑαυτοῦ
520 1903 612 1984 υίόν,
641 1914 735 1986 μισεῖ
760 1899 820 1966 τόν
847 1901 936 1964 ίδιον
962 1900 1075 1964 παῖδα.
1122 1899 1216 1966 ἐκδι-

89 2005 237 2070 δάσκετε
251 1995 315 2072 οὖν
328 2002 424 2089 ὑμῶν
439 2004 478 2070 τά
495 2008 596 2070 τέκνα
612 2002 671 2070 τόν
687 2003 820 2088 λόγον*
838 2007 973 2086 κυρίου,
988 2001 1159 2086 Ι’στέφετε
1178 2001 1216 2067 δέ
1237 2015 1267 2066 15

89 2103 181 2172 αότά
196 2106 253 2171 καὶ
267 2107 407 2192 δαρμοῑς
423 2107 479 2173 καὶ
496 2120 620 2172 ποιεῖτε
632 2109 649 2146 *
660 2101 868 2172 ὑποτακτικά
883 2105 912 2182 *,
927 2100 993 2167 άπὸ
1003 2102 1153 2186 βρέφους
1164 2104 1217 2168 δι-

89 2208 281 2285 δάσκοντες
303 2206 388 2274 αὐτὰ
413 2208 487 2290 ίερά
514 2209 709 2293 γράμματα,
732 2204 876 2293 ἡμέτερά
899 2229 934 2271 τε
957 2203 1014 2270 καὶ
1040 2210 1131 2283 θεία,
1160 2205 1217 2268 καί

89 2315 209 2376 πᾶσαν
235 2309 373 2395 γραφήν
395 2316 497 2377 θείαν
523 2311 764 2392 παραδιδόντες
792 2305 922 2388 αὐτοῖς,
958 2303 1075 2370 άνεσιν
1104 2303 1217 2382 αὐτοῖς

88 2411 135 2496 μὴ
158 2411 313 2488 διδόντες
339 2413 606 2492 κατεξουσιάζειυ
632 2408 727 2496 ὑμῶν
748 2407 838 2494 παρά
860 2406 922 2492 τὴν
942 2403 1106 2491 ὑμετέραν
1126 2406 1216 2490 γυιά-

88 2537 178 2598 μην,
200 2513 291 2596 ιμετά
320 2511 490 2598 ὁμηλίκων
517 2517 564 2590 είς
590 2514 779 2598 συμπόσιον
807 2509 851 2596 μή
876 2509 996 2584 ἐῶντες
1019 2505 1105 2573 αὐτά
1128 2525 1215 2593 συμ-
1233 2523 1267 2572 20

88 2616 252 2700 βάλλειν·
287 2613 392 2692 οὕτως
423 2615 487 2702 γάρ
523 2618 569 2692 είς
606 2614 746 2694 άταξίαυ
781 2611 1048 2699 ἐκτραπήσονται
1081 2609 1138 2675 καὶ
1168 2613 1216 2688 είς

88 2721 259 2802 πορνείαν
277 2722 547 2800 περιπεσοῦυται.
576 2717 632 2782 καὶ
649 2716 709 2782 έάν
724 2715 814 2802 παρά
831 2713 976 2799 τὴντῶν
994 2712 1123 2796 γονέων
1135 2710 1216 2796 άμέ-

89 2823 192 2884 λειαν
216 2823 317 2884 τοῦτο
341 2821 515 2902 πάθωσιν,
540 2823 650 2903 ἔνοχοι
672 2823 741 2884 τάν
763 2823 882 2907 ψυχώη
901 2812 1013 2884 αὐτῶν
1038 2813 1075 2879 οί
1092 2814 1215 2897 γεννή-

163 3011 269 3062 71‘r0v
286 3009 329 3074 29,
352 3010 382 3061 17
402 3009 407 3074 1
427 3010 443 3060 8
461 3013 533 3062 Prov
553 3009 597 3072 19,
619 3011 649 3062 18
670 3012 674 3073 1
694 3011 710 3061 8
728 3012 800 3062 Prov
818 3014 864 3078 23,
887 3015 1074 3084 14116Ρεον
1095 3019 1135 3084 13,
1153 3021 1186 3070 24
1208 3017 1211 3083 1

160 3095 194 3154 ,ll
215 3095 313 3146 sirach
332 3094 374 3160 30,
395 3095 446 3158 121
464 3094 495 3146 16
513 3096 573 3147 Tim
593 3095 610 3162 β
628 3095 653 3156 3,
675 3096 705 3146 15

93 3283 102 3332 Ι
127 3275 280 3332 διδάσκετε
298 3288 346 3348 yzt
361 3282 393 3341 11
413 3273 597 3347 άρμωζοόσας
616 3301 638 3332 w
654 3285 689 3347 12
709 3272 840 3346 εόιιερίας
857 3288 922 3350 π12
941 3282 1145 3352 στρινϊάσαντα
1164 3309 1187 3341 w
1208 3292 1210 3356 1

88 3367 106 3416 3
126 3365 269 3431 μείναντα
287 3373 349 3433 post
367 3361 474 3432 γονέων
491 3373 538 3432 γει
558 3368 562 3431 1
582 3367 635 3417 84
654 3363 832 3432 τυγχάνοντα
851 3387 874 3418 w
890 3374 894 3436 1
916 3373 931 3422 4
950 3364 1152 3439 άφηνιάσωσιν
1169 3393 1186 3426 x
1207 3378 1210 3442 1

88 3455 106 3501 4
127 3444 318 3517 εὐλαβεῖσθαι
337 3467 351 3501 τ
372 3454 376 3516 1
402 3443 537 3511 4αότοῖς
554 3459 600 3518 yzt
626 3456 630 3516 1
657 3445 905 3519 5ἐμβρη6είαςι
925 3455 929 3524 1
949 3459 964 3507 7
984 3451 1050 3523 6-1-
1070 3459 1138 3523 117
1158 3475 1213 3526 φη-

88 3526 1214 3612 σίνε,φΤηυΙἹτδνψπ18σου>κ18οότωιιτ,οδτοςγτ19βάβ·

90 3620 182 3678 oum
207 3620 212 3687 1
238 3622 269 3674 10
287 3610 376 3680 οὕτως
393 3621 427 3685 >
444 3639 477 3686 yz
502 3619 506 3688 1
533 3622 561 3673 11
581 3620 739 3690 βακτηρίας
758 3615 863 3676 ἑαυτοῦ
879 3643 896 3676 x
917 3626 967 3690 111
988 3630 1049 3679 med
1069 3620 1185 3680 αότοόε
1207 3631 1210 3692 1

92 3705 122 3754 11
145 3695 212 3772 ἕξής
229 3711 297 3770 th,
321 3702 410 3757 πάλιν
428 3700 517 3771 σοφός
534 3723 578 3766 τις
601 3702 695 3772 ἕτερος
711 3725 745 3772 γε
770 3708 774 3772 1
803 3709 834 3760 12
858 3703 936 3764 ἐστιν
953 3729 986 3764 xz
1005 3709 1033 3780 [ἐ
1048 3713 1098 3780 τ11
1126 3714 1213 3770 1213

90 3791 202 3856 ταληρυ
214 3789 298 3850 τιθεὶς
317 3778 399 3842 ετέεει
416 3793 500 3844 litera
518 3809 573 3843 una
592 3810 615 3843 w
643 3791 648 3853 Ι
679 3793 709 3844 13
727 3784 868 3861 άπιθήοει
886 3814 925 3860 w,
944 3789 1099 3865 άπειδήσει
1117 3815 1134 3848 x
1155 3798 1159 3865 1
1182 3799 1213 3851 13

88 3863 148 3925 οάτ
164 3883 232 3940 th,
256 3875 357 3927 τοίνυν
373 3893 407 3941 γε
427 3873 433 3942 1
455 3876 541 3927 1814
558 3876 741 3942 σωφρονίζειν
758 3895 772 3928 α
793 3878 798 3946 1
824 3880 855 3929 14
872 3875 922 3934 τὸν
942 3880 1019 3934 ίδιον
1036 3883 1129 3934 παῖδα
1148 3891 1210 3948 ινπῐ,

88 3950 183 4010 αάτόν
199 3977 225 4024 y,
246 3951 317 4011 αάτὸ
336 3977 349 4010 z
371 3957 376 4026 1
399 3960 429 4010 15
447 3956 481 4012 τά
500 3955 586 4013 τέκνα
605 3953 685 4027 όμάν
702 3979 727 4012 w
746 3963 750 4027 1
772 3963 804 4014 15
822 3964 875 4016 τοῦ
890 3964 924 4029 -1-
941 3985 974 4033 yz
990 3969 995 4036 1
1013 3968 1043 4020 15
1060 3965 1111 4020 καὶ
1127 3968 1161 4033 -1-
1178 3986 1211 4033 52

91 4045 94 4107 j
125 4043 156 4093 15
174 4039 208 4095 δέ
225 4045 260 4107 >
277 4061 310 4109 yz
331 4042 336 4111 1
358 4043 389 4096 16
406 4042 456 4097 κα1
474 4049 549 4114 prius
566 4048 600 4112 >
617 4063 650 4112 yz
670 4047 675 4112 1
697 4046 729 4098 16
747 4039 821 4100 αάτά
839 4065 922 4118 super
939 4069 1048 4105 versum
1065 4051 1099 4116 -1-
1116 4069 1134 4117 y
1154 4052 1159 4115 Ι
1180 4053 1212 4103 16

88 4122 169 4180 εἷται
187 4128 220 4195 1-
233 4145 257 4178 w
272 4131 277 4193 1
295 4130 325 4179 17
344 4121 467 4196 ὑμέτερά
479 4138 535 4182 th
550 4132 554 4196 1
572 4132 602 4181 17
620 4133 702 4184 θεῖαι
721 4132 764 4200 w!
782 4133 813 4184 18
831 4134 996 4202 θείανιιιῐ,
1015 4134 1212 4188 δεόπνευστον

87 4229 124 4279 γε
142 4213 146 4276 1
163 4213 194 4264 18
211 4210 393 4278 παραδόντες
411 4233 435 4266 w
455 4215 459 4279 1
482 4215 513 4266 18
530 4211 742 4281 παραδιδόντες
765 4209 864 4279 αάτοῑς
880 4222 915 4286 >
931 4237 980 4286 γε,
1003 4211 1101 4280 αότοῐς
1117 4221 1152 4283 >
1170 4225 1181 4270 t
1205 4219 1209 4286 1

90 4291 183 4364 111ρή
203 4291 336 4358 διδόντες
355 4305 419 4351 ante
438 4289 538 4352 άνεοιν
558 4301 589 4352 18
607 4306 618 4353 t
637 4301 641 4368 1
660 4301 694 4352 20
713 4297 899 4370 είσυμιτόσιον
916 4308 959 4356 ita
976 4307 1100 4356 iunctum
1119 4323 1133 4356 z
1153 4303 1159 4372 1
1178 4305 1212 4356 26

89 4374 157 4434 ἐάτε
174 4397 209 4448 γε
229 4379 233 4450 1
253 4382 295 4434 20.
309 4385 340 4434 21
361 4377 477 4452 βάλλειν
495 4388 532 4436 Υε
549 4384 597 4453 121
619 4375 693 4438 οὕτω
710 4393 757 4451 γτί
