2998 4972
291 397 354 462 238
1353 395 1402 462 τῦ

292 558 423 624 στόλων
450 555 507 624 καὶ
531 554 627 642 ιΙμῦν
656 560 726 625 νῦν
748 557 859 643 χάριτι
886 561 931 644 σῇ
956 557 1182 642 παρεστώτων
1202 558 1401 642 ἐπισκόπων,

293 656 312 727 ὁ
330 663 513 745 προορίσας
533 659 568 738 ἐξ
589 657 693 744 ἀρχῆς
715 661 814 744 ίερεῖς
829 662 876 737 είς
894 659 1093 727 ἐπιστασίαν
1115 665 1200 727 λαοῦ
1220 679 1295 744 σου,
1307 660 1402 746 ’Ἅβελ

293 762 333 828 έν
354 762 514 846 πριότοις,
540 758 619 846 Σὴθ
640 760 698 828 καὶ
716 759 816 838 Ἐντὰς
833 761 890 828 καὶ
909 759 1011 846 Ἐνοδχ
1030 761 1087 828 καί
1105 766 1185 829 Νῦε
1205 761 1262 828 καὶ
1286 767 1402 848 Μελχι-

292 865 391 930 σεδὲκ
417 860 474 928 καί
492 860 581 947 Ἱκβ,
611 859 630 928 ό
646 861 824 942 ἀναδείξας
840 861 988 948 Ἀβραὰμ
1010 863 1067 930 καί
1087 861 1166 942 τοῦς
1182 863 1322 943 λοιποῦς
1342 887 1403 931 πα-

258 966 451 1052 ότριὰρχας
484 961 550 1030 σῦν
580 976 650 1042 τοῖς
689 977 820 1042 πιστοῖς
855 982 920 1031 σου
952 965 1166 1048 θεράπουσιν
1200 972 1323 1033 Μωσεῖ
1350 966 1403 1032 καί

289 1065 418 1152 Ἀαρῦν
439 1065 496 1132 καὶ
513 1061 695 1157 Ἐλεαζάρῳ
716 1066 774 1134 καὶ
797 1069 932 1150 Φινεές,
962 1063 981 1132 ὁ
1002 1065 1036 1146 ἐξ
1057 1063 1172 1134 αὐτοῖν
1193 1069 1402 1154 προχειρισό-

291 1193 392 1254 μενος
412 1167 575 1256 ἄρχοντας
601 1169 659 1235 καὶ
688 1170 787 1253 ίερεῖς
808 1168 847 1235 ἐν
876 1173 917 1256 τῇ
939 1172 1049 1255 σκηνῇ
1069 1173 1130 1236 τοῦ
1154 1173 1359 1256 μαρτυρίου,
1388 1167 1405 1236 ό

291 1269 352 1338 τόν
381 1267 543 1355 Σαμουὴλ
576 1269 796 1355 ἐκλεξάμενος
827 1273 874 1348 είς
901 1271 991 1355 ίερέα
1015 1268 1072 1337 καὶ
1098 1271 1295 1358 προφήτην,
1326 1269 1404 1338 ότό

291 1370 439 1458 ἁγίασμά
469 1389 533 1438 σου
557 1369 818 1458 ἀλειτούργητον
840 1371 885 1458 μή
907 1373 1157 1457 ἐγκαταλιπόν,
1186 1369 1405 1458 ἁεάδοκιΙστς

244 1489 276 1542 10
293 1473 334 1540 έν
361 1465 410 1552 οίς
434 1469 578 1560 ᾑρετίσω
604 1476 829 1560 δοξασθῆναι·
861 1471 962 1552 αῦτδς
988 1472 1044 1540 καὶ
1075 1479 1141 1542 νῦν
1173 1480 1323 1562 μεσιτείςι
1347 1479 1405 1540 τοῦ

292 1579 430 1662 χριστοῦ
457 1593 521 1642 σου
542 1573 589 1642 δι’
611 1573 708 1661 ἡμων
730 1576 842 1662 έπίχεε
867 1575 931 1663 την
952 1576 1100 1662 δύναμιν
1123 1581 1186 1644 τοῦ
1203 1573 1404 1663 ἡγεμονικοῦ

291 1695 356 1745 σου
376 1677 580 1763 πνεύματος,
610 1676 693 1764 ὅπερ
713 1680 919 1745 διακονεῖται
938 1702 985 1744 ττι
1007 1677 1211 1767 ἠγαπημένῳ
1228 1695 1293 1745 σου
1314 1681 1405 1745 παιδί

288 1779 397 1867 Ἰησοῦ
414 1784 549 1867 χριστῷ,
573 1778 656 1866 ὅπερ
678 1779 871 1865 ἐδωρήσατο
892 1781 1011 1868 γνοίμη
1031 1797 1096 1848 σου
1109 1793 1179 1858 τοῖς
1199 1778 1308 1865 ἁγίοις
1323 1779 1405 1848 ἁκο-

292 1882 424 1960 στόλοις
443 1898 506 1948 σου
528 1883 546 1920 *
570 1885 632 1948 τοῦ
656 1885 797 1948 αἰωνίου
821 1885 919 1950 θεοῦ.
964 1879 1022 1961 δός
1044 1882 1083 1948 ἐν
1105 1883 1152 1971 τῷ
1172 1881 1314 1966 ὀνόματί
1331 1900 1403 1964 σου,

243 1999 274 2050 1ο
292 1985 547 2069 καρδιογνῶστα
566 1985 643 2066 θεέ,
672 1983 728 2050 ἐπὶ
749 1982 809 2050 τόν
830 1984 957 2051 δοῦλόν
978 2001 1042 2052 σου
1062 1984 1178 2068 τόνδε,
1208 1979 1249 2049 δν
1272 1984 1405 2063 έξελεξο

293 2087 340 2162 είς
368 2083 554 2151 ἐπίσκοπον
582 2089 774 2169 ποιμαίνειν
797 2083 861 2171 τήν
885 2084 985 2170 ἁγίαν
1013 2104 1077 2153 σου
1098 2091 1245 2172 ποίμνην
1267 2087 1323 2152 καί
1344 2086 1407 2172 ἁρ-

291 2185 499 2273 χιερατεῦειν
522 2203 593 2270 σοι,
622 2184 799 2272 ἀμέμπτως
820 2191 1083 2274 λειτουργοῦντα
1107 2186 1230 2265 νυκτός
1251 2187 1307 2253 καλ
1327 2185 1408 2274 η’μί-

293 2313 353 2374 ρας
381 2287 437 2360 καί
465 2288 725 2373 έξιλασκόμενόν
754 2306 818 2356 σου
845 2288 883 2355 τό
912 2289 1112 2374 πρόσωπον,
1146 2290 1409 2374 ἐπισυναγαγεῖν

290 2389 352 2458 τόν
371 2390 519 2477 ἀριθμόν
546 2395 614 2458 ταῖν
636 2391 833 2476 σωζομένων
861 2391 918 2458 καὶ
942 2391 1149 2478 προσφέρειν
1174 2409 1229 2457 σοι
1254 2391 1296 2458 τὰ
1314 2393 1409 2478 δοῦρα

240 2509 275 2562 20
292 2497 350 2578 τῆς
368 2491 463 2577 ἁγίας
485 2510 549 2561 σου
572 2493 764 2579 ἐκκλησίας·
783 2492 843 2571 δδς
861 2491 964 2581 αὐτῷ,
985 2494 1132 2560 δέσποτα
1152 2494 1408 2578 παντοκράτωρ,

291 2593 348 2662 διὰ
369 2599 431 2660 τοῦ
452 2599 589 2680 χριστοῦ
616 2613 680 2661 σου
704 2592 768 2680 την
787 2600 970 2679 μετουσίαν
996 2599 1059 2660 τοῦ
1087 2593 1187 2681 ἁγίου
1207 2596 1409 2680 πνεύματος,

291 2693 376 2762 ῦστε
401 2699 490 2780 ἔχειν
517 2695 674 2776 ἐξουσίαν
702 2695 838 2782 ἀφιέναι
870 2696 1033 2783 ἁμαρτίας
1062 2697 1147 2764 κατὰ
1174 2698 1238 2783 ττΙν
1265 2698 1411 2783 ἐντολήν

291 2813 372 2880 σου,
404 2797 537 2864 διδόναι
565 2795 712 2882 κλήρους
738 2797 823 2864 κατὰ
846 2797 884 2864 τό
911 2799 1108 2884 πρόσταγμά
1136 2819 1216 2882 σου,
1245 2799 1342 2865 λῦειν
1371 2802 1410 2865 δὲ

291 2899 402 2966 πάντα
423 2898 615 2984 σύνδεσμον
637 2897 722 2964 κατὰ
744 2898 807 2987 τὴν
833 2901 991 2980 ἐξουσίαν
1011 2897 1057 2985 ἣν
1080 2904 1209 2981 έδωκας
1231 2913 1300 2980 τοῖς
1322 2900 1410 2968 ἁπο-

240 3019 274 3070 25
292 3001 438 3086 στόλοις,
462 2998 669 3087 εὐχαριστεῖν
692 3002 731 3066 δέ
743 3020 798 3068 σοι
812 3002 852 3069 ἐν
867 3003 1028 3089 πραότητι
1049 3001 1106 3070 καλ
1121 3009 1258 3091 καθαρᾷ
1275 3005 1410 3090 καρδίᾳ,

292 3101 477 3188 ἀτρέπτως,
506 3101 699 3188 ἀμέμπτως,
727 3101 940 3191 ἀνεγκλήτως
967 3106 1204 3193 προσφέροπά
1226 3122 1280 3172 σοι
1296 3111 1412 3171 καθα-

292 3204 358 3288 ρὰν
375 3205 432 3272 καὶ
453 3203 664 3290 ἀναίμακτον
683 3206 701 3245 *
718 3210 864 3290 θυσίαν,
886 3203 931 3292 ἢν
952 3206 1008 3274 διά
1030 3211 1170 3294 χριστοῦ
1195 3208 1348 3288 διετάξω,
1371 3206 1411 3272 τό

291 3307 478 3394 μυστήριον
497 3308 556 3392 τῆς
576 3310 696 3392 καινῆς
713 3308 890 3394 διαθήκης,
916 3311 964 3386 είς
980 3306 1090 3394 όσμήν
1104 3306 1247 3386 εὐωδίας
1267 3309 1326 3374 διὰ
1348 3312 1412 3374 τοῦ

291 3404 391 3491 ἁγίου
423 3408 543 3486 παιδός
575 3427 639 3476 σου
663 3408 773 3495 Ἰησοῦ
797 3411 936 3494 χριστοῦ
964 3415 1026 3478 τοῦ
1052 3415 1141 3478 θεοῦ
1169 3410 1227 3476 καί
1258 3414 1413 3495 σωτῆρος

362 3597 392 3650 15
409 3599 463 3650 λοι
483 3599 504 3662 Ι,
523 3600 576 3665 241
594 3599 750 3664 16101121,
771 3600 802 3651 15
822 3598 827 3664 Ι
845 3602 878 3651 22
897 3600 1006 3666 101120,
1024 3601 1058 3654 23
1076 3603 1081 3667 Ι
1101 3601 1134 3656 2³
1152 3599 1341 3669 apocryphum
1355 3601 1361 3665 Ι
1377 3599 1412 3650 23

359 3683 415 3748 ΙεεΙ
434 3683 476 3746 ό8,
495 3683 512 3734 δ
532 3684 537 3749 Ι
557 3685 589 3736 24
607 3686 696 3736 Μοιιλι
716 3685 756 3750 18,
778 3685 808 3737 18
828 3687 832 3748 Ι
852 3685 885 3736 29
904 3687 957 3739 Act
973 3687 998 3748 4,
1017 3685 1051 3740 30
1130 3765 1133 3772 Δ

294 3851 304 3902 λ
325 3845 543 3920 παρεστηκότων
560 3851 628 3922 γΙῖ
646 3855 806 3920 προορίσας
822 3873 841 3921 y
856 3853 861 3922 Ι
876 3855 892 3908 3
909 3853 959 3908 καλ
977 3857 1127 3908 secundum
1146 3862 1175 3908 et
1193 3862 1319 3923 quartum
1335 3857 1373 3920 >
1391 3871 1410 3918 ,τ

292 3938 296 4006 Ι
321 3932 517 4003 όθερὰπουοι
534 3955 566 4003 y,
591 3931 839 4003 θεθεράπουτινῖ
865 3939 870 4008 Ι
896 3939 1011 4008 όματῆ
1026 3956 1059 4006 y,
1084 3931 1233 3996 Μωῦτεῖι
1260 3943 1264 4006 Ι
1290 3939 1345 3992 8.9
1370 3937 1412 3990 τῦ

289 4013 417 4091 ἁγιάομα
435 4023 465 4074 τί
475 4027 550 4074 σουλ
565 4027 569 4086 Ι
584 4017 725 4089 9μὴ>γ
740 4024 777 4090 19
794 4018 1043 4092 έχκαταλειιτότι,
1061 4022 1227 4078 καταλιπόν
1238 4042 1256 4091 y
1270 4024 1276 4095 Ι
1292 4025 1323 4076 10
1339 4013 1410 4090 ἡρε-

289 4101 364 4176 τήσω
381 4126 398 4159 x
414 4111 418 4173 Ι
437 4108 463 4159 ll
485 4100 597 4174 ἐπίχεαι
614 4105 658 4174 μἸ
679 4106 711 4160 13
727 4102 826 4176 γνωμῃ
843 4125 895 4163 σου
911 4113 981 4175 >y
1000 4111 1005 4176 Ι
1027 4112 1058 4161 Μ
1075 4107 1173 4178 γνοίμη
1190 4109 1225 4178 -Ι-
1242 4127 1260 4176 y
1280 4112 1285 4174 Ι
1307 4111 1337 4160 15
1357 4100 1411 4159 ἐπὶ

340 4185 424 4245 τόνδε
441 4198 479 4250 ιλ,
498 4193 536 4258 τῷ
555 4185 648 4260 δοῦλφ
665 4207 717 4244 σου
734 4193 806 4260 τῷδε
824 4211 842 4260 y
857 4197 862 4260 Ι
877 4196 911 4246 20
927 4193 1127 4262 παττοκράτορ
1143 4203 1174 4262 yt
1189 4196 1194 4258 Ι
1209 4196 1240 4247 21
1260 4192 1310 4246 τοῦ
1328 4194 1411 4258 prim

289 4275 324 4341 >
341 4294 358 4327 x
378 4283 383 4341 Ι
402 4277 436 4328 23
455 4270 486 4327 δέ
503 4278 573 4343 >y
599 4275 603 4340 Ι
629 4277 662 4328 25
681 4268 846 4341 εῦαρεστείν
862 4287 893 4343 yt
912 4280 917 4344 Ι
936 4281 970 4332 λδ
989 4275 1022 4331 δέ
1038 4280 1107 4345 >y
1127 4281 1133 4344 Ι
1152 4279 1187 4330 26
1203 4270 1346 4344 α’τρέκτθτ
1365 4281 1410 4340 xt,

290 4351 549 4425 ἀκαταχνοίστωςμ
575 4364 579 4425 Ι
606 4363 638 4412 27
657 4356 711 4430 τὴν
728 4362 796 4429 -Ι-γ
821 4364 826 4428 Ι
853 4365 884 4413 27
909 4361 1066 4428 διετάξατο)
1083 4382 1100 4417 1
