3160 4976
118 385 167 454 94

117 555 168 608 ἀπὸ
192 552 367 626 Ἰερουσαλήμ
386 553 429 604 καί
443 552 531 619 Σίμων
550 550 602 604 άπό
620 550 725 621 Ῥώμης
743 555 789 612 τής
808 551 908 610 πόλεως
926 550 970 603 καί
987 548 1113 612 Ἰωάννης
1131 549 1182 602 άπδ
1201 549 1316 620 Ἐρίσου

116 647 161 698 καί
175 643 280 716 Μάρκος
293 642 345 696 άπό
357 646 404 702 τής
416 641 533 710 μεγάλης
550 639 753 714 Ἀλεξανδρείας
766 642 811 694 καί
825 639 950 714 Ἀνδρίας
962 639 1015 692 ἀπό
1026 640 1145 711 Φρυγίας
1155 639 1200 691 καί
1209 641 1317 697 Λουκᾶς

117 735 169 788 ἀπό
184 731 348 791 Μακεδονίας
367 730 410 784 καί
430 729 531 790 Ἰούδας
545 729 644 800 θωμᾶς
664 729 715 784 ἀπό
734 730 840 792 Ἰνδῶν,
859 732 907 788 τάς
924 735 978 782 τῶν
998 729 1155 782 ἀποστόλων
1175 727 1317 787 ἰπιστολάς

118 825 253 894 δεχθῆναι
272 822 316 874 καί
333 820 544 890 ἀναγνωσθῆναι
556 820 583 874 ἰν
596 828 627 893 τῇ
641 819 769 891 ε’κκλησίμ
782 819 809 874 ἰν
823 821 900 872 παντί
912 821 1001 888 τόπερ,
1022 816 1059 879 ὣς
1073 818 1318 888 άναγιγνώσκονται

118 914 147 968 αί
160 911 343 985 ἀνδραγαθίαι
355 916 409 964 τῶν
423 906 543 982 πράξεων
557 909 654 971 αὐτῶν,
668 909 700 971 ἃς
714 911 810 983 ἔγραψε
824 914 945 971 Λουκᾶς,
960 909 1003 962 ίνα
1016 909 1043 962 ἰν
1056 909 1143 976 τούτῳ
1155 909 1317 976 γνωσθῶσιν
1349 912 1364 950 ⁵

119 1003 144 1056 οί
163 1002 308 1055 ἀπόστολοι
327 1001 372 1054 καί
391 1001 416 1053 οί
435 1006 566 1071 προρήται
585 1000 628 1052 καί
641 1000 659 1062 ή
673 998 791 1064 διαθήκη
806 1002 823 1064 ἡ
838 1002 941 1055 παλαιά
953 1001 997 1054 καί
1010 999 1027 1062 ή
1041 1001 1118 1059 καινή
1132 997 1172 1051 ότι
1184 1001 1233 1067 μία
1248 997 1317 1058 ἀλή-

118 1096 183 1147 θεια
196 1091 338 1160 ἰκηρύχθη
351 1090 378 1143 ίν
392 1095 458 1146 πᾶσι
470 1091 515 1144 καί
528 1091 588 1162 παρ’
603 1089 661 1149 ίνός
672 1093 739 1144 θεοῦ
745 1093 767 1153 ·,
786 1090 815 1144 δν
836 1091 1032 1164 προσεκύνησαν
1047 1091 1139 1148 πάντες
1152 1091 1197 1142 καί
1210 1087 1318 1156 εύηγγε·

120 1183 229 1236 λίσαντο
249 1183 357 1239 πάντες.
378 1181 423 1232 καί
440 1175 547 1244 ἰδίξατο
566 1182 600 1232 τὰ
619 1181 733 1251 κλίματα
745 1184 792 1242 τήν
806 1179 981 1236 διδασκαλίαν
995 1177 1083 1232 αὐτῶν
1097 1179 1141 1232 καί
1154 1181 1240 1230 πάντα
1252 1177 1318 1248 άπιρ

120 1272 218 1344 ίρρίθη
238 1272 310 1343 παρὰ
327 1272 374 1322 τοῦ
392 1272 485 1342 κυρίου
505 1270 580 1339 ήμῶν
598 1275 652 1330 τοῖς
665 1269 824 1330 ἀποστόλοις
837 1271 881 1324 καί
894 1269 920 1323 οἰ
932 1268 1078 1323 ἀπόστολοι
1092 1267 1318 1340 παρεδεδώκεισαν

121 1365 176 1421 τοῖς
193 1363 330 1429 μαθηταῖς
350 1359 438 1412 αὐτῶν
451 1358 597 1422 ἰπιστεύθη
611 1362 655 1414 καί
668 1359 772 1430 ἰδίχθη
787 1359 814 1412 ἰν
828 1362 904 1414 παντί
917 1360 990 1427 τόπερ
1004 1356 1049 1411 διά
1061 1361 1109 1411 τοῦ
1123 1358 1319 1429 συνεργήματος
1338 1363 1365 1402 ¹⁰

120 1455 168 1504 τοῦ
188 1452 280 1521 κυρίου
300 1452 346 1502 τοῦ
365 1447 501 1509 εἰπόντος’
521 1447 609 1510 αὐτοῖς
629 1449 668 1503 ὅτι
687 1449 747 1520 μεθ’
761 1448 834 1520 ὑμῶν
856 1451 950 1519 ίσομαι
969 1447 1019 1508 ἓως
1037 1453 1084 1509 τής
1104 1448 1252 1506 συντελείας
1271 1449 1319 1499 τοῦ

101 1543 102 1546 ’
122 1540 226 1599 αἰῶνος.
244 1541 289 1591 καί
303 1542 462 1602 συνεζήτουν
475 1544 531 1599 τοῖς
548 1539 689 1600 Ἰουδαίοις
703 1540 728 1594 οί
741 1541 864 1611 ἡγεμόνες
877 1539 905 1593 ἰκ
916 1545 970 1592 τῶν
983 1535 1099 1610 βιβλίων
1112 1542 1164 1590 τῶν
1178 1541 1319 1609 προφητῶν

122 1635 167 1684 καί
187 1629 331 1699 ίπολίμουν
350 1633 405 1688 τοῖς
424 1629 604 1699 πλανωμένοις
623 1630 739 1690 ἰθνικοῑς
761 1630 788 1683 ἰν
807 1638 838 1702 τῇ
858 1629 969 1698 δυνάμει
987 1627 1020 1689 ἣν
1039 1627 1145 1680 ἰποίουν
1165 1625 1320 1695 ίν·όνόματι

128 1720 226 1782 Ἰησοῦ.
246 1720 280 1771 τὰ
299 1716 328 1771 δί
349 1717 415 1780 ίθνη
435 1720 519 1772 πάντα
538 1721 582 1772 καί
600 1722 652 1790 μήν
671 1723 715 1772 καί
734 1722 767 1772 τά
788 1719 909 1772 οἰκοῦντα
928 1717 955 1772 ἰν
969 1721 1024 1777 τοῖς
1037 1713 1181 1786 ἰσχάτοις’
1195 1716 1319 1785 κλίμασιν

124 1809 260 1863 ἰπαύσατο
275 1808 319 1860 καί
332 1806 469 1876 ἡσύχασεν
489 1808 516 1860 ἰν
535 1812 573 1878 τῷ
591 1809 737 1881 εὐαγγελίῳ
756 1813 803 1864 τοῦ
822 1812 946 1881 χριστοῦ.
965 1807 1009 1861 καί
1029 1807 1053 1862 οί
1073 1807 1260 1876 ὁμολογοῦντες
1275 1807 1320 1858 καί
1340 1812 1366 1852 15

124 1901 277 1970 κεκραγότες
296 1896 422 1966 διωγμόν,
442 1895 482 1950 ότι
501 1898 515 1950 ό
536 1905 647 1972 σήμερον
666 1899 782 1970 διωγμδς
800 1900 876 1969 ήμῶν
896 1901 1041 1969 συνήγορος
1060 1897 1135 1950 ἔσται
1154 1894 1219 1970 ὑπὲρ
1232 1897 1319 1965 ήμῶν,

123 1989 164 2042 ότι
176 1985 241 2058 ἦμεν
255 1987 368 2040 διῶκται
381 1989 410 2040 τό
424 1989 557 2059 πρότερον.
576 1985 646 2050 ήσαν
663 1990 714 2061 γάρ
728 1987 756 2042 ἰκ
769 1992 821 2041 τῶν
834 1990 965 2058 μαθητῶν
979 1986 1019 2057 ἀρ’
1035 1982 1074 2046 οἷς
1086 1989 1204 2047 θάνατος
1216 1988 1320 2056 μαχαί-

123 2098 174 2152 ρας
193 2079 357 2146 κατίγνωστο
377 2079 421 2128 καί
438 2072 507 2136 ἦσαν
525 2071 553 2140 ἰξ
567 2074 655 2130 αὐτῶν
669 2074 708 2137 οίς
720 2081 754 2130 τὰ
767 2076 923 2151 ὑπάρχοντα
935 2075 1026 2136 αὐτοῖς
1038 2075 1147 2147 ἀριίλον
1161 2075 1204 2130 καί
1218 2075 1320 2129 ἔλειπον

124 2167 229 2226 αύτούς.
255 2169 299 2219 καί
320 2170 366 2226 τής
386 2164 507 2235 θλίψεως
529 2165 674 2228 ἰπιστάσης
694 2166 786 2226 αὐτοῖς
808 2167 837 2222 οιί
858 2169 1013 2238 συναγωγαί
1039 2163 1127 2220 αὐτῶν
1153 2165 1320 2237 ἰπερίσσευον

127 2255 238 2329 [2:75]
259 2254 304 2307 καί
322 2250 467 2318 ηὐξάνοντο
487 2255 531 2308 καί
551 2254 578 2307 ίν
597 2263 628 2329 τῇ
647 2263 722 2330 χαρᾷ
740 2263 786 2318 τής
805 2256 915 2330 καρδίας
932 2255 1020 2310 αὐτῶν
1033 2259 1169 2316 θανάτους
1182 2257 1321 2313 παντοίους
1338 2260 1368 2298 ²⁰

125 2343 284 2415 ῦπεδίχοντο
310 2342 353 2396 καί
379 2343 424 2398 διὰ
446 2350 493 2406 τής
513 2345 642 2416 ἰερατικής
665 2347 878 2418 χειριπιθεσίας,
903 2347 936 2408 ἣν
954 2345 1053 2417 ἔλαβον
1073 2347 1145 2418 παρά
1163 2348 1210 2398 τοῦ
1229 2345 1321 2416 κυρίου

125 2436 200 2506 ήμῶν
221 2433 245 2487 οί
264 2433 423 2497 ἀπόστολοι,
443 2435 548 2504 ταχίως
565 2435 659 2488 ἔπτατο
676 2439 705 2490 τό
723 2434 874 2506 εύαγγιλιον
897 2436 997 2498 εἰςτὰς
1016 2438 1146 2509 τίοοαρεις
1163 2437 1262 2505 γωνίας
1274 2436 1321 2486 τοῦ

127 2529 226 2595 κόσμου
241 2527 285 2577 καί
305 2523 515 2593 ε’πισκιπτόμενοι
534 2523 668 2588 ἀλλήλους
688 2526 917 2598 συνιλιιτούργουν
930 2526 1066 2589 ἀλλήλοις.

86 2621 107 2660 a
126 2612 207 2685 ἔλαβε
226 2617 277 2687 γάρ
296 2617 342 2675 τήν
363 2598 561 2686 χειρεπιθεσίαν
581 2614 712 2686 ίιρατικήν
731 2620 783 2668 τῶν
803 2615 959 2670 ἀποστόλων
977 2615 1150 2688 Ἰεροσόλυμα
1167 2617 1211 2667 καί
1229 2617 1279 2666 πᾶν
1292 2615 1321 2665 τό

127 2705 209 2774 κλίμα
226 2709 272 2766 τής
290 2704 470 2765 Παλαιστίνης
490 2705 534 2756 καί
552 2700 621 2762 οίκος
642 2707 812 2777 Σαμαρειτῶν
830 2706 875 2757 καί
888 2702 958 2764 οἶκος
971 2706 1131 2774 Φυλιστιείμ
1142 2703 1186 2757 καί
1200 2706 1229 2757 τό
1242 2703 1323 2772 κλίμα
1340 2717 1367 2756 τό

127 2799 173 2855 τής
191 2792 320 2866 Ἀραβίας
333 2796 378 2847 καί
390 2799 436 2854 τής
450 2795 576 2856 Φοινίκης
590 2795 661 2865 παρά
679 2792 811 2866 Ἰακώβου
825 2798 871 2848 τοῦ
885 2793 1002 2866 άδελροῦ
1019 2797 1066 2848 τοῦ
1080 2796 1172 2865 κυρίου
1184 2795 1274 2862 ἡμῶν,
1295 2791 1323 2852 ἀς

128 2882 227 2952 ἐγένετο
245 2883 350 2953 ἡγεμὼν
369 2883 414 2936 καί
432 2885 581 2954 προστάτης
599 2882 626 2935 ἰν
646 2890 677 2956 τῇ
697 2883 824 2952 ἰκκλησίᾳ
836 2889 890 2938 των
902 2884 1059 2938 ἀποστόλων
1072 2891 1103 2956 τῇ
1116 2881 1323 2953 οἰκοδομηθιίσῃ

130 2971 157 3025 ίν
172 2973 252 3024 Σιών.

87 3045 111 3127 β
129 3059 211 3132 ἔλαβε
232 3063 431 3133 χειρεπιθεσίαν
455 3061 585 3134 ἰερατικὴν
610 3068 663 3116 τῶν
686 3063 842 3118 ἀποστόλων
872 3059 1059 3137 Ἀλεξάνδρεια
1079 3063 1096 3124 ή
1118 3063 1221 3132 μεγάλη
1242 3064 1287 3114 καί
1307 3062 1325 3122 ή

131 3149 236 3221 Θηβαίς
255 3153 299 3204 καί
318 3152 335 3213 ή
355 3152 516 3211 Πεντάπολις
536 3156 579 3206 καὶ
599 3159 649 3206 πᾶν
668 3157 698 3207 τό
717 3154 799 3225 κλίμα
816 3161 862 3215 τής
881 3153 1016 3222 Αἰγύπτου
1036 3153 1088 3205 άπδ
1107 3158 1161 3205 τῶν
1181 3153 1261 3225 ὁρίων
1279 3157 1326 3213 τής
1343 3167 1370 3207 τυ

131 3241 311 3303 Παλαιστίνης
330 3239 380 3301 ἕως
399 3247 452 3294 τῶν
472 3241 552 3315 ὁρίων
570 3247 623 3296 τῶν
636 3243 776 3298 Αἰθιόπων
797 3245 868 3316 παρά
881 3245 991 3315 Μάρκου
1010 3246 1057 3296 τοῦ
1072 3239 1277 3311 εὐαγγελιστοῦ,
1297 3239 1326 3300 δς

131 3329 230 3401 ἰγίεετο
243 3330 296 3384 ε’κιί
306 3331 411 3401 ήγιμὼν
425 3333 468 3384 καί
481 3335 628 3403 προστάτης
638 3333 665 3386 ἰν
678 3341 709 3406 τῇ
720 3333 855 3404 ἐκκλησίᾳ,
868 3333 901 3395 ἣν
912 3329 1004 3397 ἔπηξεν
1015 3332 1068 3386 ἰκεί
1076 3334 1120 3385 καί
1130 3333 1326 3405 ἰλιιτοῦργησεν

132 3419 158 3472 ἰν
173 3419 251 3492 αὐτῇ.
411 3483 415 3492 .

95 3517 114 3575 Τ
132 3507 214 3580 ἔλαβι
233 3510 432 3580 χειρεπιθεσίαν
452 3509 582 3580 ίερατικήν
601 3516 653 3564 τῶν
673 3509 829 3564 ἀποστόλων
842 3512 859 3574 ή
878 3511 961 3566 Ἰνδία
973 3513 1018 3566 καὶ
1032 3514 1117 3566 πάντα
1128 3513 1162 3565 τά
1176 3514 1232 3584 περί
1246 3509 1328 3571 αὐτήν

132 3585 250 3668 κλίματά
263 3596 313 3658 ίως
328 3597 366 3658 εἰς
377 3600 425 3658 τήν
438 3597 558 3668 ἐσχάτην
571 3602 735 3654 θάλασσαν’
750 3602 821 3674 παρὰ
839 3600 926 3656 ’ἰούδα
940 3603 1038 3672 Θωμά,
1058 3601 1087 3662 ὃς
1106 3602 1206 3671 ἰγίνετο
1224 3602 1328 3672 ἡγεμὼν
1346 3605 1374 3646 ³5

134 3687 178 3741 καί
192 3690 340 3760 προστάτης
354 3688 380 3741 ἰν
393 3696 425 3760 τῇ
439 3688 492 3742 ἰκιῐ
504 3688 640 3761 ἐκκλησίᾳ.

215 3853 226 3891 ἰ
246 3848 259 3874 ⁸
276 3851 379 3892 clemens
398 3855 499 3904 alex..p.
520 3855 568 3902 2⁴1,
588 3853 621 3892 ⁸1.
643 3855 669 3894 δῦ
688 3853 800 3908 προφήτας
819 3853 864 3908 ἅμα
883 3855 918 3895 καί
935 3852 1030 3901 δικαίους
1051 3853 1107 3896 εἰναι
1126 3853 1178 3898 τοῦτ
1196 3850 1330 3897 ἀποστόλους

133 3919 235 3977 λίγοντις
250 3919 274 3962 εύ
290 3921 315 3962 δν
331 3921 436 3976 εἰποιμτν,
448 3921 496 3969 ίνὸς
510 3929 546 3965 καί
561 3923 599 3965 τοῦ
613 3921 680 3965 αὑτοῦ
695 3923 834 3982 ίνεργοῦντος
849 3924 884 3966 διά
898 3925 986 3967 πάντων
1001 3923 1064 3980 άγίου
1078 3923 1207 3980 πνεύματος.
1224 3928 1254 3965 εἰ.
1266 3935 1329 3965 ctuo-

134 3997 169 4036 πΙε
188 3996 332 4034 muratorium
353 3998 436 4036 νοτίοιο
461 4001 512 4038 lieet
531 4001 597 4038 varia
616 4001 708 4047 είπριείἰε
727 4003 889 4048 οσσπρείιότεικε
908 4001 972 4039 libri·
988 4001 1104 4049 μτίπσίμίσ
1119 4001 1255 4047 doceantur,
1275 3999 1333 4036 ιιιἸιίί

134 4073 208 4107 tamen
220 4067 296 4115 auffert
312 4063 428 4120 [διαρίριι]
446 4071 581 4109 credentium
591 4071 653 4120 ,εἰείσή
669 4081 718 4108 eum
728 4081 770 4110 ειπο
780 4083 808 4109 ac
819 4073 948 4121 ρτίπσίρσίι·
955 4074 1037 4120 spiritu
1047 4071 1167 4112 ἀεσίονοεα
1177 4075 1222 4110 εἰπε
1232 4074 1256 4109 ίπ
1265 4071 1331 4108 mi·

135 4141 175 4179 οιιι
189 4142 269 4179 omnia.
285 4140 322 4187 qu!
337 4141 380 4178 1οοί
396 4141 499 4179 εἰιοίἰίιοτ
513 4142 595 4189 gemini
610 4151 634 4180 οε
645 4142 800 4181 tertulliamus
813 4143 851 4183 ille
867 4144 954 4194 spolog.
970 4145 1004 4182 21:
1021 4143 1106 4182 ιίιιοὸιιε
1120 4146 1177 4183 enin
1191 4147 1239 4182 είκε
1253 4143 1332 4181 σείσειε-

134 4213 193 4252 ἰίύιιε
207 4213 344 4260 είςκήίσαείε,
356 4215 431 4262 primo
444 4216 485 4261 qm·
497 4216 541 4252 ίαικ
555 4219 676 4264 expunctus
691 4221 722 4253 τοι
737 4217 760 4254 in
770 4215 894 4254 ἰιαπτιἹίεειεε
907 4217 1043 4254 condierant·
1053 4217 1170 4264 humanae,
1186 4217 1281 4255 ιεειιειδο
1294 4213 1334 4264 γεω·

135 4285 286 4322 concludendo
300 4285 390 4323 εοεσιιίο
404 4285 499 4322 imminet
514 4286 537 4322 ίιε
551 4286 685 4324 sublimante
699 4287 825 4324 δι’σίπίίειίίε
840 4294 929 4326 exertae
944 4291 967 4326 et
980 4288 1037 4326 νίἰοτ
1046 4286 1147 4326 eiusdem
1158 4287 1250 4326 εειοοπίε
1260 4295 1332 4324 murn-

135 4356 231 4396 torinnl:
248 4357 274 4393 de
287 4359 371 4404 ριεκίιιο
385 4358 432 4394 ωἰιε
443 4357 544 4404 adventu,
559 4361 631 4406 μτίπιο
640 4361 664 4396 ιἰι
673 4359 799 4397 ΙιειπκιἸιῚειίε
809 4361 928 4409 ιίίιμεείιιε,
944 4360 1004 4408 quod
1011 4357 1039 4407 s⁰
1047 4384 1053 4395 .
1061 4384 1076 4406 .‚
1092 4361 1212 4399 εεοιικιίιωκ
1224 4364 1334 4409 poemate

136 4428 209 4475 κομσίι·
220 4428 364 4474 praectarum
379 4429 438 4475 quod
447 4425 550 4476 saturum
564 4435 603 4466 eet.
630 4428 743 4475 portinent
758 4439 811 4468 νοτο
826 4430 880 4470 huc
895 4430 924 4470 οδ
938 4431 1041 4476 regulum
1055 4429 1105 4468 fidei
1121 4429 1298 4478 ιοείιγιείιοίεοειτι
1312 4432 1335 4467 οι

136 4499 223 4545 tempus
238 4499 272 4536 οεί
287 4499 311 4536 ut
325 4498 467 4546 colligantur.
484 4499 550 4536 -11
566 4493 579 4521 ¹¹
594 4499 683 4537 omnino
699 4501 760 4537 'im
774 4501 901 4549 legendum
918 4501 996 4540 unuh.
1007 4501 1078 4539 xxviii
1093 4503 1127 4539 20.
1143 4521 1170 4529 -
1192 4501 1218 4539 14
1231 4497 1245 4526 ’
1260 4502 1334 4538 mnu

136 4567 214 4614 εοείοτ,
225 4566 265 4606 τοῦ
276 4567 365 4606 videtur
376 4569 445 4628 πῆῆπ
454 4569 579 4616 legendum.
588 4590 613 4597 -
624 4571 657 4608 15.
670 4573 712 4611 16?
725 4593 749 4600 ψ
760 4570 843 4616 δό*ιίς
853 4570 879 4611 τά
891 4569 969 4624 ίσχοτα
979 4573 1019 4623 τῆς
1029 4567 1141 4623 θαλάσσης
1152 4572 1233 4612 Ροειίοε.
1246 4573 1292 4622 128,
1303 4573 1334 4611 ⁹?
