3120 4980
321 413 385 476 274
1300 421 1319 471 η
1337 404 1434 458 ³9-ss

321 577 368 659 τῷ
393 568 477 660 ἀγίμ
506 571 670 655 πνεύματι
701 573 766 638 νύν
792 572 848 638 καί
877 568 929 638 ἀεὶ
956 571 1013 637 καί
1038 573 1085 648 είς
1111 567 1190 648 τοῦς
1218 573 1344 649 αίοῖνας
1370 575 1438 638 τάν

322 673 472 741 αίύνων·
502 671 601 759 ἀμήν.
646 673 703 739 καὶ
730 671 749 739 6
775 673 934 750 διάκονος
961 673 1083 757 λεγέτω
1107 673 1301 756 Προέλθετε
1330 671 1370 738 ἐν
1392 675 1439 738 εί-

323 775 419 862 ρήνη.
461 775 516 842 ἐπὶ
534 775 572 842 δέ
594 786 666 852 ταῖς
684 775 975 861 προσφερομέναις
993 773 1158 856 ἀπαρχαῖς
1176 772 1282 851 οὕτως
1304 771 1439 860 εύχαρι-

322 882 439 944 στείτω
452 873 470 943 6
482 876 663 952 ἐπίσκοπος
682 885 686 955 Ι
706 873 980 960 Εύχαριστούμέν
996 892 1060 956 σοι,
1074 874 1170 956 κύριε
1182 875 1438 961 παντοκράτωρ,
1448 885 1483 944 10

288 997 304 1046 8
322 978 504 1063 δημιουργὲ
526 981 595 1044 τοῖν
617 976 706 1042 όλων
722 978 779 1042 καί
800 977 982 1064 προνοητά,
1005 975 1062 1042 διὰ
1078 980 1139 1042 τοῦ
1155 981 1362 1062 μονογενοῦς
1377 995 1439 1043 σου

324 1079 443 1156 παιδδς
460 1077 569 1164 Ἰησοῦ
594 1082 733 1162 χριστοῦ
761 1079 822 1146 τοῦ
849 1081 971 1164 κυρίου
997 1075 1111 1164 ἡμων,
1139 1077 1195 1144 ε’πλ
1216 1090 1289 1156 ταίς
1315 1096 1440 1164 προσε-

322 1185 512 1266 νεχθείσαις
538 1196 592 1246 σοι
620 1177 802 1266 ἀπαρχαῖς,
830 1177 892 1264 ούχ
920 1179 1001 1246 ὅσον
1028 1179 1224 1265 ὀφείλομεν,
1254 1179 1329 1246 ἀλλ’
1359 1179 1441 1247 ὅσον

322 1283 510 1366 δυνάμεδα.
560 1284 609 1357 τίς
634 1279 699 1364 γάρ
727 1279 923 1366 ἀνθρώπων
951 1281 1093 1361 ἐπαξίως
1121 1279 1363 1365 εύχαριστησαί
1388 1301 1441 1348 σοι

322 1385 465 1451 δύναται
490 1379 577 1466 ύπέρ
603 1372 653 1448 ἀν
684 1383 833 1460 δέδωκας
862 1380 976 1460 αὐτοῖς
1009 1387 1055 1460 είς
1082 1383 1285 1468 μετόληύινς
1316 1380 1335 1448 6
1362 1385 1442 1461 θεὸς

275 1503 306 1554 10
318 1483 468 1572 Ἀβραὰμ
492 1484 550 1550 καί
568 1483 677 1550 Ἰσαάκ
705 1485 762 1550 καὶ
783 1483 899 1569 Ἰακοδβ
924 1484 981 1551 καλ
1008 1485 1147 1550 πάντων
1174 1489 1243 1549 τόν
1269 1482 1395 1568 ἁγίων,
1424 1482 1442 1550 6

323 1589 433 1654 πάντα
452 1585 699 1671 τελεσφορήσας
722 1585 779 1650 διὰ
793 1590 855 1652 τού
875 1587 979 1670 λόγου
1000 1605 1063 1653 σου
1083 1586 1138 1654 καί
1152 1587 1314 1664 κελεύσας
1335 1592 1377 1672 τῇ
1399 1591 1443 1672 γῇ

323 1685 560 1764 παντοδαπούς
583 1688 728 1771 ἐμφῦσαι
751 1686 902 1774 καρπούς
923 1691 969 1764 είς
991 1686 1209 1774 εὐφροσύνην
1235 1687 1292 1754 καὶ
1309 1687 1442 1772 τροφὴν

321 1789 503 1876 ἡμετέραν,
540 1786 558 1856 6
585 1787 666 1866 δούς
692 1801 761 1866 τοῑς
786 1791 1009 1873 νωδεστέρυις
1036 1788 1094 1856 καί
1121 1788 1308 1873 βληχωδεσι
1336 1791 1442 1875 χιλόν,

323 1893 512 1978 ποηφάγοις
545 1891 665 1974 χλόην,
698 1891 755 1956 καὶ
782 1903 850 1968 τοῖς
876 1892 940 1975 μὲν
966 1892 1065 1975 κρέα,
1099 1903 1168 1968 τοῖς
1195 1892 1231 1957 δὲ
1256 1893 1443 1976 σπέρματα,

274 2011 305 2062 18
321 1991 403 2079 ἡμῖν
430 1994 467 2060 δὲ
494 2004 589 2058 σίτου
616 1998 634 2036 *
658 1990 721 2075 τήν
751 1993 950 2079 πρόσφορον
979 1993 1035 2060 καὶ
1057 1993 1268 2078 κατάλληλον
1296 1993 1442 2079 τροφήν,

324 2093 381 2161 καὶ
398 2093 495 2178 ἕτερα
516 2093 676 2177 διάφορα,
698 2091 739 2158 τά
761 2095 825 2179 μὲν
846 2093 930 2179 πρὸς
951 2099 1084 2180 χρῆσιν,
1106 2097 1147 2160 τά
1163 2094 1200 2160 δὲ
1216 2091 1300 2176 πρός
1310 2091 1441 2178 ὑγείαν,

322 2195 363 2263 τά
385 2196 422 2262 δέ
444 2193 526 2281 πρδς
544 2195 672 2278 τέρψιν.
713 2193 768 2260 ἐπὶ
789 2195 918 2272 τούτοις
941 2185 1005 2262 υύν
1024 2195 1150 2264 ἅπασιν
1169 2193 1317 2280 ὑμνητὸς
1333 2193 1444 2279 ὑπόρ-

323 2322 391 2383 χεις
415 2301 474 2382 τῆς
501 2299 546 2374 είς
571 2295 721 2374 ἅπαντας
749 2293 940 2382 εὐεργεσίας
969 2296 1024 2364 διά
1047 2300 1196 2383 χριστοῦ,
1217 2297 1298 2381 μεθ’
1322 2289 1367 2362 ού
1390 2319 1443 2364 σοι

323 2399 420 2481 δόξα,
449 2397 526 2484 τιμὴ
549 2397 606 2464 καὶ
625 2399 725 2482 σέβας
746 2397 804 2464 καί
832 2400 996 2483 πνεύματι
1019 2404 1065 2486 τῷ
1086 2397 1170 2486 ἀγίφ
1192 2401 1239 2476 είς
1260 2398 1342 2476 τοῦς
1364 2403 1444 2466 atai-

272 2516 307 2568 20
323 2525 401 2578 νας·
431 2498 531 2586 ἀμήν.
567 2501 571 2587 Ι
603 2499 657 2565 ἐπί
684 2499 722 2564 δὲ
747 2503 814 2565 τοῖν
839 2500 878 2566 ἐν
903 2505 1027 2589 χριστῷ
1046 2500 1343 2584 ἀναπαυσαμένων
1362 2500 1487 2584 μετάλ]

323 2602 362 2666 τό
382 2605 628 2688 προσφωνῆσαι
651 2599 690 2665 τό
709 2605 769 2686 τῆς
789 2601 922 2686 πραότης
944 2600 1041 2687 εύχῆς
1064 2604 1131 2686 (ἵνα
1153 2601 1197 2687 μη
1217 2601 1323 2667 πόλιν
1339 2605 1444 2686 λέγω·

323 2711 396 2788 μενΙ
417 2699 435 2768 6
454 2702 612 2778 διάκονος
627 2703 815 2786 προσθήσει
839 2703 1014 2770 καὶταῦτα
1041 2713 1045 2784 Ι
1071 2703 1138 2772 Καὶ
1158 2700 1244 2788 ὑπὲρ
1264 2706 1336 2768 τοῖν
1357 2701 1443 2768 ἀνα-

324 2805 550 2888 παυσαμένων
585 2803 623 2868 ἐν
650 2809 773 2892 χριστῷ
806 2803 966 2890 ἀδελφεόν
995 2803 1090 2891 ἡμῶν
1121 2809 1317 2891 δεηθῦμεν,
1357 2801 1444 2888 ὑπὲρ

323 2909 382 2990 τῆς
407 2903 593 2989 κοιμήσεως
623 2907 720 2970 τοῦδε
749 2901 771 2990 ἢ
797 2907 897 2991 τῆσδε
925 2907 1120 2993 δεηδοῖμεν,
1153 2905 1242 2984 ὅπως
1270 2903 1289 2971 6
1318 2907 1443 2992 φιλόν-

272 3027 306 3078 25
323 3013 462 3093 θρωπος
489 3003 570 3084 θεὸς
596 3010 612 3046 *
645 3007 913 3091 προσδεξόμενος
947 3006 1053 3074 αύτού
1086 3007 1148 3092 τὴν
1183 3007 1294 3092 ψυχὴν
1327 3007 1442 3092 ἀφήση

324 3106 415 3195 αύτῷ
437 3111 505 3174 πάν
527 3104 704 3192 ἀμάρτημα
724 3108 881 3174 ἑκούσιον
905 3107 961 3174 καὶ
978 3107 1157 3192 ἀκούσιον,
1182 3109 1239 3174 καὶ
1262 3111 1363 3186 ἲλεως
1386 3108 1443 3174 καὶ

324 3206 465 3293 εὐμενὴς
491 3210 671 3294 γενόμενος
705 3210 872 3296 καταταξη
902 3212 948 3287 είς
979 3211 1093 3296 χύραν
1125 3208 1276 3295 εὐσεβῶν
1308 3209 1443 3294 ἀνειμέ-

323 3333 412 3394 νων,
434 3313 481 3387 είς
498 3312 645 3387 κόλπους
663 3308 811 3396 Ἀβραάμ
833 3310 890 3376 καὶ
908 3309 1017 3377 Ἰσαάκ
1038 3310 1094 3378 καὶ
1113 3309 1228 3396 Ἰακοδβ
1249 3311 1335 3396 μετὰ
1356 3313 1443 3380 πόν-

323 3435 392 3476 των
411 3416 478 3477 τιόν
502 3409 560 3478 ἀπ’
591 3414 713 3489 αιόἰνος
740 3410 1037 3498 εύαρεστησάντων
1071 3414 1129 3480 καλ
1161 3415 1378 3500 ποιησόντων
1404 3413 1443 3480 τδ

272 3531 307 3584 30
323 3513 454 3597 θέλημα
475 3511 591 3595 αύτού,
615 3515 700 3580 ἔνθα
723 3512 852 3599 ἀπέδρα
874 3511 979 3598 ὀδύνη
995 3514 1051 3580 καὶ
1067 3514 1155 3601 λύπη
1172 3515 1229 3582 καὶ
1244 3517 1440 3601 στεναγμός.

391 3701 610 3768 ωΜπο

324 3887 378 3941 3.λ
397 3879 587 3957 εάχαριττεῖτ
607 3889 611 3953 Ι
631 3889 647 3939 1
666 3884 865 3958 παντοκράτορ
884 3898 896 3943 t
916 3893 921 3956 1
942 3893 972 3944 11
992 3887 1198 3958 τελετφορέσας
1215 3909 1233 3958 γ
1254 3889 1260 3960 Ι
1282 3891 1314 3944 13
1333 3887 1441 3961 βληχό·

325 3972 405 4028 δοσιν
422 3992 439 4025 x
466 3973 470 4038 Ι
499 3974 530 4026 13
548 3967 644 4040 χειλδν
662 3992 687 4039 x,
706 3977 833 4041 χεῖλοντ
860 3979 863 4042 Ι
893 3978 923 4029 15
941 3970 1011 4043 πρός
1035 3971 1147 4045 τροφὴν
1164 3976 1227 4044 '42
1251 3976 1257 4044 Ι
1286 3979 1318 4029 15
1342 3973 1395 4046 τὴν
1414 3987 1443 4032 ελ

324 4053 435 4126 τροφήν
451 4059 538 4124 >1Ι
566 4058 597 4109 16
614 4050 729 4124 ύγίεταν
746 4077 779 4126 γ,
802 4055 919 4128 ύγιάν1
945 4065 949 4128 Ι
975 4063 1004 4112 11
1023 4051 1113 4114 ἅπασι
1133 4055 1335 4129 ύπεράμνητος
1353 4069 1365 4113 t
1385 4065 1389 4128 Ι
1412 4065 1444 4114 18

325 4137 466 4204 πάνταςι
489 4145 493 4206 1
520 4143 550 4193 18
568 4138 644 4208 μεθ’
660 4159 705 4208 xy,
726 4136 798 4196 διἸ
824 4151 828 4206 1
859 4147 888 4196 19
906 4143 955 4198 καλ
1020 4139 1106 4214 ἀγίῳΙ
1128 4139 1158 4198 έν
1176 4141 1250 4212 ἀγίω
1268 4143 1443 4214 πνεύματα

327 4227 331 4295 Ι
350 4228 381 4279 21
402 4227 533 4295 φωνῆσαι
552 4234 564 4278 t
583 4228 588 4293 Ι
607 4227 638 4277 21
658 4221 769 4295 πρτότης
788 4221 873 4298 εόχῆς
891 4247 940 4296 κγ,
960 4231 1119 4299 προσευχῆς
1137 4237 1149 4281 t
1172 4229 1177 4296 Ι
1201 4233 1234 4282 22
1252 4229 1302 4282 καλ
1322 4233 1442 4284 alterum

325 4317 353 4364 et
370 4312 426 4363 τεόν
442 4313 476 4378 >
494 4311 572 4380 1123
590 4305 662 4380 ύπέρ
738 4317 771 4366 24
790 4314 944 4383 δεηδοίμεν
960 4317 995 4380 >
1013 4315 1092 4383 1125
1109 4307 1125 4367 ὁ
1142 4314 1176 4382 -Ι-
1194 4317 1274 4378 1125
1291 4309 1395 4384 ἀφήση
1415 4335 1441 4382 x,

323 4387 388 4463 ἀφῇ
404 4413 430 4462 γ,
450 4397 607 4466 παρείδη1
629 4401 634 4466 Ι
658 4398 692 4452 26
710 4398 819 4460 ίλεοςτ
844 4401 848 4466 Ι
872 4401 912 4452 21.
925 4399 959 4452 28
978 4393 1170 4468 ἀνειμένηνγ
1192 4401 1196 4466 Ι
1220 4401 1255 4452 28
1273 4395 1417 4454 κόλκοτλ
