3128 4972
694 457 907 518 „62-

199 627 319 692 stituta
349 635 455 710 esset,
485 648 549 710 quo
579 626 702 692 veteris
730 626 925 692 testamenti
954 629 1079 710 pascha
1105 597 1315 690 immolatum
1348 633 1401 691 est

198 753 450 832 coenatumque.
488 784 530 797 -
568 746 643 811 Quo
681 754 830 832 tempore
868 753 979 812 autem
1018 746 1224 811 consuetudo
1263 745 1403 811 Judaioa

196 866 367 932 transierit
397 867 432 932 in
463 866 697 947 christianam,
733 867 815 931 satis
848 874 937 932 certe
970 865 1145 954 dijudicari
1176 889 1242 930 non
1274 873 1399 950 potest.

198 986 345 1052 Protulit
368 986 500 1070 quidem
524 987 718 1072 Polycrates
746 987 835 1052 inter
862 1009 940 1053 snae
970 986 1219 1052 consuetudinis
1248 993 1401 1051 auctores

198 1107 359 1171 loannem
383 1113 418 1170 et
438 1106 629 1191 Philippum
652 1108 834 1191 apostolos.
875 1107 957 1171 Cum
979 1115 1091 1172 autem
1111 1106 1194 1172 nihil
1215 1106 1315 1185 dicat,
1338 1105 1402 1170 nisi

198 1248 254 1292 eos
278 1249 417 1311 qnoque„
432 1227 626 1292 observasse
649 1235 804 1311 quartum
832 1227 996 1292 decimum
1023 1227 1121 1312 primi
1150 1227 1272 1292 mensis
1300 1225 1400 1306 diem,

198 1367 264 1411 non
287 1346 368 1410 satis
392 1353 520 1412 certum
543 1355 605 1426 est,
630 1355 741 1411 utrum
765 1347 815 1410 illi
835 1349 922 1412 hunc
943 1348 1030 1413 diem
1047 1347 1296 1413 observaverint
1311 1369 1401 1411 more

198 1466 336 1532 Judaico
360 1489 402 1531 an
426 1467 618 1532 christiano.
666 1470 779 1552 Atque
804 1489 882 1532 sane
913 1467 1053 1552 cogitari
1082 1475 1210 1552 potest,
1240 1468 1402 1532 Joauncm

199 1587 400 1666 celebrasse,
434 1588 541 1672 quoad
574 1587 707 1652 omnino
741 1595 835 1652 extra
870 1588 985 1652 urbem
1017 1609 1144 1652 sacram
1175 1587 1245 1651 fieri
1276 1585 1400 1670 potuit,

197 1709 321 1792 pasche
345 1708 531 1772 Judaioam.
579 1708 788 1792 Quamquam
812 1707 892 1772 mihi
918 1707 1051 1792 quidem
1075 1706 1280 1793 probabilius
1309 1707 1400 1771 vide·

197 1837 268 1906 tur,
293 1828 365 1912 jam
388 1828 549 1892 Jcannem
576 1828 765 1912 apostolum
795 1828 881 1893 diem
911 1841 1066 1912 quartum
1092 1827 1257 1892 decimum
1285 1827 1401 1892 eodem

198 1947 296 2011 modo
326 1947 510 2012 celebrasse
539 1970 603 2031 quo
627 1949 850 2033 Polycratem.
897 1947 960 2012 Hie
989 1948 1074 2012 enirn
1104 1969 1145 2013 ne
1174 1969 1239 2011 uno
1269 1947 1400 2032 quidem

197 2067 298 2130 verbo
322 2065 463 2146 indicat,
488 2067 576 2132 inter
598 2067 700 2152 ipsius
724 2075 824 2152 atque
847 2068 984 2133 Joannis
1008 2067 1281 2132 consuetudinem
1306 2066 1401 2152 quid-

198 2209 297 2271 quam
326 2185 523 2251 discriminis
552 2187 792 2252 intercessisse.
843 2188 954 2253 Quare
984 2213 1003 2253 a
1031 2211 1109 2252 vero
1138 2187 1228 2252 haud
1257 2187 1400 2252 alienum

200 2306 279 2385 erit,
307 2308 379 2391 jam
414 2307 641 2392 apostolorum
677 2317 788 2372 aetate
824 2307 858 2372 in
894 2307 1043 2373 ecclesiis
1076 2307 1176 2372 Asiae
1212 2306 1401 2372 christianis

199 2427 374 2490 Judaicum
409 2449 532 2492 morem
571 2427 740 2493 transiisse
779 2428 811 2494 in
850 2428 1079 2493 christianum.
1130 2427 1252 2490 Utrum
1290 2436 1401 2492 autem

199 2548 360 2626 Joannes,
392 2569 467 2610 cum
489 2547 524 2612 in
547 2547 662 2612 Asiam
685 2548 829 2628 veniret,
860 2551 945 2613 hanc
970 2547 1244 2612 consuetudinem
1266 2547 1312 2612 ibi
1330 2548 1401 2632 jam

201 2666 379 2747 invenerit,
404 2691 446 2732 an
469 2655 538 2754 ip'se
561 2667 760 2748 instituerit,
786 2669 937 2753 equidem
962 2669 1051 2733 haud
1074 2668 1260 2732 decernam.
1286 2708 1328 2716 —
1353 2670 1402 2731 At

199 2788 262 2851 hoc
287 2795 376 2852 certe
400 2809 441 2852 ex
463 2787 515 2852 his
539 2788 690 2852 omnibus
714 2799 862 2874 apparet,
884 2789 918 2853 in
938 2788 1087 2853 ecclesiis
1108 2787 1241 2852 Asianis
1257 2787 1400 2852 Judaeu-

201 2907 397 2973 christianos
421 2930 487 2972 non
515 2907 563 2972 ita
590 2930 711 2994 paucos
740 2931 846 2993 neque
874 2909 1021 2973 infirmos
1050 2908 1163 2972 fuisse.
1210 2907 1285 2971 Etsi
1314 2908 1402 2972 enim

200 3029 404 3094 consuetudo
427 3029 487 3094 illa
511 3051 583 3094 cum
604 3029 803 3093 ludaeorum
827 3031 986 3113 paschate
1011 3029 1092 3093 nihil
1115 3028 1178 3092 nisi
1201 3027 1287 3091 diem
1311 3047 1400 3091 com·

200 3171 298 3214 mune
322 3151 477 3228 habebat,
503 3158 615 3214 tamen
640 3171 656 3214 e
681 3171 770 3214 more
786 3150 925 3214 Judaico
948 3149 1116 3234 prodierat
1139 3169 1244 3232 neque
1267 3146 1399 3211 omnino

199 3276 354 3352 pot-uerat
383 3269 514 3334 institui
543 3269 605 3334 nisi
635 3271 676 3335 ab
705 3269 763 3350 iis,
793 3269 849 3354 qui
878 3278 977 3334 antea
1004 3269 1144 3355 professi
1177 3275 1270 3332 erant
1302 3267 1402 3331 fidem

200 3387 383 3451 Judaioam.
422 3389 542 3472 Itaque
565 3391 778 3455 statuendum
804 3390 883 3469 erit,
907 3413 1080 3454 nnmerum
1104 3410 1216 3453 eorum
1239 3388 1273 3452 in
1296 3388 1401 3452 cccle-

200 3506 256 3570 siis
273 3506 406 3570 Asianis
429 3507 531 3570 luisse
555 3508 644 3571 haud
667 3509 714 3573 ita
738 3509 911 3594 exiguum5
937 3509 971 3574 id
993 3510 1079 3594 quod
1101 3509 1225 3594 optime
1246 3508 1402 3572 convenit

201 3648 277 3690 cum
298 3625 356 3704 iia,
381 3647 464 3709 quae
488 3625 528 3690 de
553 3627 712 3692 ecclesiae
737 3629 924 3713 Ephesinae
947 3628 1134 3713 primordiis
1157 3627 1192 3694 in
1214 3628 1298 3694 actis
1322 3651 1401 3712 apo·

200 3746 361 3810 stolorum
386 3750 427 3830 (c.
454 3749 509 3824 18,
537 3751 575 3812 le
599 3769 671 3831 sqq.
701 3751 756 3826 19,
782 3751 798 3811 1
824 3751 910 3832 sqq.)
935 3747 1139 3827 referuntur,
1165 3748 1223 3812 ubi
1247 3747 1400 3832 legimus,

200 3866 324 3951 Ephesi
347 3888 411 3931 non
437 3867 543 3930 solum
569 3867 729 3945 Graecos,
760 3867 818 3930 sed
843 3867 942 3931 etiam
967 3867 1111 3930 Judaeos
1136 3887 1171 3930 se
1199 3867 1401 3932 convertisse

201 3987 241 4050 ad
277 3986 376 4051 fidem
415 3985 661 4051 christianam¹.
716 3987 839 4050 Paulus
878 3993 990 4049 autem
1027 3987 1219 4070 apostolus,
1253 3986 1402 4070 quamvis

200 4107 322 4185 nollet,
353 4106 550 4171 christianos
579 4106 758 4170 obstrictos
788 4127 822 4170 se
853 4105 975 4170 habere
1003 4106 1078 4189 lege
1106 4105 1259 4182 Judaica,
1288 4110 1402 4167 tamen

287 4349 296 4381 ¹
313 4355 351 4412 cf.
367 4355 489 4426 Bnanr,
504 4348 665 4428 Beirrcqe,
683 4373 712 4430 p.
729 4354 799 4411 161.
815 4359 855 4393 -ὲ
872 4345 1053 4428 Einleilunp
1070 4346 1100 4408 in
1119 4347 1149 4408 sl.
1165 4344 1207 4408 N.
1225 4343 1271 4418 ll,
1287 4370 1316 4429 p.
1328 4351 1401 4408 190.
