3052 4974
92 397 237 466 135344
1178 419 1216 482 81

92 581 179 645 σου,
210 562 332 650 ἵναμή
353 563 503 652 θελήσῃς
523 564 615 656 αύτῷ
636 567 772 654 ἀφιέναι
794 569 851 638 καλ
870 576 953 648 νῦν;
984 579 1093 640 καίτοι
1114 575 1219 644 ἀκού-

91 683 159 744 σας
175 669 237 732 τοῦ
250 663 410 750 Ἱερεμίου
425 669 581 751 λέγοντος
604 668 654 736 ὄτι
664 669 825 749 Ἕκαστος
842 671 905 758 τήν
919 679 1043 740 κακίαν
1058 679 1119 740 τοῦ
1134 681 1216 762 πλη-

92 771 175 834 σίον
201 765 308 834 αὑτοῦ
335 767 380 853 μή
410 771 584 852 λογίζεσθε
612 770 651 838 ἐν
678 785 750 850 ταῖς
783 775 936 859 καρδίαις
961 773 1066 860 ὑμῶν.
1111 776 1154 842 σὺ
1179 778 1218 844 δὲ
1264 789 1266 794 “

91 882 317 954 μνησικακεῑς
344 869 401 936 καλ
427 875 577 955 σνζητείς
601 875 730 958 ἔχθραν
756 874 813 942 καλ
840 875 895 944 ἐπὶ
922 880 1037 961 κρίσιν
1057 881 1136 964 ἔρχη
1162 879 1219 946 καλ

90 976 201 1055 μῆνιν
218 967 390 1058 ὑφορᾶσαι
404 974 422 1012 *
438 971 495 1039 καὶ
515 968 536 1057 ἡ
559 975 730 1060 προσευχή
750 994 814 1042 σου
837 979 1056 1061 ἐμποδίζεται.
1089 978 1165 1044 ἀλλ’
1189 983 1251 1048 είσ

92 1071 153 1138 παλ
168 1073 211 1138 τύ
223 1073 423 1160 τετρακόσια
438 1073 645 1160 ἐνενήκοντα
658 1077 896 1164 συνεχύρησας
910 1077 1008 1163 ἀφείς
1018 1084 1065 1167 τῷ
1080 1077 1218 1168 ἀδελφῷ

92 1192 180 1254 σου,
203 1175 395 1242 πλεύνασον
416 1172 480 1260 τήν
499 1174 687 1261 δοργησίαν
709 1178 764 1245 ἐπὶ
787 1183 905 1246 πλειον
927 1183 974 1258 είς
995 1179 1218 1268 ἄγαθοσύνην

91 1275 141 1340 δι’
159 1275 299 1342 ἑαυτόν·
321 1273 420 1341 κᾶν*
436 1280 565 1355 ἐκεῖνος
582 1277 626 1363 μή
642 1285 734 1366 ποιῇ,
757 1278 843 1346 ύλλύ
857 1304 896 1366 γε
917 1279 962 1347 σύ
975 1280 1032 1348 διὰ
1051 1281 1112 1348 τὸν
1130 1281 1217 1350 θεὸν

91 1377 264 1457 σπούδαζε
288 1376 424 1462 ἀφιέναι
446 1383 493 1467 τῷ
515 1383 676 1465 πλησίον,
699 1379 789 1459 ὅπως
811 1383 892 1468 γένη
914 1380 987 1460 υίὺς
1009 1387 1070 1448 τοῦ
1091 1384 1217 1469 πατρός

90 1497 159 1544 σου
180 1481 242 1544 τοῦ
263 1480 303 1546 έν
324 1476 483 1564 ούρανοίς
502 1481 559 1548 καλ
581 1483 850 1570 προσευχόμενος
870 1480 1026 1570 ὑπακούῃ
1051 1509 1095 1560 τις
1117 1489 1216 1570 φίλος
1234 1503 1267 1554 10

38 1583 110 1648 54*
124 1583 223 1646 θεοῦ.
245 1583 249 1668 Ι
269 1581 326 1646 διὰ
348 1585 458 1678 τοῦτο,
529 1582 717 1668 ἐπίσκοποι,
740 1585 934 1668 μελλόντων
952 1582 1048 1670 ὑμιῦν
1068 1588 1114 1662 εἰς
1130 1608 1214 1670 προ-

91 1680 222 1766 σευχήν
250 1679 406 1749 ἀπαντᾶν
431 1684 513 1768 μετὰ
534 1683 598 1770 τήν
618 1682 815 1769 ἀνάγνωσιν
841 1684 898 1752 καλ
926 1683 988 1770 τήν
1016 1687 1215 1774 ναλμφδίαν

91 1783 150 1850 καὶ
177 1782 241 1869 τήν
269 1783 325 1850 ἐπὶ
351 1795 422 1862 ταῖς
445 1798 592 1871 γραφαῖς
618 1788 858 1870 διδασκαλίαν,
888 1784 906 1852 δ
928 1787 1086 1865 διάκονος
1114 1785 1215 1865 ἑστὺς

91 1890 241 1971 πλησίον
271 1883 369 1970 ὑμεῖν
395 1885 478 1970 μετὰ
503 1884 634 1973 ὑψηλῆς
666 1893 783 1973 φωνῆς
809 1889 930 1973 λεγέτω
959 1889 1019 1975 Μή
1037 1902 1103 1968 ’τις
1129 1887 1213 1956 κατὰ

91 1990 199 2066 εινόςς
228 1989 275 2073 μή
293 2011 343 2065 τις
363 1989 402 2054 έν
419 1985 611 2076 ὑποκρίσεις
639 1992 703 2056 ἵνα·
719 1990 780 2056 ἐὰν
801 1987 929 2077 εὑρεθῇ
951 1991 991 2057 έν
1009 1989 1099 2058 τισὶν
1119 1989 1214 2056 ἄντι-
1233 2011 1265 2061 15

91 2093 201 2174 λογλα,
225 2089 419 2175 συνειδήσει
441 2094 668 2176 κρουσθέντες
687 2095 836 2177 δεηθῦσι
856 2096 919 2160 τοῦ
931 2096 1018 2158 θεοῦ
1039 2092 1095 2159 καλ
1117 2094 1214 2160 διαλ-

91 2194 221 2276 λαγεῖσι
240 2204 313 2268 τοις
334 2191 502 2278 ἀδελφοῖς.
548 2196 579 2260 εί
597 2193 663 2278 γὰρ
679 2193 758 2270 τοῦς
780 2193 820 2260 έν
840 2196 930 2281 οἰκίᾳ
953 2192 1043 2272 τινὸς
1065 2198 1213 2279 είσερχο-

39 2317 76 2364 ον
93 2295 220 2378 μένους
248 2292 315 2378 πρὸ
340 2295 479 2362 πάντων
505 2295 560 2361 δεῖ
582 2296 693 2380 λέγειν
719 2295 848 2381 Είρήνη
876 2299 923 2382 τῷ
949 2301 1031 2383 ολκφ
1056 2297 1069 2384 ΙΙ
1094 2296 1212 2380 τούτῳ,

91 2391 135 2471 ῦς
162 2394 262 2471 νίοῦς
289 2395 424 2481 είρήνης
452 2396 591 2481 είρήνην
612 2397 838 2481 χαριζομένοις
860 2408 930 2474 τοις
952 2395 1071 2476 ἀξίοις,
1098 2394 1214 2471 καθεὶς

89 2498 317 2581 γέγραπται*
342 2503 418 2574 Τοῖς
445 2496 545 2583 έγγὺς
566 2497 622 2582 καλ
644 2511 713 2574 τοῖς
733 2499 885 2583 μακράν,
910 2494 968 2575 οῦς
988 2500 1074 2582 ἔγνω
1097 2493 1213 2580 κύριος
1229 2515 1264 2566 20

91 2595 191 2674 ὄντας
216 2596 339 2682 αὑτοῦ,
369 2603 482 2686 πολλῷ
503 2603 634 2684 μᾶλλον
653 2598 732 2677 τοὺς
755 2602 793 2667 έν
815 2600 976 2688 ἐκκλησίᾳ
995 2602 1082 2664 θεοῦ
1103 2601 1212 2681 είσερ-

90 2701 256 2784 χομένους
281 2698 343 2785 χρή
370 2699 436 2785 πρὸ
462 2702 600 2768 πάντων
627 2702 876 2786 προσεύχεσθαι
896 2707 943 2790 τῷ
964 2707 1037 2790 θεῷ
1060 2700 1123 2785 τήν
1150 2705 1212 2768 τοῦ

88 2805 175 2867 λαοῦ
192 2801 343 2887 είρήνην.
372 2805 404 2868 εί
417 2803 454 2869 δὲ
469 2802 584 2880 ἄλλοις
605 2803 731 2888 ταύτην
747 2803 930 2888 ἐπεύχεται,
956 2806 1104 2891 *πολλῷ
1126 2806 1212 2886 μᾶλ-

89 2907 153 2970 λον
177 2900 281 2980 αὐτὸς
306 2901 410 2988 αὑτῆς
430 2903 525 2982 έντὺς
547 2902 721 2990 ὑπαρχέτω
743 2902 788 2982 ὦς
812 2907 933 2973 τέκνον
952 2905 1077 2990 φωτός·
1107 2901 1212 2987 ὁγὰρ

87 3003 133 3090 μή
156 3009 246 3090 ἔχων
264 3006 391 3091 ταύτην
413 3005 452 3072 ἐν
473 3007 582 3093 ἑαυτῷ
608 3003 670 3072 οὑκ
691 3009 784 3074 ἔστιν
804 3005 994 3086 ἀξιόπιστος
1015 3004 1128 3080 ἄλλοις
1149 3001 1211 3068 αύ-
1228 3021 1262 3070 εο

159 3179 270 3230 2Ζεολε
289 3178 318 3246 8Ι,
340 3179 371 3229 17
396 3182 401 3244 Ι
423 3179 546 3232 9Matth
566 3181 594 3242 5,
613 3181 675 3244 451
703 3179 735 3231 18
753 3183 811 3231 Luc
833 3177 913 3241 10,5
938 3175 943 3245 Ι
966 3175 1000 3226 20
1018 3177 1078 3244 Eph
1097 3177 1126 3240 2,
1148 3175 1179 3224 17
1204 3173 1208 3241 Ι

158 3263 195 3316 20
211 3266 273 3315 Tim
291 3263 350 3331 β2,
371 3263 403 3315 19

91 3431 104 3483 l
127 3431 177 3484 ἴνα
243 3427 368 3500 θελήσῃς
386 3438 447 3496 πει,
467 3425 511 3485 ὅτι
525 3423 560 3486 ου’
573 3429 669 3494 θέλεις
681 3450 715 3498 γι
731 3432 734 3492 Ι
749 3436 766 3484 2
784 3422 828 3484 ὅτι
839 3433 873 3496 >
885 3447 918 3496 γε
935 3430 970 3495 13
988 3428 1152 3495 λογίζεσθαι
1165 3445 1189 3478 w
1203 3431 1206 3494 Ι

90 3521 106 3568 λ
118 3521 375 3586 μνησικαιακείςγ
389 3519 394 3579 Ι
409 3520 424 3568 4
437 3519 565 3585 συζητελς
577 3535 627 3576 ωε,
640 3521 790 3584 σνντηρεῖς
801 3523 848 3583 γει
863 3517 867 3580 Ι
881 3518 898 3566 4
912 3510 986 3582 ἔρχει
998 3532 1015 3565 x
1030 3515 1035 3578 Ι
1050 3509 1174 3580 ὓμήνην
1185 3530 1210 3564 w
1230 3587 1233 3598 Ι

92 3601 97 3668 Ι
116 3605 134 3652 5
150 3597 251 3670 ῦφορῦ
269 3609 288 3665 t,
308 3599 460 3668 φυλάττεις
477 3619 511 3668 γε
534 3603 539 3668 Ι
561 3605 577 3654 5
597 3599 646 3654 διὰ
664 3603 748 3655 τοῦτο
759 3601 794 3666 -Ι-
805 3619 839 3668 γε
854 3603 859 3666 Ι
873 3600 891 3650 6
907 3594 1105 3666 σννεχύρησας
1121 3599 1156 3662 >
1173 3605 1184 3648 t
1202 3599 1207 3664 Ι

90 3688 106 3736 7
125 3679 324 3754 ύγαθωσὺκηκ
340 3705 358 3752 γ
374 3689 378 3744 Ι
396 3687 413 3738 8
432 3678 474 3740 δι’
493 3679 598 3740 ἔαυτόν
609 3694 675 3750 th,
696 3682 745 3739 διὰ
764 3678 885 3739 σεαυτόν
901 3702 936 3750 γε
951 3683 955 3751 Ι
970 3684 987 3736 8
1004 3671 1058 3737 οὑν
1074 3683 1107 3751 -Ι-
1124 3700 1158 3748 γτ
1173 3681 1210 3745 18

90 3775 173 3824 ποιεῖ
181 3779 193 3822 t
207 3769 212 3840 Ι
232 3763 382 3839 θύφεῖναι
395 3791 412 3824 x
426 3771 432 3840 Ι
448 3773 477 3824 11
491 3771 543 3825 τοῦ
555 3771 588 3839 -Ι-
600 3789 624 3824 w
640 3773 644 3836 Ι
662 3773 690 3824 11
705 3768 747 3832 είς
758 3774 791 3836 >
803 3789 846 3837 γε,
863 3764 934 3836 πρὸς
946 3788 964 3836 γ
975 3773 1003 3822 in
1017 3771 1141 3835 margine
1157 3769 1161 3830 Ι
1177 3767 1209 3818 12

89 3850 230 3910 ὑπήντων
248 3876 272 3910 w
287 3860 292 3922 Ι
310 3858 340 3910 ¹5
358 3872 440 3924 τησικ
457 3875 481 3907 w
501 3857 506 3922 Ι
528 3858 559 3908 Ιδ
578 3856 724 3924 δεηθῶσιν
740 3873 758 3907 x
778 3858 781 3918 Ι
806 3857 844 3907 16.
858 3856 889 3906 17
909 3853 1098 3921 διαλλαγῦσικ
1114 3872 1131 3905 x
1151 3851 1157 3908 Ι
1177 3853 1208 3902 17

90 3939 187 3995 οίεεία
205 3961 222 3994 x
238 3947 243 4009 Ι
261 3942 291 3992 19
309 3937 512 4009 χαριζομένους
523 3949 570 4006 γει
585 3941 589 4003 Ι
604 3942 639 3992 20
658 3934 751 3994 έλθὺν
769 3932 971 4006 εύηγγελίσατο
988 3929 1102 4005 (εύιγγ”
1121 3937 1150 4003 τ)
1169 3932 1208 3988 εί·

90 4022 184 4095 ρήνην
200 4024 272 4093 ὑμῖν
289 4028 323 4092 -Ι-
340 4043 374 4092 γτ
394 4027 399 4088 Ι
419 4027 453 4078 20
471 4019 556 4092 ἕνγῦς
569 4029 602 4078 W
617 4028 622 4091 Ι
636 4026 671 4078 20
687 4028 749 4086 τοῖς
766 4019 882 4091 μακρὺκ
899 4021 1027 4084 καὶτοῖς
1046 4015 1130 4089 ἐγγύς
1147 4037 1181 4086 γε
1202 4020 1207 4086 1

90 4112 125 4163 εο
140 4102 192 4172 οὓς
266 4113 298 4162 ει
318 4105 409 4164 αὐτοῦ
425 4113 459 4176 >
476 4127 510 4176 γε
529 4113 534 4175 ι
553 4112 585 4162 ει
605 4110 717 4164 natm
734 4128 764 4177 ι,
786 4103 859 4162 πων
877 4116 888 4160 ι
909 4111 913 4174 ι
932 4109 963 4159 ιι
982 4107 1098 4173 mmm
1116 4121 1131 4156 ι
1152 4105 1157 4164 ι
1174 4105 1208 4154 22

90 4189 267 4264 ἐπεύχεσθαι
285 4202 334 4261 γτι
357 4197 361 4260 Ι
384 4197 427 4248 22.
445 4195 480 4248 23
496 4195 537 4258 τύ
613 4193 685 4248 λαοῦ
702 4213 760 4262 wx,
786 4194 824 4246 τῦ
846 4192 905 4245 λαοῦ
925 4185 980 4259 τὴν
1000 4189 1053 4243 τοῦ
1070 4187 1144 4241 θεοῦ
1161 4203 1206 4251 γε,

89 4275 144 4350 τήν
161 4281 214 4334 τοῦ
232 4281 308 4334 θεοῦ
326 4288 338 4331 t
361 4280 365 4346 Ι
388 4280 422 4334 23
441 4275 473 4334 δλ
492 4287 560 4341 th,
578 4275 634 4348 γὰρ
651 4297 685 4346 γε
709 4281 713 4346 Ι
737 4280 770 4332 23
789 4295 885 4330 rasura
903 4295 926 4328 w
949 4275 955 4343 Ι
979 4275 1012 4326 23
1031 4265 1103 4326 πολύ
1120 4279 1131 4322 t
1150 4273 1154 4336 Ι
1174 4271 1208 4322 24

89 4361 241 4433 ὑπαρχέτω
259 4383 311 4427 wx,
329 4356 472 4432 ὑκύρχεικ
489 4358 599 4430 ὀφείλει
617 4383 651 4432 γε
667 4367 670 4427 Ι
686 4366 719 4416 25
736 4356 845 4427 ταύτην
861 4377 912 4426 wx,
931 4350 1024 4427 αὑτήν
1039 4364 1086 4422 γει

984 4450 1004 4514 6
