3052 4974
309 354 349 416 34
1359 344 1380 412 ἐ
1400 344 1434 396 18

258 479 263 492 ¹
309 501 372 578 οὖν
398 511 483 578 κατά
509 511 657 594 δύναμιν
684 509 850 589 σπούδαζε
877 507 1102 596 ἀνεπίληπτος
1131 504 1235 590 εἶναι,
1269 507 1326 574 καὶ
1353 507 1433 595 περλ

309 611 446 680 πάντων
464 617 625 698 μερίμνα,
649 609 694 696 μὴ
715 609 772 676 διά
791 611 831 678 σε’
849 635 899 688 τις
918 609 1179 686 σκανδαλισθελς
1197 609 1375 696 ἀπόληται.
1417 607 1435 675 ὁ

308 712 373 800 γάρ
391 713 506 792 λαικὸς
524 711 602 798 περὶ
622 714 744 780 ἑαυτοῦ
764 712 873 798 μόνου
891 716 1048 800 μεριμνᾷ,
1072 709 1115 778 σδ
1130 713 1167 777 δὲ
1185 711 1262 800 περὶ
1280 711 1433 791 πάντων,

309 824 326 859 *
346 819 463 882 πλεῖον
485 817 502 854 *
524 814 630 900 βάρος
653 817 739 900 ἔχων
766 813 823 879 καὶ
842 818 955 898 μεῖζον
978 814 1152 898 βαστάζων
1179 815 1341 899 φορτίον·
1376 813 1434 896 γέ-

276 934 292 984 5
309 939 454 1001 γραπται
470 915 536 1002 γάρ
557 914 624 982 Καὶ
645 912 716 982 εἶπε
736 915 853 998 κύριος
875 914 958 998 πρὸς
975 919 1132 998 Μωυσῆν
1152 912 1204 980 Σύ
1223 912 1281 979 καὶ
1300 911 1435 999 Ἀαρών

309 1017 460 1104 λήψεσθε
481 1017 540 1094 τὰς
558 1014 720 1102 ἁμαρτίας
737 1018 795 1102 τῆς
818 1018 990 1099 ίερατείας.
1023 1013 1068 1092 ἀς
1083 1015 1160 1098 περί
1181 1014 1352 1081 πλειόνων
1368 1005 1435 1080 οὖν

309 1118 591 1203 ἀπολογούμενος,
607 1116 685 1204 περὶ
700 1119 838 1184 πάντων
853 1119 871 1156 *
887 1117 1057 1204 φρόντιζε·
1082 1116 1138 1184 καὶ
1153 1113 1232 1196 τούς
1247 1117 1312 1200 μέν
1327 1113 1436 1200 ἀφιείς

309 1221 480 1307 συντήρει,
503 1217 582 1298 τούς
602 1221 640 1285 δὲ
660 1216 893 1306 ἡμαρτηκότας
911 1217 1079 1303 νουθέτει,
1101 1217 1158 1284 καλ
1179 1221 1306 1302 στίβον
1329 1218 1370 1284 ἐν
1393 1223 1436 1306 τῇ

310 1326 457 1410 νηστείᾳ,
481 1321 519 1389 ἐν
533 1325 575 1407 τῇ
596 1320 714 1407 ἀφέσει
737 1321 921 1406 ἐλάφρυνε,
942 1318 999 1384 καὶ
1021 1319 1304 1406 προσκλαύσαυτα
1323 1321 1434 1386 είσδέ-

261 1436 292 1488 10
308 1446 389 1508 χον,
414 1423 522 1508 πάσης
542 1427 601 1508 τῆς
623 1425 804 1507 ἐκκλησίας
827 1419 913 1507 ὑπὲρ
935 1419 1041 1487 αὐτοῦ
1064 1422 1241 1507 δεομένης,
1274 1421 1332 1487 καλ
1361 1447 1433 1506 χει-

310 1525 497 1610 ροθετήσας
520 1522 625 1592 αὐτὸν
646 1527 684 1589 έα
712 1521 832 1590 λοιπὸν
854 1519 941 1590 εἶναι
965 1522 1004 1589 ἐν
1026 1527 1073 1612 τῷ
1097 1527 1255 1610 ποιμνίφ·
1286 1521 1367 1600 τούς
1395 1524 1433 1588 δὲ
1507 1615 1508 1620 ¹

307 1623 475 1704 ὑπνώδεις
489 1625 545 1693 καλ
557 1627 779 1712 παρειμένους
795 1625 986 1712 ἐπίστρεφε,
1004 1619 1212 1708 ύποστήριζε,
1228 1625 1432 1710 παρακάλει,

307 1730 496 1812 θεράπευε,
531 1727 750 1812 ἐπιστάμενος
774 1723 896 1812 ἡλίκον
923 1723 1049 1810 μισθὸν
1071 1729 1155 1810 ἔχεις
1182 1729 1287 1792 ταῦτα
1309 1730 1431 1809 ποιεῖν,
1507 1719 1508 1792 1

308 1829 421 1916 ὥσπερ
450 1820 514 1895 οὖν
542 1829 598 1894 καί
622 1831 803 1914 κίνδυνον,
835 1826 897 1892 έάν
919 1825 1043 1914 ἀμελῇς
1070 1827 1208 1893 τούτων.
1253 1827 1345 1912 λέγει
1366 1827 1433 1912 γάρ
1507 1827 1508 1840 ’

260 1944 291 1995 15
309 1928 393 2012 πρὸς
411 1928 490 2006 τούς
511 1927 718 2013 ἀμελοῦντας
738 1933 799 1994 τοῦ
827 1933 911 1996 λαού
939 1928 1144 2006 ἐπισκόπους
1166 1927 1316 2014 Ἰεζεκιήλ
1344 1928 1432 1996 ούα1
1507 1999 1508 2002 ¹

309 2041 379 2106 τοῖς
396 2029 529 2114 ποιμέσι
544 2034 604 2096 τοῦ
616 2029 757 2114 Ἰσραήλ,
780 2033 814 2094 οἳ
829 2030 1028 2119 ἐποίμαινον
1049 2029 1205 2108 ἑαυτούς·
1228 2026 1269 2095 οὐ
1284 2028 1325 2095 τά
1347 2031 1434 2116 πρό-

308 2135 395 2216 βατα
408 2154 476 2216 μου
493 2136 733 2216 ποιμαίνουσιν
755 2133 791 2198 ολ
804 2131 976 2216 ποιμένες,
1000 2131 1074 2198 ἀλλ’
1093 2131 1241 2210 ἑαυτούς.
1282 2135 1321 2196 τὸ
1343 2133 1434 2216 γάλα
1507 2171 1508 2222 i

309 2237 503 2300 κατεσθίετε
526 2231 582 2300 καί
603 2233 644 2300 τά
668 2237 741 2320 ἐρια
764 2233 1027 2320 περιβάλλεσθε,
1054 2233 1092 2299 τὸ
1113 2231 1253 2320 ἰσχυρὸν
1275 2235 1432 2319 σφάζετε,
1507 2237 1508 2306 ι

307 2334 348 2402 τά
370 2335 523 2420 πρόβατα
545 2338 562 2375 *
585 2332 627 2401 ού
649 2339 849 2419 ποιμαίνετε.
884 2333 922 2400 τὸ
942 2333 1187 2420 ἐνοχλούμενον
1208 2332 1271 2402 οὐκ
1295 2339 1432 2422 ἐνισχύ
1507 2393 1508 2398 ,

258 2449 292 2502 20
310 2455 389 2502 σατε
411 2438 467 2504 καί
486 2436 524 2502 τὸ
544 2435 743 2524 ἀρρωστοῦν
766 2435 828 2504 ούκ
851 2435 994 2504 λάσασθε
1012 2434 1069 2502 καί
1083 2435 1121 2501 τὸ
1143 2439 1433 2524 συντετριμμένον

309 2535 350 2602 ού
375 2537 595 2623 κατεδήσατε,
625 2536 663 2603 τὸ
687 2540 874 2623 ἐζωσμένον
895 2535 937 2604 ού
959 2541 972 2624 ΙΙ
992 2537 1279 2620 κατεπεστρέψατε
1307 2539 1367 2604 καλ
1389 2537 1476 2636 τδρ

308 2635 483 2714 ἀπολωλὸς
511 2636 572 2703 οὐκ
596 2637 789 2724 ἐζητήσατε,
823 2639 879 2704 καὶ
902 2639 940 2704 έν
962 2640 1077 2726 κράτει
1102 2638 1321 2706 ἐπαιδεύσατε
1344 2639 1432 2706 αάτά

307 2736 391 2822 μετά
413 2737 612 2824 έμπαιμμού.
642 2741 699 2806 καὶ
720 2742 951 2826 διεσπάρησαν
969 2739 1095 2828 *παρὰ
1116 2739 1154 2806 τδ
1174 2737 1218 2824 μη
1242 2735 1330 2806 εἶναι
1354 2764 1432 2808 ποι-

308 2841 410 2925 μένα,
440 2837 498 2906 καὶ
526 2843 682 2925 ἐγένοντο
711 2844 758 2920 είς
778 2841 982 2928 κατάβρωμα
1003 2846 1085 2908 πᾶσι
1110 2853 1180 2920 τοῖς
1205 2847 1342 2929 θηρίοις
1370 2847 1434 2909 τοῦ

378 3067 389 3116 1
410 3065 471 3117 Tim
490 3082 508 3116 α
527 3065 551 3130 ε,
571 3069 587 3116 2
603 3064 607 3130 Ι
622 3065 639 3115 5
656 3065 724 3116 Num
745 3063 783 3128 ιε,
805 3065 818 3115 1
835 3065 840 3131 Ι
856 3065 888 3117 15
905 3066 999 3121 mech
1016 3068 1058 3130 οι,
1078 3068 1145 3118 m

310 3273 1429 3356 2άπύληταιαΙ4άς-Ι-Ιι,α’-Ι-τΙλούν-Ι-γ,δς-Ι-τΙ4ἐήωνβοί-
1507 3297 1508 3344 1

311 3367 631 3436 ροςγτιιλμίζοντΙ
652 3362 1428 3438 mlum15poemjvx,Mmae>·ozvtlozrjwwom
1507 3359 1508 3382 ’

309 3468 333 3502 w
353 3453 358 3518 Ι
381 3445 467 3511 6τάς
483 3453 517 3516 >
535 3457 563 3504 τι
589 3453 593 3514 Ι
620 3453 716 3518 Ἱροει
733 3450 849 3506 πάντων
871 3471 968 3506 rasura
991 3455 1133 3506 duodecim
1155 3455 1298 3505 literarum
1321 3457 1350 3505 in
1375 3473 1400 3506 w
1424 3454 1428 3522 Ι

309 3531 470 3602 8νουθέτη
489 3538 513 3586 X
534 3533 538 3601 1
559 3535 575 3585 8
593 3535 696 3602 στιβύν
712 3545 759 3602 yzt
777 3538 782 3605 Ι
803 3537 819 3587 9
837 3530 1002 3605 έλάφρυνον
1020 3538 1051 3604 1Ι
1071 3539 1088 3590 9
1106 3531 1360 3605 προσελαύνοντας
1378 3557 1404 3590 w
1424 3542 1426 3602 Ι
1507 3545 1508 3592 1

311 3619 342 3670 10
360 3619 410 3685 τῆς
428 3612 580 3686 ἐκκλησίας
598 3613 691 3688 πάσης
708 3639 731 3672 w
751 3624 755 3686 Ι
778 3623 809 3674 10
821 3614 898 3674 αύτοῖ
913 3625 948 3674 W
964 3623 968 3687 Ι
986 3625 1014 3674 11
1034 3613 1105 3675 αύτὸ
1117 3624 1194 3688 WP}
1222 3624 1249 3674 11
1270 3619 1316 3676 ἐαι
1335 3643 1360 3676 w
1376 3624 1381 3688 Ι
1399 3625 1430 3676 13
1507 3619 1508 3671 ἐ

309 3703 400 3755 ποιῶν
411 3722 467 3768 wx,
488 3697 624 3757 ἐπιτελῶν
635 3703 700 3772 yztl
723 3707 754 3756 14
767 3694 864 3772 ούν>
882 3711 932 3770 Yz,
957 3708 1037 3774 suppl
1056 3709 1085 3759 in
1104 3709 1227 3776 margine
1245 3725 1263 3774 y
1282 3707 1286 3776 Ι
1310 3710 1341 3760 14
1358 3700 1429 3776 τάμε·
1507 3755 1508 3768 ,

310 3788 368 3848 λείς
387 3807 424 3853 w,
443 3779 587 3856 άμελήσης
604 3797 650 3854 γιΙ
665 3789 669 3856 Ι
686 3791 718 3842 16
735 3787 895 3857 ποιμέσινκ
912 3789 916 3858 Ι
933 3793 965 3842 111
983 3787 1011 3844 οἳ
1030 3810 1116 3859 wxyz,
1135 3781 1178 3844 ὅτι
1197 3800 1208 3845 t
1223 3795 1227 3858 Ι
1245 3793 1276 3844 16
1295 3786 1428 3860 ἐποίμαι-

310 3889 367 3924 νοιν
385 3889 408 3922 w
423 3873 427 3936 Ι
444 3873 475 3924 17
495 3890 552 3941 μου
569 3875 603 3938 >
613 3881 660 3938 yzt
675 3876 679 3938 Ι
698 3874 726 3924 17
745 3875 898 3942 ποιμαίνες
915 3893 939 3926 w
955 3873 959 3942 Ι
976 3877 1008 3928 18
1020 3877 1206 3931 κατεσθίεται
1219 3895 1242 3928 w
1257 3875 1262 3943 Ι
1279 3877 1310 3927 18
1322 3872 1357 3929 τά
1370 3879 1430 3943 >t

310 3954 314 4024 Ι
341 3955 373 4008 18
390 3950 616 4020 περιβάλλεσθαι
634 3975 658 4006 w
679 3959 683 4016 Ι
705 3959 736 4010 18
754 3955 890 4026 σφάζεται
908 3977 932 4010 w
952 3961 956 4026 Ι
979 3961 1010 4012 19
1027 3953 1062 4014 τά
1137 3955 1302 4028 ένισχύσατε
1318 3961 1354 4026 >
1372 3980 1398 4012 w
1425 3965 1428 4029 Ι
1507 3975 1508 3992 ³

313 4041 343 4092 19
365 4057 422 4109 μου
439 4041 473 4108 -Ι-
490 4060 508 4092 x
532 4043 537 4104 Ι
563 4041 593 4092 19
617 4032 669 4094 ούκ
693 4035 867 4110 έποιμάνατε
884 4062 918 4109 yz
942 4050 946 4106 Ι
973 4046 1005 4096 19
1022 4041 1054 4099 τὸ
1072 4053 1174 4112 wxyzt‚
1197 4042 1248 4098 τὸν
1266 4065 1280 4097 τ
1301 4051 1306 4108 Ι
1324 4047 1359 4099 20
1378 4047 1429 4100 καί

308 4128 384 4192 prius
401 4127 434 4190 >
452 4143 469 4178 x
489 4125 493 4192 Ι
513 4127 547 4176 211
564 4115 708 4190 ἀρρωστον
725 4135 771 4193 yzt
785 4128 790 4192 Ι
805 4129 839 4178 20
856 4123 998 4181 ἰάσασθαι
1014 4149 1037 4180 w
1054 4132 1058 4194 Ι
1072 4132 1103 4181 21
1122 4127 1314 4199 κατεδήσαται
1333 4151 1357 4182 w
1374 4133 1379 4200 Ι
1395 4134 1426 4186 21

309 4204 340 4262 τὸ
358 4213 433 4276 prius
451 4248 489 4283 .····
508 4209 541 4262 23
560 4203 723 4277 ἐμπαιγμού
738 4212 772 4276 >
790 4231 813 4262 w
829 4212 833 4280 Ι
848 4215 879 4266 21
899 4206 951 4266 ούκ
971 4208 1160 4280 ἐπεστρέψατε
1172 4233 1222 4281 xyz
1238 4215 1243 4284 Ι
1258 4217 1291 4270 28
1310 4209 1345 4268 τά
1358 4212 1429 4284 πρό·

309 4287 383 4357 βατά
400 4311 456 4362 μου
473 4296 506 4360 -Ι-
525 4313 547 4344 w
568 4299 573 4352 Ι
593 4296 625 4345 24
644 4296 795 4362 ποιμαίνες
813 4314 835 4346 w
851 4295 856 4364 Ι
871 4299 904 4348 21
921 4298 1010 4350 πᾶσιν
1026 4318 1043 4351 x
1060 4299 1063 4366 Ι
1079 4303 1111 4350 21
1131 4299 1281 4366 θυρίοιςτ
