3052 4974
283 413 325 474 ει
1270 397 1410 464 ονε-υ

284 570 339 638 ἐντί
354 575 396 656 τῇ
410 569 580 636 τελειώσει
596 573 654 652 τῆς
669 567 768 651 δόξης
785 563 890 630 αὐτοῦ
907 563 1126 649 ἐστηριγμένη
1143 567 1178 606 *·
1194 567 1234 630 αί
1247 565 1323 632 τότε
1340 572 1410 631 θυ-

282 677 355 739 σίαι
375 675 442 737 νῦν
458 667 553 755 εὐχαὶ
568 669 625 736 καὶ
640 667 771 752 δεήσεις
791 665 848 732 καὶ
871 664 1094 751 εὐχαριστίαν·
1120 667 1158 732 αί
1169 667 1244 750 τότε
1259 665 1411 752 ἀπαρχαί

284 773 340 840 καὶ
362 772 500 839 δεκάται
526 770 583 838 καὶ
609 769 821 855 ίιφαιρίματα
843 766 900 833 τισί
926 769 1020 851 δῶρα
1042 770 1109 832 νῦν
1130 773 1342 854 τροσφοραί,
1375 770 1416 832 αι’

283 874 340 941 διδ
354 878 423 940 τιδυ
444 869 546 938 ὁσίων
569 870 764 938 ἐπισκόπων
781 868 1056 955 προσφερόμεναι
1076 873 1184 957 κυρίμ
1203 873 1250 957 τῷ
1263 874 1336 956 θεῷ
1351 869 1411 935 διὰ

250 978 389 1062 οἸησοῦ
415 977 554 1060 χριστοῦ
582 977 642 1037 τοῦ
669 968 755 1056 ὑπὲρ
785 969 899 1036 αὐτῶν
927 969 1173 1048 ἀποθανόντος.
1218 961 1313 1036 οὗτοι
1342 971 1411 1055 γάρ

284 1075 380 1163 ὑμῶν
398 1077 484 1143 εἰσιν
508 1076 545 1140 οί
564 1072 745 1158 ἀρχιερεῖς·
775 1074 812 1138 οί
827 1074 864 1138 δὲ
888 1074 988 1156 ίερελς
1010 1069 1108 1156 ὑμῶν
1123 1074 1160 1138 ολ
1173 1072 1411 1159 πρεσβύτεροι,

285 1177 341 1246 καί
359 1179 395 1244 οί
407 1183 546 1244 Λευῖται
569 1173 665 1259 ὑμῶν
682 1177 718 1240 οί
730 1178 796 1240 νῦν
810 1173 965 1240 διάκονοι
984 1171 1041 1240 καὶ
1063 1175 1099 1238 οί
1115 1173 1414 1258 ἀναγινώσκοντες

285 1279 365 1365 ὑμῖν
386 1279 443 1345 καὶ
464 1280 500 1345 οί
518 1274 600 1368 ᾠδοί
621 1277 734 1343 καλοί
751 1280 924 1361 πυλωροί,
951 1277 989 1342 ιιί
1005 1274 1160 1340 διάκονοι
1180 1271 1276 1359 ὑμῶν
1296 1277 1354 1340 καί
1375 1277 1418 1340 αί

285 1387 384 1468 χῆραι
405 1379 462 1447 καί
485 1380 524 1446 αἱ
540 1381 707 1463 παρθένοι
732 1377 789 1444 καὶ
811 1379 848 1443 οί
866 1376 1011 1464 ὀρφανοί
1032 1373 1139 1460 ὑμῶν.
1180 1374 1257 1442 ὁδε
1277 1376 1413 1442 τούτων

236 1501 268 1553 10
285 1485 423 1552 πάντων
439 1479 607 1566 ἀνοίτερος
622 1477 640 1546 ό
653 1479 827 1566 ἀρχιερεύς
844 1479 937 1546 ε’στιν
956 1480 960 1566 Ι
981 1475 999 1544 ὁ
1014 1477 1206 1555 ἐπίσκοπος.
1237 1469 1334 1555 οὗτος
1350 1479 1412 1544 λό-
1424 1495 1478 1554 26

285 1609 348 1671 μου
363 1583 538 1667 διάκονος,
563 1581 720 1667 χυαίσεως
735 1584 752 1622 *
768 1581 896 1666 φύλαξ,
919 1585 1055 1665 μεσίτης
1074 1583 1161 1646 θεοῦ
1182 1579 1239 1646 καί
1257 1576 1355 1664 ὑμῶν
1372 1581 1413 1646 ἐν

284 1699 356 1765 ταῖς
372 1685 456 1775 πρὸς
477 1683 583 1752 αὐτὸν
599 1687 784 1770 λατρείαις·
807 1673 905 1761 οὗτος
923 1681 1126 1758 διδάσκαλος
1143 1679 1325 1765 εὐσεβείας,
1347 1672 1414 1747 οὗ-

286 1813 341 1866 τος
362 1786 445 1873 μετὰ
462 1786 549 1853 θεὸν
569 1784 678 1871 τιιιτήρ
701 1783 814 1870 ὑμῶν,
838 1783 884 1850 δι’
902 1783 1023 1862 ὕδατος
1041 1782 1098 1851 καὶ
1116 1781 1306 1868 πνεύματος
1323 1782 1412 1848 ἀνα-

285 1891 453 1976 γεννήσας
476 1884 562 1972 ὖμεῖς
587 1890 635 1964 είς
656 1889 852 1953 υἱοθεσίαν·
884 1877 982 1963 οὗτος
1006 1883 1120 1972 ἄρχων
1141 1883 1198 1951 καί
1222 1881 1414 1971 ἡγούμενος

236 2009 268 2060 15
286 1987 398 2076 ὑμῶν·
420 1981 518 2066 οὗτος
537 1986 634 2074 ὑμῶν
648 1987 808 2074 βασιλεὺς
827 1987 883 2054 καὶ
898 1986 1085 2073 δυνάστης·
1109 1978 1208 2065 οὗτος
1222 1983 1318 2072 ὑμῶν
1334 1987 1413 2054 ἐτί-

286 2115 375 2177 μειος
387 2088 469 2168 θεὸς
483 2089 566 2175 μετὰ
583 2091 685 2174 θεόν,
710 2086 747 2168 δς
769 2089 898 2175 ὀφείλει
919 2093 978 2174 τής
1001 2087 1083 2174 παρ’
1099 2087 1195 2175 ὑμῶν
1210 2093 1306 2175 τιμής
1322 2089 1414 2156 ἀπο-

287 2192 414 2260 λαύειν.
442 2192 519 2276 τερλ
533 2191 598 2278 γὰρ
614 2191 737 2258 τούτου
752 2191 809 2258 ναί
822 2197 891 2258 τιόυ
905 2189 1032 2277 ὁμοίων
1047 2189 1153 2258 αὐτοῦ
1167 2187 1186 2259 ὁ
1198 2191 1279 2269 θεὸς
1293 2195 1413 2277 ἔλεγεν

283 2293 364 2381 Ἐμοί
379 2289 457 2362 εἶτα
473 2299 556 2361 θεοί
568 2295 643 2362 ἐστε
659 2293 716 2360 καὶ
730 2294 801 2360 υίολ
815 2291 962 2372 ὑψίστου
974 2293 1113 2371 πάντες·
1142 2293 1199 2360 καὶ
1213 2301 1232 2342 *
1246 2291 1353 2371 Θεοδς
1368 2291 1414 2360 οὐ

286 2399 535 2484 νυιωλοχήσεις.
567 2396 586 2463 ὁ
601 2395 665 2482 γὰρ
685 2397 867 2474 ἐπίσκοπος
880 2397 1141 2481 προκαθεζέσθω
1156 2393 1252 2481 ὑμῶν
1266 2393 1311 2474 ὥς
1323 2400 1415 2462 θεοῦ

235 2519 270 2570 20
287 2499 364 2586 ἀξίᾳ
381 2500 613 2587 τετιμημένος,
643 2490 666 2585 ή
691 2509 810 2583 κρατεῖ
822 2501 883 2563 τοῦ
905 2497 1035 2583 κλήρου
1055 2497 1112 2564 καὶ
1134 2503 1196 2566 τοῦ
1216 2502 1302 2564 λαοῦ
1322 2521 1412 2564 τιον-

286 2599 342 2678 τδς
365 2598 469 2688 ἄρχει.
516 2598 592 2666 δδὲ
616 2601 776 2676 διάκονος
795 2599 903 2687 τούτφ
918 2600 1138 2685 παριστιίσθω
1159 2602 1177 2642 *
1196 2598 1353 2684 καθάπερ
1375 2601 1417 2666 al

286 2702 449 2786 δυνάμεις
470 2705 517 2790 τῷ
538 2706 629 2790 θεῷ,
659 2701 717 2768 καί
739 2704 974 2787 λειτουρχείτω
1002 2700 1094 2790 αὐτῷ
1116 2705 1155 2768 ἐν
1179 2705 1284 2768 πᾶσιν
1303 2699 1412 2786 ἀμέμ-

287 2824 393 2884 ιττως,
423 2801 468 2882 ο1ς
490 2801 672 2889 όχριστός,
700 2807 808 2870 ττοιοῖν
827 2802 888 2889 ἀφ’
908 2802 1031 2870 ἑαυτοῦ
1045 2801 1161 2886 οὐδέν,
1191 2801 1268 2868 *τὰ
1284 2801 1414 2887 ἀρεστὰ

287 2917 380 2974 ποιεῖ
403 2910 451 2994 τῷ
475 2903 576 2992 πατρὶ
597 2905 752 2971 πάντοτε.
796 2902 817 2990 ἡ
840 2905 878 2971 δὲ
899 2905 1058 2984 διάκονος
1077 2907 1124 2983 είς
1142 2905 1251 2972 τύπου
1271 2907 1289 2946 *
1310 2905 1414 2990 ἁγίου

235 3029 270 3082 τε
287 3010 477 3096 πνεύματος
496 3007 685 3092 τετιμήσθω
705 3003 798 3091 ὑμίν,
820 3005 926 3091 μηδὲν
943 3006 1026 3074 ἄνευ
1044 3011 1106 3074 τοῦ
1120 3007 1284 3074 διακόνου
1302 3006 1414 3094 τριέτ-

356 3183 388 3235 18
405 3183 499 3236 ΡειιΙω
516 3181 559 3247 82,
578 3181 615 3242 61
632 3180 663 3232 18
681 3181 759 3233 Exod
775 3183 818 3245 22,
838 3181 871 3230 27

289 3353 300 3404 l
321 3345 369 3404 ἐιτλ
386 3353 420 3416 >
437 3369 461 3402 w
482 3351 487 3418 Ι
509 3353 521 3402 1
545 3348 596 3404 καλ
618 3346 769 3418 λάμπουσα
786 3350 820 3418 -Ι-
839 3356 851 3402 t
871 3351 875 3416 Ι
895 3351 912 3403 3
929 3340 1102 3418 ἆφιρέματα
1120 3367 1135 3402 τ
1156 3350 1160 3418 Ι
1179 3352 1196 3403 5
1217 3339 1315 3403 edrai·
1335 3356 1413 3417 xm,

287 3428 371 3503 ἡμων
388 3453 412 3488 w
436 3436 441 3504 Ι
463 3436 481 3487 δ
499 3431 572 3488 εἰσιν
594 3427 677 3502 ὑμῶν
692 3441 740 3502 yzt
759 3435 764 3502 Ι
784 3437 799 3484 7
818 3430 848 3488 οἱ
864 3437 981 3503 primum
1000 3441 1028 3487 et
1045 3439 1157 3489 testium
1174 3437 1208 3500 >
1225 3451 1259 3486 xz
1279 3433 1284 3492 Ι
1304 3435 1322 3486 8
1339 3427 1414 3502 ὑμῖν

287 3537 346 3586 m,
366 3511 448 3587 ὑμῶν
465 3537 489 3570 w
505 3519 509 3584 Ι
524 3519 541 3570 8
558 3526 701 3586 utrumque
720 3515 750 3571 ολ
766 3521 800 3583 >
816 3536 850 3586 yz
870 3518 875 3587 Ι
896 3520 913 3571 9
931 3515 965 3571 αί
980 3527 1066 3588 wxyt,
1089 3515 1104 3576 ί
1121 3539 1136 3573 ε
1152 3522 1156 3586 Ι
1175 3521 1192 3573 9
1209 3517 1319 3573 τούτων
1336 3529 1412 3587 xyxt,

287 3603 343 3656 τοι
360 3621 385 3656 w
400 3605 404 3668 ι
420 3604 453 3656 ιο
472 3597 533 3657 λιιι
550 3609 561 3654 ι
581 3606 585 3669 ι
607 3605 639 3654 ιο
657 3591 745 3663 οὕτως
763 3607 798 3655 w
818 3605 822 3667 ι
844 3605 874 3655 11
894 3597 1021 3670 γνώσεως
1038 3611 1123 3671 νήει,
1143 3600 1230 3672 λόγου
1246 3623 1264 3658 x
1283 3607 1288 3671 ι
1310 3607 1340 3657 11
1365 3606 1413 3658 st-

188 3677 201 3702 ’
287 3703 374 3748 στεως
390 3687 424 3753 «Ι-
441 3707 465 3740 w
480 3686 485 3755 Ι
502 3689 531 3740 11
552 3682 584 3742 ἐν
653 3684 859 3758 13ὖμιῑν>ιτ
875 3691 879 3755 Ι
895 3680 1038 3758 14ἆρχιιμ
1051 3689 1081 3757 εΙ
1099 3691 1131 3742 16
1148 3685 1219 3758 μετὰ
1238 3685 1357 3755 θεόν)
1372 3689 1410 3757 z!

289 3773 374 3827 11117
392 3766 552 3838 α’πολοίβειν
563 3791 587 3824 w
603 3779 607 3834 Ι
624 3775 655 3824 17
673 3769 727 3840 γὰρ
739 3775 773 3838 >
785 3791 809 3824 w
824 3776 828 3839 Ι
845 3776 877 3825 17
889 3766 981 3828 σίτου
992 3791 1042 3836 wx,
1062 3769 1140 3828 αὖτοῖ
1156 3793 1202 3841 yz,
1223 3766 1343 3828 αίτοίτλ
1357 3777 1361 3840 Ι
1376 3777 1411 3826 17

288 3853 366 3924 ἔλεγε
378 3859 413 3908 W
429 3858 434 3922 Ι
451 3859 482 3909 18
494 3852 578 3910 εἷπον
591 3877 626 3924 xy
639 3859 670 3924 (y
682 3861 710 3910 in
723 3860 871 3926 marginali
886 3861 1016 3912 lemmate
1035 3853 1117 3927 εἶτα)
1136 3877 1150 3912 τ
1166 3859 1171 3927 Ι
1191 3860 1225 3912 18
1235 3851 1364 3926 α’λλαχοῦ
1374 3859 1411 3927 -Ι-

286 3947 340 4009 yx!
362 3930 673 4010 19χδρωτ1,οὖνγτ
698 3944 703 4007 Ι
730 3943 764 3995 20
781 3963 799 4012 η
818 3947 846 3996 in
858 3939 1043 4013 τετιμημένος
1060 3963 1077 3997 x
1097 3962 1114 3997 ε
1131 3953 1238 3998 comet
1264 3945 1268 4011 Ι
1293 3944 1329 3996 20
1345 3936 1365 4012 ᾗ

287 4030 317 4079 21
338 4018 420 4094 ἄρχει
438 4028 472 4091 >
489 4045 514 4077 τι
534 4029 538 4092 Ι
557 4029 589 4080 21
609 4024 699 4094 τούτῳ
716 4031 750 4093 >
768 4046 792 4079 w
811 4031 816 4093 Ι
835 4031 866 4082 21
886 4029 971 4083 τοῦτο
987 4032 1023 4096 -Ι-
1040 4047 1063 4080 w
1085 4031 1090 4095 Ι
1112 4032 1143 4083 21
1163 4024 1301 4093 καθάπερ
1375 4029 1412 4082 22

287 4112 349 4180 θεῷ
365 4131 420 4173 wx,
444 4104 482 4172 τίς
500 4104 516 4164 ὁ
534 4107 647 4181 χριστός
664 4113 704 4180 τῷ
721 4114 811 4179 πατρί
826 4121 885 4182 yzt,
910 4117 960 4167 sod
982 4131 1077 4183 margo
1094 4133 1114 4181 y
1135 4118 1288 4184 praemisso
1311 4112 1361 4168 καλ
1378 4121 1412 4167 ut

287 4215 329 4250 ωε
344 4201 348 4264 Ι
363 4201 398 4250 22
414 4189 566 4266 οἰμίμτττως
584 4191 616 4250 ἓν
627 4197 717 4251 πᾶσιν
728 4217 752 4250 w
769 4201 772 4264 Ι
787 4203 829 4255 22.
839 4201 873 4252 23
885 4191 1042 4268 α’μέτιτωςτ
1058 4203 1062 4264 Ι
1078 4201 1111 4252 23
1123 4195 1161 4261 οἱς
1172 4207 1248 4267 xyzt,
1265 4194 1367 4260 ιιαθὸς
1383 4217 1411 4250 ετ

290 4281 293 4348 Ι
312 4283 346 4335 23
363 4274 420 4348 ἀφ’
439 4275 545 4336 ἑαυτοῦ
562 4281 653 4334 ποιεῖν
670 4291 717 4349 yzt
731 4285 736 4348 Ι
751 4285 785 4337 23
802 4276 875 4337 ἅλλίι
892 4285 926 4353 -Ι-
944 4303 968 4336 w
985 4287 1038 4347 121
1055 4285 1141 4338 τίιον
1160 4303 1174 4336 ι
1191 4289 1195 4352 Ι
1210 4286 1243 4336 24
1260 4283 1312 4337 τοῦ
1323 4283 1383 4351 4-1
1401 4287 1406 4350 Ι

288 4367 322 4420 25
338 4369 509 4440 τετιμείσθω
528 4386 554 4434 x,
572 4367 729 4436 τετιμίσθω
747 4385 761 4420 z
