<?xml version="1.0" encoding="UTF-8"?>
<!DOCTYPE html PUBLIC "-//W3C//DTD XHTML 1.0 Transitional//EN"
    "http://www.w3.org/TR/xhtml1/DTD/xhtml1-transitional.dtd">
<html xmlns="http://www.w3.org/1999/xhtml" xml:lang="en" lang="en">
 <head>
  <title>
</title>
<meta http-equiv="Content-Type" content="text/html;charset=utf-8" />
  <meta name='ocr-system' content='tesseract 3.04.00' />
  <meta name='ocr-capabilities' content='ocr_page ocr_carea ocr_par ocr_line ocrx_word'/>
</head>
<body>
  <div class='ocr_page' id='page_1' title='image "./decontroversiis00schgoog_0064.png"; bbox 0 0 3128 4972; ppageno 0'>
   <div class='ocr_carea' id='block_1_1' title="bbox 572 440 891 519">
    <p class='ocr_par' dir='ltr' id='par_1_1' title="bbox 572 440 891 519">
     <span class='ocr_line' id='line_1_1' title="bbox 572 440 891 519; baseline 0.003 -18"><span class='ocrx_word' id='word_1_1' title='bbox 572 440 891 519; x_wconf 79' lang='lat' dir='ltr'><strong>¹-so--</strong></span> 
     </span>
    </p>
   </div>
   <div class='ocr_carea' id='block_1_2' title="bbox 187 605 1450 1892">
    <p class='ocr_par' dir='ltr' id='par_1_2' title="bbox 187 605 1450 1892">
     <span class='ocr_line' id='line_1_2' title="bbox 188 605 1392 694; baseline -0.001 -22"><span class='ocrx_word' id='word_1_2' title='bbox 188 617 242 673; x_wconf 91' lang='lat' dir='ltr'><strong>est</strong></span> <span class='ocrx_word' id='word_1_3' title='bbox 264 607 388 694; x_wconf 89' lang='lat' dir='ltr'><strong>primus</strong></span> <span class='ocrx_word' id='word_1_4' title='bbox 412 607 482 672; x_wconf 91' lang='lat' dir='ltr'><strong>dies</strong></span> <span class='ocrx_word' id='word_1_5' title='bbox 506 629 708 692; x_wconf 78' lang='lat' dir='ltr'><strong>azymorum,</strong></span> <span class='ocrx_word' id='word_1_6' title='bbox 731 607 866 691; x_wconf 85' lang='lat' dir='ltr'><strong>quintus</strong></span> <span class='ocrx_word' id='word_1_7' title='bbox 887 605 1035 671; x_wconf 86' lang='lat' dir='ltr'><strong>decimus</strong></span> <span class='ocrx_word' id='word_1_8' title='bbox 1053 605 1148 691; x_wconf 91' lang='lat' dir='ltr'><strong>primi</strong></span> <span class='ocrx_word' id='word_1_9' title='bbox 1165 606 1287 670; x_wconf 88' lang='lat' dir='ltr'><strong>mensis</strong></span> <span class='ocrx_word' id='word_1_10' title='bbox 1295 608 1317 686; x_wconf 90' lang='lat'><strong>¹,</strong></span> <span class='ocrx_word' id='word_1_11' title='bbox 1335 607 1392 690; x_wconf 91' lang='lat' dir='ltr'><strong>qui</strong></span> 
     </span>
     <span class='ocr_line' id='line_1_3' title="bbox 188 725 1391 812; baseline -0.002 -20"><span class='ocrx_word' id='word_1_12' title='bbox 188 727 308 793; x_wconf 82' lang='lat' dir='ltr'><strong>eximia</strong></span> <span class='ocrx_word' id='word_1_13' title='bbox 331 727 526 793; x_wconf 75' lang='lat' dir='ltr'>celebritate</span> <span class='ocrx_word' id='word_1_14' title='bbox 551 735 622 792; x_wconf 88' lang='lat' dir='ltr'><strong>erat</strong></span> <span class='ocrx_word' id='word_1_15' title='bbox 644 726 801 812; x_wconf 82' lang='lat' dir='ltr'><strong>insignis,</strong></span> <span class='ocrx_word' id='word_1_16' title='bbox 826 748 901 791; x_wconf 92' lang='lat' dir='ltr'><strong>oum</strong></span> <span class='ocrx_word' id='word_1_17' title='bbox 925 725 1011 790; x_wconf 89' lang='lat' dir='ltr'><strong>diem</strong></span> <span class='ocrx_word' id='word_1_18' title='bbox 1036 735 1190 810; x_wconf 89' lang='lat' dir='ltr'><strong>quartum</strong></span> <span class='ocrx_word' id='word_1_19' title='bbox 1214 725 1391 806; x_wconf 89' lang='lat' dir='ltr'><strong>decimum,</strong></span> 
     </span>
     <span class='ocr_line' id='line_1_4' title="bbox 188 845 1393 934; baseline -0.001 -22"><span class='ocrx_word' id='word_1_20' title='bbox 188 871 252 931; x_wconf 91' lang='lat' dir='ltr'><strong>quo</strong></span> <span class='ocrx_word' id='word_1_21' title='bbox 276 850 400 934; x_wconf 90' lang='lat' dir='ltr'><strong>pascha</strong></span> <span class='ocrx_word' id='word_1_22' title='bbox 422 847 624 928; x_wconf 75' lang='lat' dir='ltr'><strong>habebatur,</strong></span> <span class='ocrx_word' id='word_1_23' title='bbox 653 847 709 912; x_wconf 87' lang='lat' dir='ltr'><strong>vix</strong></span> <span class='ocrx_word' id='word_1_24' title='bbox 736 869 881 931; x_wconf 89' lang='lat' dir='ltr'><strong>unquam</strong></span> <span class='ocrx_word' id='word_1_25' title='bbox 909 845 1058 910; x_wconf 81' lang='lat' dir='ltr'><strong>invenias</strong></span> <span class='ocrx_word' id='word_1_26' title='bbox 1086 846 1289 931; x_wconf 89' lang='lat' dir='ltr'><strong>appellatum</strong></span> <span class='ocrx_word' id='word_1_27' title='bbox 1319 867 1393 912; x_wconf 87' lang='lat' dir='ltr'><strong>ease</strong></span> 
     </span>
     <span class='ocr_line' id='line_1_5' title="bbox 187 965 1392 1051; baseline 0 -21"><span class='ocrx_word' id='word_1_28' title='bbox 187 965 286 1048; x_wconf 75' lang='grc' dir='ltr'><em>ἑορτῆς</em></span> <span class='ocrx_word' id='word_1_29' title='bbox 307 965 425 1048; x_wconf 78' lang='grc' dir='ltr'><em>ἡμέραν.</em></span> <span class='ocrx_word' id='word_1_30' title='bbox 469 967 568 1031; x_wconf 90' lang='lat' dir='ltr'><strong>Hunc</strong></span> <span class='ocrx_word' id='word_1_31' title='bbox 591 974 703 1032; x_wconf 88' lang='lat' dir='ltr'><strong>autem</strong></span> <span class='ocrx_word' id='word_1_32' title='bbox 730 967 883 1051; x_wconf 90' lang='lat' dir='ltr'><strong>quintum</strong></span> <span class='ocrx_word' id='word_1_33' title='bbox 910 965 1075 1030; x_wconf 89' lang='lat' dir='ltr'><strong>decimum</strong></span> <span class='ocrx_word' id='word_1_34' title='bbox 1107 965 1212 1045; x_wconf 91' lang='lat' dir='ltr'><strong>diem,</strong></span> <span class='ocrx_word' id='word_1_35' title='bbox 1241 965 1392 1049; x_wconf 87' lang='lat' dir='ltr'><strong>quamvis</strong></span> 
     </span>
     <span class='ocr_line' id='line_1_6' title="bbox 188 1085 1392 1170; baseline -0.001 -18"><span class='ocrx_word' id='word_1_36' title='bbox 188 1087 384 1152; x_wconf 71' lang='lat' dir='ltr'><strong>celebritate</strong></span> <span class='ocrx_word' id='word_1_37' title='bbox 408 1086 583 1170; x_wconf 83' lang='lat' dir='ltr'><strong>insignem,</strong></span> <span class='ocrx_word' id='word_1_38' title='bbox 607 1093 720 1151; x_wconf 83' lang='lat' dir='ltr'><strong>tamen</strong></span> <span class='ocrx_word' id='word_1_39' title='bbox 743 1086 784 1150; x_wconf 91' lang='lat' dir='ltr'><strong>ab</strong></span> <span class='ocrx_word' id='word_1_40' title='bbox 809 1093 943 1151; x_wconf 89' lang='lat' dir='ltr'><strong>auctore</strong></span> <span class='ocrx_word' id='word_1_41' title='bbox 963 1086 1021 1150; x_wconf 95' lang='lat' dir='ltr'><strong>illo</strong></span> <span class='ocrx_word' id='word_1_42' title='bbox 1042 1085 1129 1151; x_wconf 86' lang='lat' dir='ltr'><strong>inter</strong></span> <span class='ocrx_word' id='word_1_43' title='bbox 1147 1085 1217 1150; x_wconf 89' lang='lat' dir='ltr'><strong>dies</strong></span> <span class='ocrx_word' id='word_1_44' title='bbox 1233 1085 1392 1151; x_wconf 81' lang='lat' dir='ltr'><strong>tristitiae</strong></span> 
     </span>
     <span class='ocr_line' id='line_1_7' title="bbox 187 1205 1392 1291; baseline 0 -21"><span class='ocrx_word' id='word_1_45' title='bbox 187 1229 259 1272; x_wconf 89' lang='lat' dir='ltr'><strong>esse</strong></span> <span class='ocrx_word' id='word_1_46' title='bbox 283 1206 440 1285; x_wconf 89' lang='lat' dir='ltr'><strong>relatum,</strong></span> <span class='ocrx_word' id='word_1_47' title='bbox 470 1229 535 1270; x_wconf 90' lang='lat' dir='ltr'><strong>non</strong></span> <span class='ocrx_word' id='word_1_48' title='bbox 563 1205 611 1270; x_wconf 90' lang='lat' dir='ltr'><strong>ita</strong></span> <span class='ocrx_word' id='word_1_49' title='bbox 634 1229 694 1272; x_wconf 91' lang='lat' dir='ltr'><strong>nos</strong></span> <span class='ocrx_word' id='word_1_50' title='bbox 722 1206 880 1271; x_wconf 88' lang='lat' dir='ltr'><strong>offendet.</strong></span> <span class='ocrx_word' id='word_1_51' title='bbox 927 1207 1014 1269; x_wconf 89' lang='lat' dir='ltr'><strong>Nam</strong></span> <span class='ocrx_word' id='word_1_52' title='bbox 1043 1213 1172 1291; x_wconf 86' lang='lat' dir='ltr'><strong>septem</strong></span> <span class='ocrx_word' id='word_1_53' title='bbox 1199 1227 1392 1290; x_wconf 80' lang='lat' dir='ltr'><strong>azymorum</strong></span> 
     </span>
     <span class='ocr_line' id='line_1_8' title="bbox 188 1325 1390 1411; baseline 0 -21"><span class='ocrx_word' id='word_1_54' title='bbox 188 1325 258 1391; x_wconf 91' lang='lat' dir='ltr'><strong>dies</strong></span> <span class='ocrx_word' id='word_1_55' title='bbox 281 1347 395 1392; x_wconf 87' lang='lat' dir='ltr'><strong>revera</strong></span> <span class='ocrx_word' id='word_1_56' title='bbox 417 1326 524 1390; x_wconf 86' lang='lat' dir='ltr'><strong>tristis</strong></span> <span class='ocrx_word' id='word_1_57' title='bbox 548 1326 721 1411; x_wconf 89' lang='lat' dir='ltr'><strong>cujusdam</strong></span> <span class='ocrx_word' id='word_1_58' title='bbox 740 1333 877 1391; x_wconf 87' lang='lat' dir='ltr'><strong>naturae</strong></span> <span class='ocrx_word' id='word_1_59' title='bbox 898 1349 964 1390; x_wconf 91' lang='lat' dir='ltr'><strong>non</strong></span> <span class='ocrx_word' id='word_1_60' title='bbox 984 1333 1137 1410; x_wconf 83' lang='lat' dir='ltr'><strong>expertes</strong></span> <span class='ocrx_word' id='word_1_61' title='bbox 1157 1325 1270 1405; x_wconf 83' lang='lat' dir='ltr'><strong>luisse,</strong></span> <span class='ocrx_word' id='word_1_62' title='bbox 1292 1347 1334 1390; x_wconf 84' lang='lat' dir='ltr'><strong>ex</strong></span> <span class='ocrx_word' id='word_1_63' title='bbox 1353 1347 1390 1390; x_wconf 89' lang='lat' dir='ltr'><strong>co</strong></span> 
     </span>
     <span class='ocr_line' id='line_1_9' title="bbox 188 1444 1392 1531; baseline 0 -21"><span class='ocrx_word' id='word_1_64' title='bbox 188 1444 363 1525; x_wconf 80' lang='lat' dir='ltr'><strong>efficitur¹,</strong></span> <span class='ocrx_word' id='word_1_65' title='bbox 392 1445 481 1530; x_wconf 91' lang='lat' dir='ltr'><strong>quod</strong></span> <span class='ocrx_word' id='word_1_66' title='bbox 503 1447 605 1511; x_wconf 82' lang='lat' dir='ltr'><strong>Dent.</strong></span> <span class='ocrx_word' id='word_1_67' title='bbox 631 1450 682 1525; x_wconf 82' lang='lat'><strong>16,</strong></span> <span class='ocrx_word' id='word_1_68' title='bbox 707 1449 726 1512; x_wconf 84' lang='lat'><strong>3</strong></span> <span class='ocrx_word' id='word_1_69' title='bbox 749 1467 866 1530; x_wconf 86' lang='lat' dir='ltr'><strong>azyma</strong></span> <span class='ocrx_word' id='word_1_70' title='bbox 888 1445 1101 1511; x_wconf 90' lang='lat' dir='ltr'><strong>nominantur</strong></span> <span class='ocrx_word' id='word_1_71' title='bbox 1123 1446 1217 1531; x_wconf 90' lang='lat' dir='ltr'><strong>panis</strong></span> <span class='ocrx_word' id='word_1_72' title='bbox 1241 1445 1392 1511; x_wconf 83' lang='lat' dir='ltr'><strong>miseriae</strong></span> 
     </span>
     <span class='ocr_line' id='line_1_10' title="bbox 188 1560 1391 1659; baseline -0.004 -25"><span class='ocrx_word' id='word_1_73' title='bbox 188 1569 250 1656; x_wconf 56' lang='lat'>(¹³32</span> <span class='ocrx_word' id='word_1_74' title='bbox 273 1560 368 1659; x_wconf 65' lang='lat' dir='ltr'><strong>nnb);</strong></span> <span class='ocrx_word' id='word_1_75' title='bbox 398 1565 486 1632; x_wconf 89' lang='lat' dir='ltr'><strong>sicut</strong></span> <span class='ocrx_word' id='word_1_76' title='bbox 509 1564 608 1630; x_wconf 89' lang='lat' dir='ltr'><strong>etiam</strong></span> <span class='ocrx_word' id='word_1_77' title='bbox 632 1567 816 1650; x_wconf 82' lang='lat' dir='ltr'><strong>Josephus⁸</strong></span> <span class='ocrx_word' id='word_1_78' title='bbox 840 1573 968 1644; x_wconf 88' lang='lat' dir='ltr'><strong>narrat,</strong></span> <span class='ocrx_word' id='word_1_79' title='bbox 999 1565 1173 1631; x_wconf 88' lang='lat' dir='ltr'><strong>sollemnia</strong></span> <span class='ocrx_word' id='word_1_80' title='bbox 1200 1588 1391 1652; x_wconf 84' lang='lat' dir='ltr'><strong>azymorum</strong></span> 
     </span>
     <span class='ocr_line' id='line_1_11' title="bbox 189 1684 1450 1772; baseline 0.002 -22"><span class='ocrx_word' id='word_1_81' title='bbox 189 1685 349 1752; x_wconf 89' lang='lat' dir='ltr'><strong>celebrari</strong></span> <span class='ocrx_word' id='word_1_82' title='bbox 372 1686 407 1750; x_wconf 91' lang='lat' dir='ltr'><strong>in</strong></span> <span class='ocrx_word' id='word_1_83' title='bbox 430 1684 622 1751; x_wconf 89' lang='lat' dir='ltr'><strong>memoriam</strong></span> <span class='ocrx_word' id='word_1_84' title='bbox 649 1685 828 1772; x_wconf 89' lang='lat' dir='ltr'><strong>inopiae,</strong></span> <span class='ocrx_word' id='word_1_85' title='bbox 858 1708 923 1770; x_wconf 91' lang='lat' dir='ltr'><strong>qua</strong></span> <span class='ocrx_word' id='word_1_86' title='bbox 949 1687 1091 1771; x_wconf 92' lang='lat' dir='ltr'><strong>populus</strong></span> <span class='ocrx_word' id='word_1_87' title='bbox 1118 1707 1251 1770; x_wconf 87' lang='lat' dir='ltr'><strong>pressus</strong></span> <span class='ocrx_word' id='word_1_88' title='bbox 1279 1685 1391 1764; x_wconf 84' lang='lat' dir='ltr'><strong>luerit,</strong></span> <span class='ocrx_word' id='word_1_89' title='bbox 1445 1743 1450 1754; x_wconf 77' lang='grc'><strong>,</strong></span> 
     </span>
     <span class='ocr_line' id='line_1_12' title="bbox 189 1796 1393 1892; baseline -0.005 -20"><span class='ocrx_word' id='word_1_90' title='bbox 189 1829 264 1872; x_wconf 88' lang='lat' dir='ltr'><strong>cum</strong></span> <span class='ocrx_word' id='word_1_91' title='bbox 296 1829 337 1872; x_wconf 85' lang='lat' dir='ltr'><strong>ex</strong></span> <span class='ocrx_word' id='word_1_92' title='bbox 368 1811 527 1892; x_wconf 87' lang='lat' dir='ltr'><strong>Aegypto</strong></span> <span class='ocrx_word' id='word_1_93' title='bbox 558 1805 823 1890; x_wconf 88' lang='lat' dir='ltr'><strong>proficisceretur</strong></span> <span class='ocrx_word' id='word_1_94' title='bbox 853 1796 908 1885; x_wconf 79' lang='lat' dir='ltr'><strong>(sie</strong></span> <span class='ocrx_word' id='word_1_95' title='bbox 938 1803 1047 1884; x_wconf 69' lang='grc' dir='ltr'>μνήμην</span> <span class='ocrx_word' id='word_1_96' title='bbox 1079 1807 1128 1884; x_wconf 80' lang='grc' dir='ltr'><strong>τῆς</strong></span> <span class='ocrx_word' id='word_1_97' title='bbox 1161 1802 1226 1866; x_wconf 74' lang='grc' dir='ltr'><strong>τότε</strong></span> <span class='ocrx_word' id='word_1_98' title='bbox 1260 1798 1393 1882; x_wconf 72' lang='grc' dir='ltr'><strong><em>ἐνδείας).</em></strong></span> 
     </span>
    </p>
   </div>
   <div class='ocr_carea' id='block_1_3' title="bbox 190 1924 1392 2024">
    <p class='ocr_par' dir='ltr' id='par_1_3' title="bbox 190 1924 1392 2024">
     <span class='ocr_line' id='line_1_13' title="bbox 190 1924 1392 2024; baseline -0.001 -34"><span class='ocrx_word' id='word_1_99' title='bbox 190 1927 300 1990; x_wconf 78' lang='lat' dir='ltr'><strong>Quare</strong></span> <span class='ocrx_word' id='word_1_100' title='bbox 317 1926 388 2010; x_wconf 89' lang='lat' dir='ltr'><strong>jam</strong></span> <span class='ocrx_word' id='word_1_101' title='bbox 412 1925 601 2010; x_wconf 89' lang='lat' dir='ltr'><strong>apparebit,</strong></span> <span class='ocrx_word' id='word_1_102' title='bbox 628 1925 687 1990; x_wconf 92' lang='lat' dir='ltr'><strong>illo</strong></span> <span class='ocrx_word' id='word_1_103' title='bbox 712 1925 988 1991; x_wconf 85' lang='lat' dir='ltr'><strong>constitutionum</strong></span> <span class='ocrx_word' id='word_1_104' title='bbox 1014 1924 1272 2024; x_wconf 83' lang='lat' dir='ltr'><strong>apostolicarum</strong></span> <span class='ocrx_word' id='word_1_105' title='bbox 1298 1947 1392 2010; x_wconf 86' lang='lat' dir='ltr'><strong>prac-</strong></span> 
     </span>
    </p>
   </div>
   <div class='ocr_carea' id='block_1_4' title="bbox 189 2043 1395 3086">
    <p class='ocr_par' dir='ltr' id='par_1_4' title="bbox 189 2043 1175 2129">
     <span class='ocr_line' id='line_1_14' title="bbox 189 2043 1175 2129; baseline -0.001 -20"><span class='ocrx_word' id='word_1_106' title='bbox 189 2053 286 2129; x_wconf 85' lang='lat' dir='ltr'><strong>cepto</strong></span> <span class='ocrx_word' id='word_1_107' title='bbox 310 2067 377 2110; x_wconf 92' lang='lat' dir='ltr'><strong>non</strong></span> <span class='ocrx_word' id='word_1_108' title='bbox 401 2043 533 2108; x_wconf 87' lang='lat' dir='ltr'><strong>Steitzii</strong></span> <span class='ocrx_word' id='word_1_109' title='bbox 556 2045 614 2109; x_wconf 92' lang='lat' dir='ltr'><strong>sed</strong></span> <span class='ocrx_word' id='word_1_110' title='bbox 637 2052 786 2109; x_wconf 90' lang='lat' dir='ltr'><strong>nostram</strong></span> <span class='ocrx_word' id='word_1_111' title='bbox 809 2044 940 2129; x_wconf 89' lang='lat' dir='ltr'><strong>probari</strong></span> <span class='ocrx_word' id='word_1_112' title='bbox 964 2045 1175 2110; x_wconf 86' lang='lat' dir='ltr'><strong>sententium.</strong></span> 
     </span>
    </p>

    <p class='ocr_par' dir='ltr' id='par_1_5' title="bbox 189 2163 1395 3086">
     <span class='ocr_line' id='line_1_15' title="bbox 276 2163 1395 2249; baseline 0 -21"><span class='ocrx_word' id='word_1_113' title='bbox 276 2167 306 2228; x_wconf 90' lang='grc'><strong>6.</strong></span> <span class='ocrx_word' id='word_1_114' title='bbox 333 2163 454 2228; x_wconf 90' lang='lat' dir='ltr'><strong>Omnia</strong></span> <span class='ocrx_word' id='word_1_115' title='bbox 482 2166 579 2243; x_wconf 88' lang='lat' dir='ltr'><strong>haec,</strong></span> <span class='ocrx_word' id='word_1_116' title='bbox 613 2163 646 2228; x_wconf 90' lang='lat' dir='ltr'><strong>iu</strong></span> <span class='ocrx_word' id='word_1_117' title='bbox 675 2187 758 2248; x_wconf 90' lang='lat' dir='ltr'><strong>quae</strong></span> <span class='ocrx_word' id='word_1_118' title='bbox 785 2165 895 2230; x_wconf 85' lang='lat' dir='ltr'><strong>adhuc</strong></span> <span class='ocrx_word' id='word_1_119' title='bbox 922 2164 1165 2249; x_wconf 86' lang='lat' dir='ltr'><strong>inquisivimus,</strong></span> <span class='ocrx_word' id='word_1_120' title='bbox 1196 2171 1395 2248; x_wconf 84' lang='lat' dir='ltr'><strong>argumenta</strong></span> 
     </span>
     <span class='ocr_line' id='line_1_16' title="bbox 190 2283 1394 2369; baseline -0.002 -21"><span class='ocrx_word' id='word_1_121' title='bbox 190 2284 231 2348; x_wconf 87' lang='lat' dir='ltr'><strong>ad</strong></span> <span class='ocrx_word' id='word_1_122' title='bbox 259 2283 463 2369; x_wconf 89' lang='lat' dir='ltr'><strong>probandam</strong></span> <span class='ocrx_word' id='word_1_123' title='bbox 492 2283 660 2348; x_wconf 88' lang='lat' dir='ltr'><strong>Weitzelii</strong></span> <span class='ocrx_word' id='word_1_124' title='bbox 693 2292 728 2348; x_wconf 87' lang='lat' dir='ltr'><strong>ct</strong></span> <span class='ocrx_word' id='word_1_125' title='bbox 755 2284 888 2350; x_wconf 83' lang='lat' dir='ltr'><strong>Steitzii</strong></span> <span class='ocrx_word' id='word_1_126' title='bbox 920 2284 1281 2369; x_wconf 87' lang='lat' dir='ltr'><strong>sententiamprorsus</strong></span> <span class='ocrx_word' id='word_1_127' title='bbox 1308 2283 1394 2348; x_wconf 92' lang='lat' dir='ltr'><strong>nihil</strong></span> 
     </span>
     <span class='ocr_line' id='line_1_17' title="bbox 189 2403 1392 2488; baseline 0 -20"><span class='ocrx_word' id='word_1_128' title='bbox 189 2403 339 2468; x_wconf 79' lang='lat' dir='ltr'><strong>videmus</strong></span> <span class='ocrx_word' id='word_1_129' title='bbox 362 2403 483 2468; x_wconf 89' lang='lat' dir='ltr'><strong>valere.</strong></span> <span class='ocrx_word' id='word_1_130' title='bbox 523 2403 617 2468; x_wconf 83' lang='lat' dir='ltr'><strong>Quae</strong></span> <span class='ocrx_word' id='word_1_131' title='bbox 640 2411 751 2469; x_wconf 89' lang='lat' dir='ltr'><strong>autem</strong></span> <span class='ocrx_word' id='word_1_132' title='bbox 774 2411 903 2470; x_wconf 88' lang='lat' dir='ltr'><strong>restant</strong></span> <span class='ocrx_word' id='word_1_133' title='bbox 918 2403 1014 2468; x_wconf 90' lang='lat' dir='ltr'><strong>nobis</strong></span> <span class='ocrx_word' id='word_1_134' title='bbox 1031 2403 1259 2483; x_wconf 88' lang='lat' dir='ltr'><strong>examinanda,</strong></span> <span class='ocrx_word' id='word_1_135' title='bbox 1278 2427 1392 2488; x_wconf 90' lang='lat' dir='ltr'><strong>quam-</strong></span> 
     </span>
     <span class='ocr_line' id='line_1_18' title="bbox 192 2521 1395 2608; baseline 0.002 -23"><span class='ocrx_word' id='word_1_136' title='bbox 192 2523 240 2586; x_wconf 90' lang='lat' dir='ltr'><strong>vis</strong></span> <span class='ocrx_word' id='word_1_137' title='bbox 263 2521 330 2586; x_wconf 90' lang='lat' dir='ltr'><strong>vim</strong></span> <span class='ocrx_word' id='word_1_138' title='bbox 353 2523 498 2606; x_wconf 87' lang='lat' dir='ltr'><strong>aliquam</strong></span> <span class='ocrx_word' id='word_1_139' title='bbox 522 2523 642 2588; x_wconf 89' lang='lat' dir='ltr'><strong>habere</strong></span> <span class='ocrx_word' id='word_1_140' title='bbox 666 2523 856 2603; x_wconf 89' lang='lat' dir='ltr'><strong>videantur,</strong></span> <span class='ocrx_word' id='word_1_141' title='bbox 880 2532 993 2590; x_wconf 89' lang='lat' dir='ltr'><strong>tamen</strong></span> <span class='ocrx_word' id='word_1_142' title='bbox 1017 2524 1151 2589; x_wconf 90' lang='lat' dir='ltr'><strong>minime</strong></span> <span class='ocrx_word' id='word_1_143' title='bbox 1175 2525 1256 2589; x_wconf 88' lang='lat' dir='ltr'><strong>satis</strong></span> <span class='ocrx_word' id='word_1_144' title='bbox 1278 2522 1395 2608; x_wconf 82' lang='lat' dir='ltr'><strong>gravia</strong></span> 
     </span>
     <span class='ocr_line' id='line_1_19' title="bbox 190 2641 1392 2726; baseline 0.001 -20"><span class='ocrx_word' id='word_1_145' title='bbox 190 2651 287 2723; x_wconf 89' lang='lat' dir='ltr'><strong>sunt,</strong></span> <span class='ocrx_word' id='word_1_146' title='bbox 316 2663 400 2726; x_wconf 89' lang='lat' dir='ltr'><strong>quae</strong></span> <span class='ocrx_word' id='word_1_147' title='bbox 423 2650 571 2707; x_wconf 89' lang='lat' dir='ltr'><strong>nostram</strong></span> <span class='ocrx_word' id='word_1_148' title='bbox 598 2641 783 2726; x_wconf 82' lang='lat' dir='ltr'><strong>infringant</strong></span> <span class='ocrx_word' id='word_1_149' title='bbox 806 2643 1017 2708; x_wconf 91' lang='lat' dir='ltr'><strong>sententiam.</strong></span> <span class='ocrx_word' id='word_1_150' title='bbox 1064 2646 1150 2709; x_wconf 89' lang='lat' dir='ltr'><strong>Sunt</strong></span> <span class='ocrx_word' id='word_1_151' title='bbox 1178 2652 1289 2709; x_wconf 89' lang='lat' dir='ltr'><strong>autem</strong></span> <span class='ocrx_word' id='word_1_152' title='bbox 1313 2644 1392 2722; x_wconf 91' lang='lat' dir='ltr'><strong>duo,</strong></span> 
     </span>
     <span class='ocr_line' id='line_1_20' title="bbox 190 2761 1393 2849; baseline 0 -23"><span class='ocrx_word' id='word_1_153' title='bbox 190 2763 332 2827; x_wconf 88' lang='lat' dir='ltr'><strong>alterum</strong></span> <span class='ocrx_word' id='word_1_154' title='bbox 361 2783 402 2826; x_wconf 87' lang='lat' dir='ltr'><strong>cx</strong></span> <span class='ocrx_word' id='word_1_155' title='bbox 430 2761 617 2846; x_wconf 86' lang='lat' dir='ltr'><strong>Epiphanio</strong></span> <span class='ocrx_word' id='word_1_156' title='bbox 650 2762 793 2826; x_wconf 90' lang='lat' dir='ltr'><strong>alterum</strong></span> <span class='ocrx_word' id='word_1_157' title='bbox 823 2784 840 2826; x_wconf 90' lang='lat' dir='ltr'><strong>e</strong></span> <span class='ocrx_word' id='word_1_158' title='bbox 867 2762 1077 2828; x_wconf 80' lang='lat' dir='ltr'><strong>Theodorcto</strong></span> <span class='ocrx_word' id='word_1_159' title='bbox 1109 2765 1265 2849; x_wconf 91' lang='lat' dir='ltr'><strong>petitum.</strong></span> <span class='ocrx_word' id='word_1_160' title='bbox 1315 2764 1393 2827; x_wconf 80' lang='lat' dir='ltr'><strong>Err-</strong></span> 
     </span>
     <span class='ocr_line' id='line_1_21' title="bbox 191 2879 1392 2969; baseline 0 -23"><span class='ocrx_word' id='word_1_161' title='bbox 191 2901 333 2946; x_wconf 80' lang='lat' dir='ltr'><strong>rusruus</strong></span> <span class='ocrx_word' id='word_1_162' title='bbox 352 2881 439 2946; x_wconf 92' lang='lat' dir='ltr'><strong>enim</strong></span> <span class='ocrx_word' id='word_1_163' title='bbox 457 2889 620 2945; x_wconf 88' lang='lat' dir='ltr'><strong>memorat</strong></span> <span class='ocrx_word' id='word_1_164' title='bbox 636 2879 716 2946; x_wconf 90' lang='lat' dir='ltr'><strong>duas</strong></span> <span class='ocrx_word' id='word_1_165' title='bbox 733 2881 1098 2964; x_wconf 88' lang='lat' dir='ltr'><strong>quartodecimanorum</strong></span> <span class='ocrx_word' id='word_1_166' title='bbox 1113 2890 1235 2969; x_wconf 88' lang='lat' dir='ltr'><strong>partes,</strong></span> <span class='ocrx_word' id='word_1_167' title='bbox 1254 2904 1392 2967; x_wconf 88' lang='lat' dir='ltr'><strong>quarum</strong></span> 
     </span>
     <span class='ocr_line' id='line_1_22' title="bbox 190 2999 1392 3086; baseline 0 -20"><span class='ocrx_word' id='word_1_168' title='bbox 190 3003 295 3066; x_wconf 89' lang='lat' dir='ltr'><strong>altera</strong></span> <span class='ocrx_word' id='word_1_169' title='bbox 319 3009 437 3086; x_wconf 89' lang='lat' dir='ltr'><strong>quarto</strong></span> <span class='ocrx_word' id='word_1_170' title='bbox 470 3001 597 3066; x_wconf 89' lang='lat' dir='ltr'><strong>decimo</strong></span> <span class='ocrx_word' id='word_1_171' title='bbox 630 2999 762 3086; x_wconf 91' lang='lat' dir='ltr'><strong>quidem</strong></span> <span class='ocrx_word' id='word_1_172' title='bbox 793 3001 890 3066; x_wconf 92' lang='lat' dir='ltr'><strong>lunae</strong></span> <span class='ocrx_word' id='word_1_173' title='bbox 923 3001 975 3066; x_wconf 92' lang='lat' dir='ltr'><strong>die</strong></span> <span class='ocrx_word' id='word_1_174' title='bbox 1006 3005 1130 3086; x_wconf 90' lang='lat' dir='ltr'><strong>pascha</strong></span> <span class='ocrx_word' id='word_1_175' title='bbox 1162 3001 1392 3082; x_wconf 88' lang='lat' dir='ltr'><strong>celebraverit,</strong></span> 
     </span>
    </p>
   </div>
   <div class='ocr_carea' id='block_1_5' title="bbox 190 3207 1397 4400">
    <p class='ocr_par' dir='ltr' id='par_1_6' title="bbox 190 3207 1397 4127">
     <span class='ocr_line' id='line_1_23' title="bbox 278 3207 1393 3294; baseline -0.004 -21"><span class='ocrx_word' id='word_1_176' title='bbox 278 3209 287 3242; x_wconf 85' lang='lat'><strong>¹</strong></span> <span class='ocrx_word' id='word_1_177' title='bbox 302 3215 389 3273; x_wconf 89' lang='lat' dir='ltr'><strong>Idem</strong></span> <span class='ocrx_word' id='word_1_178' title='bbox 399 3213 551 3294; x_wconf 85' lang='lat' dir='ltr'><strong>judicavit</strong></span> <span class='ocrx_word' id='word_1_179' title='bbox 563 3214 793 3286; x_wconf 81' lang='lat' dir='ltr'><strong>Hrzozrrnun,</strong></span> <span class='ocrx_word' id='word_1_180' title='bbox 806 3207 1029 3285; x_wconf 76' lang='lat' dir='ltr'><strong>Poachcalreit,</strong></span> <span class='ocrx_word' id='word_1_181' title='bbox 1043 3234 1071 3291; x_wconf 91' lang='lat' dir='ltr'><strong>p.</strong></span> <span class='ocrx_word' id='word_1_182' title='bbox 1083 3217 1155 3274; x_wconf 84' lang='grc'><strong>384.</strong></span> <span class='ocrx_word' id='word_1_183' title='bbox 1168 3245 1210 3256; x_wconf 96' lang='grc'>-</span> <span class='ocrx_word' id='word_1_184' title='bbox 1227 3207 1393 3283; x_wconf 66' lang='lat' dir='ltr'><strong>Zeitseltr„</strong></span> 
     </span>
     <span class='ocr_line' id='line_1_24' title="bbox 192 3298 1393 3379; baseline 0 -21"><span class='ocrx_word' id='word_1_185' title='bbox 192 3301 285 3371; x_wconf 92' lang='grc'><strong>1861,</strong></span> <span class='ocrx_word' id='word_1_186' title='bbox 299 3321 328 3378; x_wconf 91' lang='lat' dir='ltr'><strong>p.</strong></span> <span class='ocrx_word' id='word_1_187' title='bbox 340 3303 412 3360; x_wconf 79' lang='lat'>310.</span> <span class='ocrx_word' id='word_1_188' title='bbox 425 3331 467 3342; x_wconf 90' lang='lat'>-</span> <span class='ocrx_word' id='word_1_189' title='bbox 482 3301 520 3358; x_wconf 90' lang='lat' dir='ltr'><strong>In</strong></span> <span class='ocrx_word' id='word_1_190' title='bbox 536 3298 699 3358; x_wconf 77' lang='lat' dir='ltr'><strong>didascalia</strong></span> <span class='ocrx_word' id='word_1_191' title='bbox 714 3299 920 3379; x_wconf 85' lang='lat' dir='ltr'><strong>apostolorum</strong></span> <span class='ocrx_word' id='word_1_192' title='bbox 935 3300 1060 3378; x_wconf 83' lang='lat' dir='ltr'><strong>syriaca,</strong></span> <span class='ocrx_word' id='word_1_193' title='bbox 1076 3318 1094 3358; x_wconf 92' lang='lat' dir='ltr'><strong>a</strong></span> <span class='ocrx_word' id='word_1_194' title='bbox 1108 3319 1168 3378; x_wconf 86' lang='lat' dir='ltr'><strong>qua</strong></span> <span class='ocrx_word' id='word_1_195' title='bbox 1183 3299 1393 3360; x_wconf 79' lang='lat' dir='ltr'><strong>Audianorum</strong></span> 
     </span>
     <span class='ocr_line' id='line_1_25' title="bbox 191 3384 1392 3459; baseline 0.001 -15"><span class='ocrx_word' id='word_1_196' title='bbox 191 3385 426 3445; x_wconf 89' lang='lat' dir='ltr'><strong>constitutiones</strong></span> <span class='ocrx_word' id='word_1_197' title='bbox 446 3384 528 3444; x_wconf 85' lang='lat' dir='ltr'><strong>haud</strong></span> <span class='ocrx_word' id='word_1_198' title='bbox 547 3385 592 3443; x_wconf 85' lang='lat' dir='ltr'><strong>ita</strong></span> <span class='ocrx_word' id='word_1_199' title='bbox 611 3385 746 3444; x_wconf 87' lang='lat' dir='ltr'><strong>diversae</strong></span> <span class='ocrx_word' id='word_1_200' title='bbox 768 3386 859 3445; x_wconf 83' lang='lat' dir='ltr'><strong>fuisse</strong></span> <span class='ocrx_word' id='word_1_201' title='bbox 879 3386 1038 3458; x_wconf 81' lang='lat' dir='ltr'><strong>videntur,</strong></span> <span class='ocrx_word' id='word_1_202' title='bbox 1058 3385 1170 3444; x_wconf 88' lang='lat' dir='ltr'><strong>diserte</strong></span> <span class='ocrx_word' id='word_1_203' title='bbox 1192 3386 1305 3445; x_wconf 87' lang='lat' dir='ltr'><strong>dieitur</strong></span> <span class='ocrx_word' id='word_1_204' title='bbox 1329 3384 1392 3459; x_wconf 87' lang='lat' dir='ltr'><strong>(ed.</strong></span> 
     </span>
     <span class='ocr_line' id='line_1_26' title="bbox 190 3470 1395 3550; baseline -0.002 -20"><span class='ocrx_word' id='word_1_205' title='bbox 190 3470 342 3548; x_wconf 85' lang='lat' dir='ltr'><strong>Lagarde,</strong></span> <span class='ocrx_word' id='word_1_206' title='bbox 368 3473 467 3544; x_wconf 91' lang='grc'><strong>1855,</strong></span> <span class='ocrx_word' id='word_1_207' title='bbox 492 3491 520 3548; x_wconf 93' lang='lat' dir='ltr'><strong>p.</strong></span> <span class='ocrx_word' id='word_1_208' title='bbox 544 3471 616 3546; x_wconf 89' lang='grc'><strong>89),</strong></span> <span class='ocrx_word' id='word_1_209' title='bbox 640 3471 795 3530; x_wconf 86' lang='lat' dir='ltr'><strong>Christum</strong></span> <span class='ocrx_word' id='word_1_210' title='bbox 820 3473 924 3531; x_wconf 90' lang='lat' dir='ltr'><strong>inter</strong></span> <span class='ocrx_word' id='word_1_211' title='bbox 947 3491 1162 3550; x_wconf 86' lang='lat' dir='ltr'><strong>azymorum</strong></span> <span class='ocrx_word' id='word_1_212' title='bbox 1186 3471 1395 3532; x_wconf 89' lang='lat' dir='ltr'><strong>sollemnia</strong></span> 
     </span>
     <span class='ocr_line' id='line_1_27' title="bbox 191 3555 1395 3636; baseline 0 -22"><span class='ocrx_word' id='word_1_213' title='bbox 191 3557 365 3636; x_wconf 82' lang='lat' dir='ltr'><strong>crucifixum</strong></span> <span class='ocrx_word' id='word_1_214' title='bbox 389 3575 461 3615; x_wconf 89' lang='lat' dir='ltr'><strong>esse.</strong></span> <span class='ocrx_word' id='word_1_215' title='bbox 502 3555 616 3615; x_wconf 86' lang='lat' dir='ltr'><strong>Locum</strong></span> <span class='ocrx_word' id='word_1_216' title='bbox 639 3555 728 3615; x_wconf 90' lang='lat' dir='ltr'><strong>illum</strong></span> <span class='ocrx_word' id='word_1_217' title='bbox 751 3559 852 3616; x_wconf 79' lang='lat' dir='ltr'><strong>Mznx</strong></span> <span class='ocrx_word' id='word_1_218' title='bbox 876 3558 921 3616; x_wconf 88' lang='lat' dir='ltr'><strong>ita</strong></span> <span class='ocrx_word' id='word_1_219' title='bbox 945 3557 1105 3617; x_wconf 86' lang='lat' dir='ltr'><strong>vernacula</strong></span> <span class='ocrx_word' id='word_1_220' title='bbox 1129 3558 1235 3635; x_wconf 83' lang='lat' dir='ltr'><strong>lingua</strong></span> <span class='ocrx_word' id='word_1_221' title='bbox 1258 3556 1395 3616; x_wconf 90' lang='lat' dir='ltr'><strong>reddidit</strong></span> 
     </span>
     <span class='ocr_line' id='line_1_28' title="bbox 192 3641 1391 3721; baseline -0.003 -20"><span class='ocrx_word' id='word_1_222' title='bbox 192 3642 287 3721; x_wconf 85' lang='lat' dir='ltr'><strong>(apud</strong></span> <span class='ocrx_word' id='word_1_223' title='bbox 311 3644 546 3714; x_wconf 75' lang='lat' dir='ltr'><strong>Hruczuruun,</strong></span> <span class='ocrx_word' id='word_1_224' title='bbox 568 3643 647 3701; x_wconf 90' lang='lat' dir='ltr'><strong>Nov.</strong></span> <span class='ocrx_word' id='word_1_225' title='bbox 670 3643 751 3702; x_wconf 83' lang='lat' dir='ltr'><strong>Test.</strong></span> <span class='ocrx_word' id='word_1_226' title='bbox 777 3647 862 3701; x_wconf 86' lang='lat' dir='ltr'><strong>extra</strong></span> <span class='ocrx_word' id='word_1_227' title='bbox 885 3661 949 3702; x_wconf 90' lang='lat' dir='ltr'><strong>can.</strong></span> <span class='ocrx_word' id='word_1_228' title='bbox 972 3648 1101 3721; x_wconf 81' lang='lat' dir='ltr'><strong>recept,</strong></span> <span class='ocrx_word' id='word_1_229' title='bbox 1124 3646 1224 3716; x_wconf 91' lang='grc'><strong>1866,</strong></span> <span class='ocrx_word' id='word_1_230' title='bbox 1245 3645 1299 3716; x_wconf 87' lang='lat' dir='ltr'><strong>1v,</strong></span> <span class='ocrx_word' id='word_1_231' title='bbox 1320 3641 1391 3716; x_wconf 76' lang='lat'>88)2</span> 
     </span>
     <span class='ocr_line' id='line_1_29' title="bbox 190 3722 1397 3810; baseline -0.002 -25"><span class='ocrx_word' id='word_1_232' title='bbox 190 3722 471 3798; x_wconf 71' lang='lat' dir='ltr'><strong>„Cerdwiederum</strong></span> <span class='ocrx_word' id='word_1_233' title='bbox 487 3722 651 3784; x_wconf 70' lang='lat' dir='ltr'><strong>aberenei</strong></span> <span class='ocrx_word' id='word_1_234' title='bbox 672 3745 720 3784; x_wconf 81' lang='lat' dir='ltr'><strong>aze</strong></span> <span class='ocrx_word' id='word_1_235' title='bbox 736 3722 862 3801; x_wconf 73' lang='lat' dir='ltr'><strong>Freitap</strong></span> <span class='ocrx_word' id='word_1_236' title='bbox 882 3723 954 3785; x_wconf 76' lang='lat' dir='ltr'><strong>colit</strong></span> <span class='ocrx_word' id='word_1_237' title='bbox 974 3723 1023 3785; x_wconf 72' lang='lat' dir='ltr'><strong>ier</strong></span> <span class='ocrx_word' id='word_1_238' title='bbox 1032 3724 1097 3809; x_wconf 78' lang='lat' dir='ltr'><strong>fiir</strong></span> <span class='ocrx_word' id='word_1_239' title='bbox 1117 3723 1162 3787; x_wconf 80' lang='lat' dir='ltr'><strong>aie</strong></span> <span class='ocrx_word' id='word_1_240' title='bbox 1171 3723 1302 3810; x_wconf 75' lang='lat' dir='ltr'><strong>scalen,</strong></span> <span class='ocrx_word' id='word_1_241' title='bbox 1324 3722 1397 3784; x_wconf 75' lang='lat' dir='ltr'><strong>weil</strong></span> 
     </span>
     <span class='ocr_line' id='line_1_30' title="bbox 191 3806 1396 3888; baseline -0.002 -16"><span class='ocrx_word' id='word_1_242' title='bbox 191 3810 236 3872; x_wconf 81' lang='lat' dir='ltr'><strong>sie</strong></span> <span class='ocrx_word' id='word_1_243' title='bbox 260 3831 302 3871; x_wconf 83' lang='lat' dir='ltr'><strong>oz</strong></span> <span class='ocrx_word' id='word_1_244' title='bbox 325 3807 387 3869; x_wconf 79' lang='lat' dir='ltr'><strong>ilem</strong></span> <span class='ocrx_word' id='word_1_245' title='bbox 411 3806 489 3870; x_wconf 75' lang='lat' dir='ltr'><strong>mich</strong></span> <span class='ocrx_word' id='word_1_246' title='bbox 509 3807 686 3888; x_wconf 67' lang='lat' dir='ltr'><strong>perreezipr</strong></span> <span class='ocrx_word' id='word_1_247' title='bbox 710 3807 807 3869; x_wconf 78' lang='lat' dir='ltr'><strong>haben</strong></span> <span class='ocrx_word' id='word_1_248' title='bbox 834 3808 1015 3872; x_wconf 68' lang='lat' dir='ltr'><strong>wibrezd</strong></span> <span class='ocrx_word' id='word_1_249' title='bbox 1041 3809 1145 3872; x_wconf 75' lang='lat' dir='ltr'><strong>ihrer</strong></span> <span class='ocrx_word' id='word_1_250' title='bbox 1169 3809 1301 3872; x_wconf 78' lang='lat' dir='ltr'><strong>Fealea</strong></span> <span class='ocrx_word' id='word_1_251' title='bbox 1329 3809 1396 3870; x_wconf 80' lang='lat' dir='ltr'><strong>dee</strong></span> 
     </span>
     <span class='ocr_line' id='line_1_31' title="bbox 198 3891 1394 3976; baseline -0.003 -19"><span class='ocrx_word' id='word_1_252' title='bbox 198 3893 505 3974; x_wconf 74' lang='lat' dir='ltr'><strong>Unycac&#39;iuerten,</strong></span> <span class='ocrx_word' id='word_1_253' title='bbox 526 3893 582 3956; x_wconf 79' lang='lat' dir='ltr'><strong>wie</strong></span> <span class='ocrx_word' id='word_1_254' title='bbox 602 3914 633 3955; x_wconf 82' lang='lat' dir='ltr'><strong>ea</strong></span> <span class='ocrx_word' id='word_1_255' title='bbox 653 3893 685 3954; x_wconf 81' lang='lat' dir='ltr'><strong>in</strong></span> <span class='ocrx_word' id='word_1_256' title='bbox 706 3891 814 3955; x_wconf 81' lang='lat' dir='ltr'><strong>David</strong></span> <span class='ocrx_word' id='word_1_257' title='bbox 835 3898 898 3973; x_wconf 90' lang='lat' dir='ltr'><strong>(Ps.</strong></span> <span class='ocrx_word' id='word_1_258' title='bbox 920 3899 975 3972; x_wconf 82' lang='grc'><strong>78,</strong></span> <span class='ocrx_word' id='word_1_259' title='bbox 996 3903 1025 3959; x_wconf 82' lang='lat'><strong>4.</strong></span> <span class='ocrx_word' id='word_1_260' title='bbox 1046 3899 1079 3975; x_wconf 84' lang='lat'><strong>5)</strong></span> <span class='ocrx_word' id='word_1_261' title='bbox 1100 3917 1192 3958; x_wconf 74' lang='lat' dir='ltr'><strong>zrccor</strong></span> <span class='ocrx_word' id='word_1_262' title='bbox 1207 3899 1314 3976; x_wconf 72' lang='lat' dir='ltr'><strong>peaayt</strong></span> <span class='ocrx_word' id='word_1_263' title='bbox 1334 3893 1394 3956; x_wconf 81' lang='lat' dir='ltr'><strong>ist:</strong></span> 
     </span>
     <span class='ocr_line' id='line_1_32' title="bbox 192 3978 1396 4059; baseline -0.002 -16"><span class='ocrx_word' id='word_1_264' title='bbox 192 3983 239 4043; x_wconf 81' lang='lat' dir='ltr'><strong>Ac</strong></span> <span class='ocrx_word' id='word_1_265' title='bbox 261 3979 349 4042; x_wconf 81' lang='lat' dir='ltr'><strong>ihren</strong></span> <span class='ocrx_word' id='word_1_266' title='bbox 369 3979 480 4042; x_wconf 81' lang='lat' dir='ltr'><strong>Feelez</strong></span> <span class='ocrx_word' id='word_1_267' title='bbox 501 3978 599 4041; x_wconf 80' lang='lat' dir='ltr'><strong>halez</strong></span> <span class='ocrx_word' id='word_1_268' title='bbox 620 3978 664 4042; x_wconf 83' lang='lat' dir='ltr'><strong>aie</strong></span> <span class='ocrx_word' id='word_1_269' title='bbox 679 3979 781 4059; x_wconf 73' lang='lat' dir='ltr'><strong>yeleyl</strong></span> <span class='ocrx_word' id='word_1_270' title='bbox 806 3979 872 4042; x_wconf 79' lang='lat' dir='ltr'><strong>ihre</strong></span> <span class='ocrx_word' id='word_1_271' title='bbox 893 3979 1023 4044; x_wconf 78' lang='lat' dir='ltr'><strong>Zeiolez</strong></span> <span class='ocrx_word' id='word_1_272' title='bbox 1047 3981 1113 4043; x_wconf 77' lang='lat' dir='ltr'><strong>aad</strong></span> <span class='ocrx_word' id='word_1_273' title='bbox 1134 3980 1231 4043; x_wconf 79' lang='lat' dir='ltr'><strong>laben</strong></span> <span class='ocrx_word' id='word_1_274' title='bbox 1255 4000 1286 4043; x_wconf 83' lang='lat' dir='ltr'><strong>ea</strong></span> <span class='ocrx_word' id='word_1_275' title='bbox 1310 3979 1396 4041; x_wconf 75' lang='lat' dir='ltr'><strong>nieht</strong></span> 
     </span>
     <span class='ocr_line' id='line_1_33' title="bbox 191 4065 416 4127; baseline 0 -1"><span class='ocrx_word' id='word_1_276' title='bbox 191 4065 416 4127; x_wconf 68' lang='lat' dir='ltr'><strong>verecunden.“</strong></span> 
     </span>
    </p>

    <p class='ocr_par' dir='ltr' id='par_1_7' title="bbox 278 4149 1395 4234">
     <span class='ocr_line' id='line_1_34' title="bbox 278 4149 1395 4234; baseline -0.002 -21"><span class='ocrx_word' id='word_1_277' title='bbox 278 4149 289 4182; x_wconf 90' lang='lat'><strong>¹</strong></span> <span class='ocrx_word' id='word_1_278' title='bbox 306 4156 344 4214; x_wconf 80' lang='lat' dir='ltr'><strong>cl.</strong></span> <span class='ocrx_word' id='word_1_279' title='bbox 360 4156 590 4228; x_wconf 80' lang='lat' dir='ltr'><strong>Hrzernrnnn,</strong></span> <span class='ocrx_word' id='word_1_280' title='bbox 606 4149 831 4224; x_wconf 78' lang='lat' dir='ltr'><strong>Paschaetreit,</strong></span> <span class='ocrx_word' id='word_1_281' title='bbox 849 4177 878 4234; x_wconf 91' lang='lat' dir='ltr'><strong>p.</strong></span> <span class='ocrx_word' id='word_1_282' title='bbox 891 4157 961 4216; x_wconf 87' lang='grc'><strong>131.</strong></span> <span class='ocrx_word' id='word_1_283' title='bbox 979 4158 1049 4216; x_wconf 85' lang='grc'><strong>136.</strong></span> <span class='ocrx_word' id='word_1_284' title='bbox 1066 4187 1108 4198; x_wconf 92' lang='grc'>-</span> <span class='ocrx_word' id='word_1_285' title='bbox 1126 4149 1287 4221; x_wconf 72' lang='grc' dir='ltr'><strong>ΖείιεεΙιν.,</strong></span> <span class='ocrx_word' id='word_1_286' title='bbox 1299 4155 1395 4226; x_wconf 84' lang='grc'><strong>1861,</strong></span> 
     </span>
    </p>

    <p class='ocr_par' dir='ltr' id='par_1_8' title="bbox 279 4321 567 4400">
     <span class='ocr_line' id='line_1_35' title="bbox 279 4321 567 4400; baseline -0.003 -13"><span class='ocrx_word' id='word_1_287' title='bbox 279 4321 394 4387; x_wconf 69' lang='lat' dir='ltr'><strong>&#39;Ante</strong></span> <span class='ocrx_word' id='word_1_288' title='bbox 412 4327 454 4400; x_wconf 90' lang='lat' dir='ltr'><strong>H,</strong></span> <span class='ocrx_word' id='word_1_289' title='bbox 472 4329 522 4400; x_wconf 82' lang='lat'><strong>15,</strong></span> <span class='ocrx_word' id='word_1_290' title='bbox 540 4328 567 4386; x_wconf 84' lang='lat'><strong>1.</strong></span> 
     </span>
    </p>
   </div>
   <div class='ocr_carea' id='block_1_6' title="bbox 0 0 1574 4964">
    <p class='ocr_par' dir='ltr' id='par_1_9' title="bbox 0 0 1574 4964">
     <span class='ocr_line' id='line_1_36' title="bbox 0 0 1574 4964; baseline 0 0"><span class='ocrx_word' id='word_1_291' title='bbox 0 0 1574 4964; x_wconf 95' lang='lat' dir='ltr'><strong> </strong></span> 
     </span>
    </p>
   </div>
  </div>
 </body>
</html>
