2998 4972
298 405 361 468 206
1283 399 1300 462 λ
1315 399 1409 450 ’ὶθ-ῒὶ

298 563 355 630 καὶ
373 571 406 630 εί
417 587 447 629 τι
469 563 613 649 άγαθόν,
636 561 755 629 αὐτοῦ·
777 575 867 642 σίτος
882 568 1072 641 νεανίσκοις
1086 564 1143 631 καί
1164 560 1256 642 οἶνος
1270 563 1409 630 εὐωδιά-

298 671 363 746 ζων
383 667 581 752 παρθένοις·
604 671 653 742 τίς
667 663 733 749 γάρ
749 664 892 751 φάγεται
908 661 932 752 η’“
946 671 996 744 τίς
1012 670 1122 732 πίεται
1136 667 1240 751 πάρεξ
1256 665 1376 742 αὐτοῦ;
1393 668 1409 706 *

299 771 304 855 Ι
327 765 394 832 άπδ
411 767 448 833 δὲ
465 771 534 832 ταῖν
556 766 793 833 εἰδωλοθύτων
812 769 966 854 φεύγετε,
987 766 1042 834 ἐπὶ
1061 771 1141 854 τιμῇ
1157 766 1223 853 γάρ
1241 767 1452 852 δαιμόνων21

296 868 446 934 θύουσιν
470 866 572 952 αὐτά,
607 866 663 954 ἐφ’
689 867 786 954 ὕβρει
809 867 938 956 δηλαδή
966 873 1029 936 τοῦ
1052 869 1161 955 μόνου
1185 874 1288 935 θεοῦ·
1326 867 1410 946 ὅπως

263 969 341 1055 5μή
369 972 514 1054 γένησθε
542 971 701 1036 κοινωνοί
720 971 902 1064 δαιμόνιον.
930 973 935 1058 Ι
965 971 1042 1054 περὶ
1067 970 1105 1036 δὲ
1133 975 1150 1012 *
1175 973 1408 1054 βαπτίσματος,
1418 976 1453 1036 22

297 1062 325 1136 ω’
359 1071 520 1137 ἐπίσκοπε
552 1066 574 1156 ἢ
603 1073 826 1158 πρεσβύτερε,
857 1069 921 1158 ιἸδη
958 1073 1021 1157 μὲν
1056 1072 1112 1138 καί
1145 1072 1312 1158 πρότερον
1344 1073 1409 1138 διε-

297 1173 485 1258 ταξάμεθα,
514 1172 570 1238 καί
597 1174 663 1239 νῦν
689 1175 730 1241 δέ
751 1197 864 1260 φαμεν
892 1173 943 1239 δτι
973 1173 1079 1251 οὕτως
1104 1177 1293 1258 βαπτίσεις,
1322 1170 1366 1250 ιδς
1394 1170 1410 1237 δ

298 1274 413 1357 κάρτος
445 1275 616 1355 διετάξατο
649 1273 732 1360 ἡμῖν
773 1278 880 1361 λέγων
912 1277 1145 1361 Πορευθέντες
1178 1275 1410 1361 μαθητεύσατε

297 1377 407 1444 πάντα
427 1376 468 1442 τά
489 1379 592 1462 ἔθνη,
620 1380 835 1461 βαπτίζοντες
859 1375 981 1455 αὐτοὺς
1002 1380 1049 1454 είς
1068 1375 1108 1442 τὸ
1133 1377 1238 1462 ὄνομα
1257 1382 1319 1443 τοῦ
1347 1403 1408 1444 πα-

248 1495 280 1547 10
296 1477 374 1563 τρδς
399 1478 455 1546 καὶ
481 1478 544 1544 τοῦ
563 1479 642 1544 υίού
668 1479 724 1545 καλ
750 1483 811 1544 τοῦ
834 1478 934 1564 ἁγίου
959 1479 1164 1566 πνεύματος,
1194 1481 1411 1556 διδάσκοντες

297 1579 420 1659 αὐτοὺς
440 1593 557 1666 τηρείν
578 1581 687 1646 πάντα
715 1580 777 1646 ὃσα
806 1581 1025 1666 ἐνετειλάμην
1045 1578 1139 1665 ὑμίν·
1167 1582 1228 1646 τοῦ
1253 1581 1410 1648 άποστεί-

296 1687 417 1760 λαντος
443 1682 583 1769 πατρός,
612 1687 674 1749 τοῦ
695 1682 857 1761 ἐλθόντος
877 1687 1032 1769 χριστοῦ,
1053 1686 1115 1748 τοῦ
1135 1683 1412 1768 μαρτυρήσαντος

296 1784 522 1871 παράκλητον.
566 1788 691 1870 χρίσεις
705 1786 743 1851 δὲ
768 1789 903 1871 πρῶτον
925 1785 1026 1873 ἐλαίῳ
1043 1770 1138 1871 ἁγίῳ,
1161 1787 1275 1850 ἔπειτα
1291 1787 1412 1868 βαπτί-

296 1903 365 1964 σεις
385 1885 483 1951 ὕδατι
504 1888 561 1952 καί
583 1886 620 1952 τό
645 1891 839 1954 τελευταίου
860 1892 1058 1973 σφραγίσεις
1077 1885 1188 1974 μύρῳ·
1213 1887 1272 1952 ἳνα
1292 1887 1332 1951 τὸ
1350 1887 1412 1969 μλν

248 2003 278 2054 15
295 1991 418 2073 χρίσμα
436 1986 556 2071 μετοχή
578 1979 601 2074 ᾗ
623 1991 684 2052 τοῦ
706 1985 804 2072 άγίου
827 1989 1027 2073 πνεύματος,
1050 1987 1088 2054 τὸ
1109 1988 1147 2054 δὲ
1168 1986 1261 2070 ὕδωρ
1283 1987 1411 2072 σύμβο

296 2091 357 2153 λον
378 2091 440 2153 τοῦ
456 2089 622 2172 θανάτου,
644 2088 682 2155 τὸ
703 2091 740 2155 δὲ
759 2090 869 2175 μύρον
891 2090 1037 2176 σφραγὶς
1056 2091 1126 2158 των
1147 2093 1345 2174 συνθηκῶν.
1384 2091 1414 2153 εί

295 2189 333 2256 δὲ
354 2191 438 2276 μήτε
459 2193 573 2256 ἔλαιον
586 2181 608 2277 ᾖ
622 2192 705 2276 μήτε
719 2191 840 2279 μύρον,
855 2191 955 2277 άριιει*
968 2189 1006 2257 τὸ
1022 2191 1116 2275 ὕδωρ
1131 2189 1286 2276 καὶπρὸς
1301 2194 1411 2275 χρίσιν

295 2291 352 2358 καὶ
379 2288 462 2379 πρὸς
490 2294 661 2377 σφραγῖδα
686 2293 742 2360 καὶ
770 2292 853 2380 πρὸς
879 2291 1061 2378 ὁμολογίαν
1087 2297 1148 2358 τοῦ
1175 2291 1410 2368 ἀποθανόντος

292 2391 366 2479 ἤτοι
386 2395 740 2479 σοναποθνήσκοντος.
785 2393 852 2481 πρὸ
878 2397 915 2462 δὲ
940 2399 1002 2461 τοῦ
1022 2397 1249 2480 βαπτίσματος
1269 2412 1406 2479 νηστευ

129 2552 145 2576 ,
243 2509 278 2562 20
295 2495 384 2562 σάτω
407 2494 425 2561 ὁ
446 2496 699 2581 βαπτιζόμενος·
722 2497 778 2563 καὶ
799 2494 898 2583 γάρὸ
921 2497 1038 2580 κύριος
1053 2493 1120 2564 ὑπὸ
1139 2495 1300 2562 Ἰωάννου
1318 2500 1407 2579 πρῶ·

294 2620 354 2663 τον
368 2597 567 2681 βαπτισθεὶς
582 2597 638 2664 καί
656 2602 703 2676 είς
715 2596 778 2682 τὴν
797 2602 921 2683 ἔρημον
936 2594 1121 2683 αὐλισθείς,
1136 2599 1313 2682 μετέπειτα
1331 2597 1405 2682 ἐνή-

294 2713 429 2782 στευσε,
466 2701 717 2786 τεσσαράκοντα
754 2696 878 2785 ἡμέρας
910 2699 966 2765 καὶ
997 2701 1249 2786 τεσσαράκοντα
1275 2699 1403 2774 νύκτας.

295 2801 482 2886 ἐβαπτίσθη
504 2801 543 2866 δὲ
565 2801 622 2867 καὶ
652 2801 871 2887 ἐνήστενσεν,
902 2797 965 2868 οὐκ
987 2798 1087 2880 αὐτὸς
1110 2799 1360 2886 άπορυπαίσεως
1383 2794 1404 2881 ἤ

293 2907 446 2987 νηστείας
467 2907 584 2988 χρείαν
605 2905 690 2988 ἔχων
711 2899 734 2987 ἢ
756 2903 954 2990 καθάρσεως
975 2901 993 2970 ὁ
1014 2908 1056 2992 τῇ
1070 2903 1171 2988 φύσει
1188 2899 1337 2986 καθαρδς
1349 2898 1403 2965 καὶ

242 3019 275 3070 25
294 3003 402 3089 ἅγιος,
431 3002 508 3071 ἀλλ’
532 3006 589 3071 ἵνα
613 3006 670 3070 καί
689 3003 828 3092 Ἰωάννη
855 3002 1021 3090 άλήθειαν
1047 3004 1329 3090 προσμαρτυρήση
1350 2999 1401 3067 καὶ

291 3103 373 3195 ἡμῖν
398 3101 619 3194 ὑπογραμμὸν
646 3107 865 3193 παράσχηται.
910 3103 1037 3172 οὐκοῦν
1065 3102 1173 3190 δ’μὲν
1202 3105 1315 3188 κύριος
1342 3101 1401 3168 οὐκ

360 3280 462 3332 τετε
480 3283 506 3345 ε,
525 3281 558 3332 ει
582 3284 587 3342 ι
609 3279 626 3330 8
643 3281 733 3332 υαοι
750 3280 793 3346 τε,
815 3279 855 3334 ιο.
868 3279 902 3332 ιο
927 3282 932 3345 l
958 3280 989 3332 ει
1009 3280 1098 3330 υιιιι
1116 3280 1142 3342 ι,
1158 3279 1209 3332 τε
1230 3279 1233 3344 ι
1253 3278 1287 3328 εο
1303 3279 1365 3329 εειι
1379 3291 1400 3323 α

359 3365 388 3428 ε,
407 3363 439 3415 21

292 3517 308 3566 2
330 3517 470 3582 παραινεῖ
492 3511 524 3568 δέ
546 3531 590 3568 σοι
613 3515 663 3570 ιιαλ
686 3511 702 3570 δ
725 3509 814 3585 σοφὸς
830 3506 955 3582 Ἔσδρας
977 3511 1066 3583 λέγων
1088 3509 1255 3580 Πορεύεσθε
1277 3511 1323 3566 ιιαλ
1345 3505 1398 3576 φά-

292 3615 355 3666 γετε
373 3595 538 3666 λιπάσματα
556 3601 605 3656 ιιαλ
624 3603 705 3656 κίετε
723 3596 908 3671 γλυεάσματα
926 3599 975 3654 ιιαλ
992 3594 1032 3669 μὴ
1052 3601 1192 3653 λυπεῖσθε
1211 3617 1245 3652 ex
1258 3599 1356 3651 Nehem
1370 3595 1395 3655 8,

293 3684 327 3735 10
343 3684 377 3751 Ι-
394 3691 453 3752 γτιι
473 3685 575 3738 lunulis
594 3689 708 3740 inclusit
724 3706 755 3754 γε
774 3679 844 3740 οὐδὲ
862 3686 952 3738 ταῦτα
971 3679 1002 3739 lv
1014 3689 1074 3746 τοῖς
1086 3676 1183 3745 ἄλλοις
1200 3689 1291 3738 νεῖται
1309 3695 1396 3746 margo

291 3785 310 3834 γ
329 3769 333 3832 Ι
354 3771 371 3820 4
389 3765 494 3822 θάουσι
514 3771 603 3823 ταῦτα
620 3779 667 3838 γτι
693 3778 698 3834 Ι
723 3775 739 3825 5
759 3771 917 3839 δαιμονίων
935 3787 951 3822 x
972 3771 977 3837 Ι
998 3769 1084 3822 5ιοῦ
1099 3769 1134 3837 -Ι-
1151 3787 1175 3818 w
1195 3770 1199 3833 Ι
1220 3771 1235 3820 7
1254 3765 1286 3822 δέ
1301 3770 1333 3832 >
1350 3783 1369 3814 w

291 3855 307 3903 7
326 3843 399 3908 οὕτω
416 3861 463 3921 γτλ
483 3869 487 3920 Ι
505 3855 522 3907 8
540 3852 623 3924 λέγον
640 3875 664 3908 w
684 3856 689 3924 Ι
711 3859 743 3909 12
759 3851 878 3923 πατρός]
898 3849 1061 3922 πνεύματος
1078 3861 1089 3905 t
1108 3853 1112 3918 Ι
1134 3853 1167 3906 13
1185 3850 1296 3922 χρήσεις
1312 3848 1350 3917 vel
1365 3849 1394 3898 13

292 3935 418 3991 ἔπιτον
438 3941 442 4005 Ι
463 3927 1392 4009 14τόμεὶοε>γτιΙ17ᾗ>υ117μάρωνΧΙΙλτό>λΙ

293 4025 323 4075 17
342 4020 442 4092 χρήσιν
460 4043 484 4074 w
503 4023 508 4093 Ι
527 4026 569 4076 20.
583 4025 614 4075 21
633 4025 745 4089 πρῶτον
767 4023 937 4094 βαπτισθεὶς
959 4017 1016 4077 διεδ
1040 4019 1166 4076 ίωάννοο
1188 4029 1236 4088 γει
1259 4019 1324 4090 [ιι]
1342 4015 1391 4076 12¹

290 4109 461 4176 βαπτισθεὶς
480 4110 531 4160 W?
549 4103 714 4175 βαπτισθεὶς
732 4127 755 4160 w
771 4110 821 4174 121
842 4100 1000 4177 αδλησθεὶς
1017 4126 1035 4175 y
1051 4108 1111 4176 Ι2Ι.
1124 4111 1156 4158 22
1176 4100 1366 4174 ίνηστειισενι
1386 4099 1391 4164 Ι

290 4195 323 4244 23
341 4186 569 4260 α’πορρυπάσεως
586 4209 620 4258 w,
638 4183 829 4259 άποδβάψεως
845 4210 879 4259 γτ
899 4193 946 4262 Ιρρ
965 4193 990 4259 τ]
1005 4191 1010 4261 Ι
1031 4196 1064 4246 24
1083 4192 1216 4262 νηστείας
1234 4197 1303 4258 xyzt,
1320 4179 1393 4252 ἁγισ-

291 4279 364 4344 σμοῦ
380 4295 403 4328 w
418 4282 423 4344 Ι
442 4279 475 4330 25
494 4273 622 4345 ίωάννην
640 4295 664 4328 w
678 4275 683 4347 Ι
698 4279 731 4329 25
749 4271 895 4345 άληθείαν
912 4281 959 4342 W,
980 4271 1186 4346 άληθεάσαντα
1205 4295 1228 4326 w
1248 4291 1305 4326 corr
1321 4287 1362 4322 τεο
1384 4266 1388 4328 Ι

290 4364 324 4412 25
342 4357 587 4428 προσμαρτυρήσει
605 4380 622 4413 x
