3052 4974
301 389 320 454 2
1366 385 1418 438 αι

301 553 404 618 παῖδα
427 549 531 617 αὐτοῦ
559 547 635 616 οὔτε
656 548 718 636 τήν
739 552 922 636 παιδίσκην
942 548 1048 617 αὐτοῦ
1075 547 1151 616 οὔτε
1172 554 1235 616 τοῦ
1255 549 1335 635 βοδς
1357 548 1420 616 αύ-

227 670 231 678 ’
301 657 362 718 τοῦ
390 651 466 718 οὔτε
491 657 552 718 τοῦ
579 649 762 736 ὑποζυγίου
791 651 896 718 αὐτοῦ
924 651 1000 718 οὔτε
1028 651 1091 717 ὅσα
1114 657 1161 739 τῷ
1188 657 1333 738 πλησίον
1355 669 1419 718 σου

303 757 413 820 ἐστίν.
442 753 491 819 ὅτι
511 752 530 840 ἡ
551 758 641 820 πᾶσα
662 755 792 820 τούτων
813 755 977 838 ἐπνδυμία
1000 756 1037 820 ἐκ
1053 757 1115 819 τοῦ
1135 757 1287 838 πονηροῦ
1307 749 1419 837 ύπάρ-

301 879 361 940 χει.
407 853 514 940 όγάρ
541 855 752 941 ἐπνδυμήσας
783 853 844 940 τήν
871 868 1016 940 γυναῖκα
1041 851 1065 939 ή
1090 852 1149 921 τόν
1174 857 1278 920 παίδα
1305 850 1329 939 ή
1357 853 1421 940 τήν

267 967 283 1016 5
302 961 484 1042 παιδίσκην
503 962 565 1022 τοῦ
592 962 736 1043 πλησίον
754 955 818 1043 ήδη
846 955 930 1024 κατά
952 957 1109 1024 διάνοιαν
1129 955 1242 1041 μοιχός
1264 956 1321 1022 καὶ
1342 957 1420 1022 κλέ-

302 1084 384 1144 πτης
406 1061 514 1142 ἐστίν,
538 1059 599 1125 ἐάν
620 1058 663 1144 μή
686 1063 855 1145 μεταγνῷ,
879 1060 934 1124 καί
957 1060 1104 1143 κέκριται
1126 1055 1192 1124 ύπό
1213 1062 1274 1124 τοῦ
1296 1061 1420 1141 κυρίου

299 1161 396 1247 ήμῶν
414 1159 521 1246 Ἰησοῦ
543 1153 758 1248 χριστοῦ,,ςό
782 1159 802 1244 ἡ
827 1161 946 1238 δόξα*
972 1163 1018 1238 είς
1038 1159 1116 1237 τούς
1138 1162 1271 1236 αίοὶνας.
1316 1157 1419 1244 ἀμήν.

301 1266 388 1348 λέγει
404 1262 469 1348 γάρ
485 1265 586 1350 ἐντῷ
603 1261 785 1350 εὐαγγελίῳ
806 1261 1161 1347 ἀνακεφαλαιούμενος
1183 1262 1239 1327 καί
1257 1265 1422 1344 στηρίζων

301 1365 357 1431 καὶ
378 1369 517 1450 πληροῦν
537 1363 599 1450 τήν
619 1365 805 1448 δεκάλογον
826 1368 888 1428 τοῦ
907 1365 1015 1448 νόμου
1037 1363 1086 1430 ότι
1104 1363 1159 1430 Ἐν
1181 1368 1228 1451 τῷ
1250 1364 1341 1450 νόμῳ
1363 1362 1420 1446 γέ-

252 1473 284 1523 10
300 1490 446 1551 γραπται
469 1464 520 1532 Ού
541 1467 743 1551 μοιχεύσεις·
782 1463 846 1548 ἐγοδ
875 1466 913 1530 δὲ
935 1468 1020 1549 λέγω
1041 1463 1123 1551 ύμῖν
1143 1463 1243 1550 (τοῦτ’
1266 1467 1358 1530 ἐστιν
1382 1465 1421 1528 ἐν

301 1571 348 1656 τῷ
369 1569 461 1656 νόμῳ
485 1571 531 1655 τῷ
552 1567 608 1632 διά
627 1568 799 1644 Μωῦσέως
826 1566 890 1652 ἐγοδ
913 1567 1076 1652 ἐλάλησα,
1107 1572 1172 1633 νῦν
1194 1568 1230 1632 δὲ
1249 1562 1266 1632 ό
1285 1568 1298 1654 ΙΙ
1319 1562 1462 1641 αύτόςο

300 1665 382 1755 ύμῖν
404 1672 498 1755 λέγω)
528 1674 602 1746 Πᾶς
629 1669 719 1746 ὅστις
739 1671 896 1753 ἐμβλέψει
919 1671 966 1746 είς
989 1667 1051 1753 τήν
1076 1681 1222 1752 γυναῖκα
1250 1671 1311 1732 τοῦ
1332 1671 1418 1752 πλη-

301 1775 376 1837 σίον
397 1770 481 1855 πρὸς
502 1771 540 1836 τό
562 1773 768 1855 ἐπνθυμήσαι
790 1769 915 1856 αὐτήν,
940 1770 1004 1855 ήδη
1028 1773 1223 1856 ἐμοίχευσεν
1251 1766 1357 1854 αύτήν
1380 1770 1419 1835 ἐν

300 1878 342 1958 τῇ
362 1876 484 1959 καρδίᾳ
503 1871 617 1938 αὐτοῦ.
655 1871 761 1950 οὕτως
788 1875 908 1958 ἐκρίθη
930 1871 1044 1957 μοιχός
1064 1870 1138 1938 κατ’
1155 1876 1291 1938 ἔννοιαν
1311 1868 1416 1937 όέπι-

254 1980 283 2030 15
300 1974 467 2057 θυμήσας.
512 1969 590 2038 ὀδὲ
614 1973 675 2038 τόν
695 1977 782 2058 βοῦν
803 1969 826 2057 ή
848 1973 907 2038 τόν
935 1971 1016 2040 όνον
1041 1975 1253 2058 ἐπνδυμήσας
1274 1971 1338 2039 οῦκ
1363 1973 1418 2040 ἐπί

300 2079 347 2160 τῷ
373 2075 493 2152 κλίναι
513 2074 570 2141 καὶ
598 2075 872 2159 ίδιοποιήσασδαι
898 2071 922 2160 ή
944 2078 1001 2142 καί
1024 2075 1210 2160 ἀπαγαγεῖν
1231 2073 1316 2141 αύτά
1343 2075 1419 2140 δια-

301 2189 445 2253 νοείται;
466 2171 489 2261 ή
509 2173 527 2242 ό
548 2174 608 2242 τόν
625 2175 733 2260 ἀγρόν
752 2176 855 2243 πάλιν
879 2177 1092 2263 ἐπιθυμήσας
1108 2177 1165 2244 καὶ
1189 2181 1361 2260 ἐπιμείνας
1378 2175 1420 2262 τῇ

301 2279 415 2365 τοιᾷδε
432 2279 614 2344 διαδέσει*
634 2279 866 2363 πονηρεύεται,
889 2277 978 2356 ὅπως
993 2276 1229 2364 δρογλυφήσας
1243 2277 1419 2363 ἀναγκάσῃ

300 2379 361 2446 τόν
381 2383 498 2465 ἔχοντα
524 2385 585 2446 τοῦ
605 2377 748 2464 μηδενός
770 2378 960 2446 ἀποδόσθαι
981 2379 1087 2467 αύτῷ;
1118 2379 1202 2466 φησί
1225 2381 1290 2466 γάρ
1312 2376 1419 2446 πουδ
1522 2429 1523 2464 3

250 2489 284 2538 '20
302 2481 475 2567 προφήτης
497 2483 514 2520 *
540 2480 626 2548 Ούαδ
650 2483 687 2546 οί
710 2481 938 2560 συνάπτοντες
966 2485 1077 2548 οίκίαν
1099 2480 1182 2568 πρός
1207 2485 1333 2562 οἰκίαν,
1362 2479 1420 2546 καί

300 2581 407 2669 ἀγρόν
432 2581 515 2666 πρός
536 2581 643 2669 ἀγρὸν
665 2585 865 2668 ἐγγίζοντες,
895 2585 953 2649 ’ίνα
974 2587 1036 2649 τοῦ
1056 2588 1200 2668 πλησίον
1226 2580 1423 2667 ἀφέλωνταί

301 2709 343 2750 τι.
376 2683 430 2750 διό
445 2686 533 2768 λέγει
564 2683 622 2770 Μή
640 2685 791 2770 οἰκήσετε
805 2686 902 2769 μόνοι
926 2685 981 2751 ἐπὶ
998 2690 1057 2770 τῆς
1077 2689 1154 2770 γῆς;
1173 2683 1330 2769 ἠκούσθη
1353 2679 1419 2767 γάρ
1521 2695 1522 2745 1

302 2789 349 2863 είς
368 2785 408 2852 τά
429 2777 498 2852 εἶτα
521 2790 644 2870 κυρίου
668 2786 820 2871 Σαβαάδ
839 2791 952 2852 ταῦτα.
998 2787 1055 2853 καὶ
1077 2786 1225 2872 ἀλλαχοῦ
1241 2783 1419 2851 Ἐπικατά-

302 2913 401 2974 ρατος
423 2885 441 2954 δ
460 2887 648 2972 μετατνδεὶς
669 2886 745 2972 ὅρια
764 2892 826 2954 τοῦ
844 2893 988 2974 πλησίον
1010 2887 1125 2972 αὐτοῦ,
1148 2888 1205 2954 καὶ
1224 2889 1296 2971 ἐρεῖ
1314 2889 1380 2964 πάς
1402 2882 1420 2950 δ

250 2997 283 3046 15
302 2989 380 3068 λαός
396 2995 424 3056 Γ
423 2990 540 3069 ἐνοιτο,
555 2991 696 3074 γένοιτο.
724 2989 777 3055 διό
793 2993 926 3074 φησιν*
939 2986 957 3055 ό
971 2995 1099 3076 Μωσῆς
1116 2987 1168 3056 Ού
1185 2989 1420 3074 μετακινήσεις

302 3093 376 3180 δρια
402 3097 463 3158 τοῦ
490 3093 673 3177 πλησίον*
701 3108 774 3157 σου.
818 3091 874 3156 διά
896 3092 999 3158 ταῦτα
1027 3083 1090 3158 οῦν
1114 3092 1233 3178 φόβοι,
1260 3092 1418 3172 θάνατοι,

301 3195 516 3280 δικαστήρια,
545 3195 722 3260 καταδίκαι
752 3192 842 3278 παρά
869 3197 993 3259 *θεοῦ
1014 3205 1083 3270 τοῖς
1107 3193 1271 3270 τοιούτοις
1293 3194 1418 3258 ἐπακο-

302 3299 477 3361 λουθοῦσι.
508 3307 577 3372 τοῖς
596 3296 634 3361 δὲ
657 3293 818 3380 ὑπηκόοις
837 3300 909 3384 θεῷ
930 3294 1126 3381 ἀνθρώποις
1145 3287 1192 3372 εἷς
1209 3295 1312 3378 νόμος
1331 3297 1421 3384 θεοῦ

368 3486 385 3535 ο
402 3486 492 3536 αιοιι
510 3485 534 3548 ο,
548 3485 588 3536 κι.
607 3485 641 3535 νο
659 3484 664 3552 Ι
687 3485 718 3536 111
735 3487 830 3551 ειιςε,
844 3485 898 3538 1111
912 3487 917 3552 Ι
932 3486 1052 3553 νουσα
1067 3486 1110 3549 11,
1126 3485 1156 3537 ιι
1172 3487 1177 3538 ι
1191 3484 1224 3538 νο
1242 3483 1372 3549 1101111,
1387 3485 1419 3536 ιι

305 3671 315 3720 l
336 3666 385 3721 τόν
402 3668 474 3737 βοῦν
493 3675 521 3720 et
538 3671 554 3719 2
572 3665 604 3722 τό
621 3662 776 3736 ὑποζύγιον
794 3679 805 3721 t
825 3673 829 3737 Ι
849 3674 865 3722 2
883 3672 922 3738 τῷ
937 3689 986 3736 wx,
1006 3671 1057 3725 τοῦ
1074 3679 1085 3723 t
1102 3673 1137 3736 Ιό
1154 3670 1203 3724 καί
1219 3672 1253 3736 >
1270 3675 1295 3733 t,
1315 3676 1418 3736 puncto

303 3761 367 3804 ante
387 3745 438 3804 ἐάν
456 3757 546 3820 posito
565 3759 569 3819 Ι
590 3758 604 3804 7
623 3742 645 3821 ηδ
663 3773 712 3818 wx,
733 3749 776 3807 δι’
793 3745 827 3806 οῦ
845 3763 856 3806 1
876 3757 880 3818 Ι
900 3759 915 3808 1
934 3756 972 3823 τῷ
991 3757 1052 3808 θεοῦ
1069 3757 1102 3823 -Ι-
1121 3763 1131 3806 1
1151 3755 1156 3822 Ι
1182 3756 1211 3806 11
1231 3753 1339 3822 τῷ>λ
1358 3751 1363 3820 Ι
1387 3754 1415 3804 11

301 3833 437 3904 μωιεωςι
453 3840 457 3901 ι
476 3839 504 3888 12
523 3832 650 3905 ἐμοιέψη
664 3857 687 3888 w
702 3837 706 3907 Ι
725 3841 755 3890 14
773 3828 855 3899 οὗτος
874 3845 884 3890 ι
900 3843 903 3904 Ι
921 3842 950 3891 14
970 3834 985 3892 ὁ
1003 3843 1036 3904 >
1055 3842 1084 3904 11
1102 3841 1131 3890 11
1150 3833 1417 3907 5>wx1111m-

302 3919 368 3975 θέσι
387 3941 410 3974 w
430 3924 435 3988 Ι
458 3924 490 3975 18
507 3917 542 3974 ού
559 3923 593 3990 Ι-
611 3931 621 3974 1
636 3930 640 3984 Ι
657 3925 689 3974 19
707 3921 829 3991 φησὶνκ
850 3927 853 3988 Ι
873 3925 907 3976 20
924 3917 1029 3992 ήσαΐας
1047 3923 1080 3990 -Ι-
1096 3921 1248 3988 11101011
1321 3922 1352 3973 21
1374 3913 1417 3988 ἐγ-

301 4008 425 4074 γίζοντες
441 4005 476 4075 >
494 4025 517 4056 w
538 4009 542 4072 Ι
562 4011 593 4058 21
612 3999 770 4074 ἀφέλονται
789 4026 830 4059 wx
849 4010 853 4073 Ι
871 4010 905 4060 22
923 4026 949 4060 τι
961 4008 995 4077 >
1012 4027 1029 4060 x
1050 4011 1054 4072 Ι
1072 4011 1106 4060 22
1123 4003 1268 4077 οἰκήσεται
1286 4025 1319 4074 w,
1338 4001 1418 4073 οίαή-

302 4109 368 4160 σητε
386 4099 397 4144 1
412 4097 417 4151 Ι
431 4094 463 4143 21
482 4089 620 4159 μεταθεὶς
632 4109 656 4142 w
675 4095 679 4156 Ι
700 4095 732 4144 24
750 4094 801 4146 τοῦ
817 4094 938 4160 πλησίον
956 4103 998 4156 xt,
1017 4088 1147 4159 πατέρων
1159 4111 1182 4142 w
1198 4096 1202 4158 Ι
1222 4096 1255 4144 24
1274 4085 1365 4144 αύτοῦ
1382 4089 1418 4158 >

302 4195 318 4228 x
338 4179 343 4243 Ι
362 4179 395 4228 25
413 4173 524 4244 γίνοιτο
543 4178 659 4229 alterum
671 4174 705 4244 >
724 4185 735 4230 1
750 4178 755 4245 Ι
774 4180 807 4228 25
825 4176 897 4243 φησὶ
914 4177 993 4246 1125
1027 4174 1076 4229 καὶ
1093 4177 1128 4245 -Ι-
1145 4185 1157 4228 t
1172 4177 1176 4244 Ι
1195 4179 1229 4228 25
1245 4176 1360 4244 μωδσής
1373 4193 1390 4228 x
1409 4175 1416 4246 Ι

301 4261 335 4312 26
352 4250 372 4312 ἀ
391 4257 493 4313 ἔθεντο
511 4256 542 4313 οἱ
557 4257 677 4327 πατέρες
694 4262 728 4329 Ι,
746 4269 758 4312 1
776 4263 781 4326 Ι
801 4263 835 4312 211
852 4262 935 4313 τοῦτο
954 4261 1031 4328 2127
1050 4261 1101 4314 τοῦ
1117 4263 1150 4329 -Ι-
1168 4271 1179 4312 1
1201 4265 1205 4326 Ι
1224 4264 1266 4313 27.
1279 4261 1313 4312 28
1326 4277 1419 4326 παρα-

302 4347 474 4397 κολουθοῦσι
489 4365 520 4406 w,
534 4339 784 4398 ἐπακολουθοῦσιν
797 4364 813 4396 x
