3160 4976
137 349 185 418 78

136 537 190 596 τής
216 531 289 608 πρός
315 533 466 606 γυναῖκας
492 525 709 604 συντλεύσεως,
735 523 957 606 εὐμεταδότους
981 527 1024 596 εἰς
1047 529 1101 594 τήν
1126 523 1334 610 ἀδελφότητα,

136 637 294 716 πρόσωπον
313 631 484 718 ἀνθρώπου
501 640 542 716 μή
562 631 801 716 λαμβάνοντας,
828 637 1010 714 ουμμύστας
1032 641 1085 694 τοῦ
1107 635 1266 694 ἐπισκόπου
1282 639 1335 695 καί

136 749 383 825 συνεπιμοίχονς,
411 742 677 826 συναθροίζοντας
695 745 727 802 τό
743 741 877 819 πλῆθος,
900 739 1179 824 προθυμουμένους
1195 745 1244 802 τόν
1261 762 1333 802 ποι-

135 855 225 930 μένα.
253 852 281 910 οἱ
302 851 332 910 έκ
356 844 462 921 δεξιῶν
486 848 687 935 πρεσβύτεροι
702 856 922 934 προνοήσονται
939 858 999 910 τῶν
1017 851 1184 910 ἐπισκόπων
1200 853 1276 932 πρός
1299 851 1333 908 τό

134 959 379 1040 θυσιαστήριον,
406 958 490 1029 ὅπως
511 964 660 1039 τιμήσωσι
688 964 739 1020 καί
762 957 969 1039 εντιμηθῶσιν
991 959 1035 1028 εἰς
1059 957 1076 1017 ό
1100 957 1137 1018 ἂν
1163 954 1228 1038 δέη.
1253 959 1281 1016 οἱ
1302 953 1337 1030 ἐξ
1368 974 1382 1011 ε

136 1067 306 1149 ἀριστερῶν
326 1063 526 1148 πρεσβύτεροι
548 1071 769 1152 προνοήσουτοιι
792 1076 846 1127 τοῦ
870 1064 1024 1142 πλήθους,
1049 1066 1132 1134 ὅπως
1149 1063 1331 1146 εὐσταθήση

134 1179 184 1234 καί
202 1170 366 1256 ἀθόρυβον
383 1173 413 1252 ῇ,
432 1183 552 1257 πρῶτον
570 1173 757 1256 μιμαθηκύς
779 1175 809 1232 ἐν
828 1176 911 1255 πάσῇ
929 1176 1082 1256 ῦποταγῇ.
1105 1174 1131 1232 εί
1148 1170 1180 1232 δέ
1197 1193 1243 1242 τις
1259 1192 1331 1232 νου-

133 1282 323 1362 θετούμενος
335 1277 493 1350 αὐθάδως
503 1281 670 1364 ἀποκριθῇ,
684 1285 718 1342 τό
732 1283 761 1342 έν
773 1283 990 1351 ποιήσαντεςοί
1000 1283 1047 1340 έπί
1061 1287 1104 1359 τῷ
1113 1280 1331 1362 θυσιαστηρίῳ

134 1393 185 1450 τόν
202 1397 335 1450 τοιοῦτον
351 1393 430 1468 μετὰ
448 1392 515 1460 ἴσης
532 1386 659 1471 βουλῇς,
682 1389 700 1449 δ
716 1389 789 1469 ἀνῇ
811 1381 907 1466 ἀξιον,
926 1383 1155 1458 δικασάτωσαν,
1172 1389 1221 1448 ἵνα
1238 1395 1287 1448 καί
1305 1390 1333 1448 σι’

133 1497 228 1560 λοιποί
258 1493 356 1583 φόβον
380 1498 492 1578 ἔχωσι,
515 1501 557 1576 μή
583 1515 656 1558 ποτε
681 1498 746 1566 ἑνός
769 1499 932 1580 πρόσωπον
948 1494 1070 1578 λάβωσι
1094 1501 1142 1556 καὶ
1167 1498 1213 1556 έπί
1231 1493 1331 1556 πλεῖον
1354 1514 1381 1550 ιιι

134 1604 258 1685 ντμηθῇ
275 1605 319 1674 ως
335 1607 517 1688 γάγγραινα
533 1610 584 1666 καί
602 1599 938 1689 αι’χμαλωτισθῶσι[ν]
958 1606 986 1666 σι’
1001 1607 1129 1692 πάντες,

81 1708 116 1772 ιδ
138 1711 291 1795 Ἰάκωβος
308 1711 399 1774 εἶπεν·
417 1715 623 1796 ἀναγνώστας
638 1712 887 1775 καθιστανέσθω
904 1720 1026 1796 πρῶτον
1043 1709 1149 1794 δοκιμῇ
1169 1709 1331 1791 δεδοκιμα-

135 1827 262 1900 σμένος,
279 1827 322 1901 μή
339 1819 572 1902 γλωσσοκόπος,
597 1827 639 1900 μή
656 1821 797 1902 μέθυσος
814 1828 891 1901 μήτε
907 1819 1146 1903 γελωτολόγος,,
1171 1822 1331 1903 εὐτροπος,

133 1927 294 2006 εὐπειθής,
313 1931 491 2011 εὐγνώμων,
514 1929 544 1988 έν
569 1939 639 1999 ταῖς
662 1939 822 2012 κυριακαίς
846 1926 986 2000 συνόδοις
1008 1939 1130 2012 πρῶτος
1148 1927 1329 2012 σύνδρομος,

134 2039 276 2112 εὐήκεος,
302 2032 494 2116 διηγητικός,
518 2032 608 2108 εἰδὼς
631 2040 674 2097 ότι
691 2035 908 2118 εὐαγγελιστοῦ
924 2039 1015 2097 τόπον
1033 2037 1209 2120 ἐργάζεται.
1235 2037 1330 2120 όγάρ
1352 2055 1379 2096 ιε

135 2142 290 2223 ἐμπιπλῶν
309 2141 376 2203 ὦτα
391 2148 434 2223 μή
451 2151 593 2212 νοοῦντος
609 2146 769 2230 έγγραφος
786 2143 1010 2226 λογισθήσεται
1025 2150 1113 2228 παρὰ
1130 2152 1173 2220 τῷ
1191 2143 1270 2222 θεῷ.

97 2271 114 2312 κ
135 2251 305 2320 ίίίατθαίος
321 2249 412 2312 εἶπεν·
431 2249 562 2313 διάκονοι
578 2250 864 2315 καθιστὰσθωσαν.
883 2255 1068 2334 γέγραπται·
1086 2253 1133 2312 ε’πί
1147 2259 1237 2334 τριῶν
1251 2270 1330 2312 στα-

134 2361 269 2431 θήσεται
292 2368 353 2420 πᾱν
376 2360 462 2444 ρήμα
484 2359 597 2442 κυρίου.
633 2361 772 2421 εὀτωσαν
798 2357 1047 2440 δεδοκιμασμένοι
1069 2363 1153 2441 πάση
1178 2357 1329 2434 διακονίᾳ,

134 2469 401 2551 μεμαρτυρημένα
413 2470 501 2550 παρὰ
515 2475 569 2528 τοῦ
578 2465 730 2544 πλήθους,
744 2471 927 2549 μονόγαμοι,
941 2471 1143 2553 ττκνστρόφοι,
1160 2472 1328 2552 σώφρονες,

135 2580 281 2652 ἐπιεικεῖς,
303 2579 427 2658 ήσυχοι,
450 2581 492 2656 μή
510 2578 677 2658 γόγγυσοι,
699 2583 741 2656 μή
763 2573 935 2657 δίγλωσσσι,
957 2581 1000 2658 μή
1017 2574 1131 2659 ἀργίλοι
1155 2576 1249 2660 (ἀργή
1266 2578 1328 2657 γὰρ
1349 2595 1378 2632 ευ

136 2682 297 2748 ἀπόλλυσιν
316 2681 417 2766 ἀνδρα
434 2680 609 2768 φρόνιμον),
627 2688 669 2764 μή
685 2687 849 2768 πρόσοιπον
862 2683 1004 2746 πλουσίου
1020 2683 1234 2766 λαμβάνοντες
1249 2679 1329 2762 μηδὲ

134 2796 250 2862 πένητα
266 2788 585 2862 καταδυναστεῦοντες
601 2789 679 2872 μηδέ
697 2793 766 2868 οἴνῳ
780 2789 880 2869 πολλῷ
898 2795 1062 2876 χρώμενοι,
1082 2789 1245 2865 εὐσκνλτοι,
1268 2799 1329 2850 τῶν

133 2904 267 2984 κρυφίων
285 2901 383 2982 έργων
400 2897 485 2960 καλοί
502 2904 726 2982 προτρεπτικοί,
744 2901 1012 2981 έπαναγκάζοντες
1032 2906 1103 2970 τούς
1120 2901 1251 2984 ἔχοντας
1269 2905 1329 2958 τῶν

135 3006 277 3092 ἀδελφῶν
294 3005 409 3068 ἀπλοῦν
427 3011 486 3078 τάς
502 3015 630 3090 χεῖρας,
646 3012 696 3068 καί
713 3009 798 3092 αὐτοὶ
816 3006 1031 3088 εὐμετάδοτοι,
1047 3011 1226 3080 κοινωνικοί,
1244 3007 1328 3084 πάοη

134 3128 205 3196 τιμῇ
221 3117 271 3176 καί
288 3117 416 3198 ἐντραπῇ
433 3120 484 3176 καί
501 3113 590 3201 φόβῳ
603 3117 765 3196 τιμώμενοι
782 3118 839 3176 ὑπό
853 3125 905 3178 τοῦ
921 3115 1075 3190 πλήθους,
1093 3113 1243 3196 ἐπιμελῶς
1255 3132 1329 3196 προ·
1349 3132 1377 3170 ευ

135 3227 278 3305 σέχοντες
302 3233 365 3292 τοῖς
385 3225 529 3294 ἀτάκτως
549 3233 783 3306 περιπατοῦσιν,
807 3226 860 3294 οὓς
884 3228 938 3304 μὲν
958 3223 1194 3299 νουθετοῦντες,
1220 3225 1273 3290 οὐς
1296 3218 1329 3280 δὲ

135 3333 342 3409 ἐπιτιμῶντες,
361 3336 432 3401 τούς
449 3328 481 3391 δε·
497 3339 769 3415 καταφρονοῦντας
786 3327 897 3402 τελέως
913 3334 1197 3416 παραπιμπόμενοι,
1215 3328 1328 3400 είδότες

135 3441 178 3500 ὅτι
197 3440 224 3498 οἱ
240 3437 390 3521 ἀντίλογοι
406 3445 456 3500 καί
473 3444 704 3524 καταφρονηταί
721 3445 771 3498 καί
788 3437 917 3522 λοίδοροι
933 3447 1050 3522 χριστῷ
1069 3434 1286 3512 ἀντετάξαντο.

76 3568 115 3607 κο.
135 3547 249 3632 Κηφᾶς
265 3544 355 3606 εἶπεν*
373 3551 471 3629 χήραι
487 3545 793 3608 καθιστανέσθωσαν
810 3557 908 3630 τρεῖς,
927 3549 961 3607 αἰ
977 3545 1029 3608 δύο
1046 3551 1274 3630 προσμένουσαι
1292 3555 1328 3624 τῇ

134 3666 310 3738 προσευχῇ,
339 3659 405 3737 περί
428 3655 552 3714 πάντων
577 3649 671 3738 [τῶν]
696 3657 725 3714 έν
751 3659 842 3737 πείρᾳ
865 3661 916 3716 καί
941 3659 1017 3738 πρὸς
1039 3658 1098 3725 τάς
1121 3651 1329 3732 ἀποκαλύψεις
1350 3669 1378 3708 σο

134 3767 201 3846 περὶ
223 3759 257 3822 οὐ
280 3763 316 3822 ἀν
335 3759 407 3843 δι’ῇ,
432 3766 489 3839 μία
507 3757 539 3822 δέ
555 3760 789 3845 παρεδρεύουσα
805 3773 875 3831 ταῖς
891 3764 921 3821 έν
940 3773 1007 3834 ταῖς
1024 3765 1124 3834 νόσοις
1141 3755 1328 3844 πειραζομέ-

133 3889 202 3944 ναις
219 3867 394 3940 εὐδιάκονος
409 3870 446 3949 ῇ,
463 3874 607 3945 νηπτική,
634 3873 673 3930 τά
692 3867 799 3932 δέοντα
817 3868 1057 3951 ἀπαγγέλλουσα
1075 3879 1139 3940 τοῖς
1156 3865 1328 3952 πρεσβυτέ-

133 3998 209 4061 ροις,
226 3984 268 4060 μή
282 3977 517 4063 αἰσχροκερδής,
535 3985 576 4058 μή
591 3979 660 4050 οἴνῳ
672 3974 772 4054 πολλῷ
786 3982 996 4060 προσέχουσα,
1015 3979 1064 4038 ἵνα
1082 3975 1207 4048 δύνηται
1224 3983 1328 4059 νήφειν

133 4091 210 4169 πρὸς
223 4091 281 4155 τάς
293 4091 468 4170 νυκτερινὰς
481 4090 650 4170 ὑπηρεσίας
667 4090 717 4144 καί
733 4089 760 4144 εἴ
774 4085 841 4144 τινα
858 4087 948 4168 ἕτερα
965 4083 1104 4166 βούλοιτο
1121 4081 1327 4167 έργαγαθείν.

133 4199 182 4254 καί
201 4197 262 4275 γὰρ
279 4202 380 4254 ταῦτα
396 4203 507 4276 πρῶτα
523 4197 625 4276 κυρίου
641 4193 890 4275 θησαυρίσματά
907 4194 977 4252 εἰσιν
996 4193 1124 4275 ἀγαθά.
1348 4207 1375 4246 ³⁵

215 4335 227 4372 6
242 4331 350 4384 εὐπαθὴς
365 4329 380 4396 ῇ
396 4334 465 4374 codex
476 4333 505 4385 (?)
515 4337 537 4372 εί
551 4333 683 4374 Βίείοίίίυε.
700 4334 772 4374 eidem
786 4345 837 4373 mox
850 4331 957 4386 ἀθόρυβος
971 4339 994 4373 εί
1008 4329 1152 4386 μεμαθηκὼς.
1162 4353 1187 4362 -·
1204 4333 1215 4371 ἵ
1231 4327 1267 4371 do.
1284 4329 1326 4381 τίη.

134 4427 159 4436 -
178 4403 257 4446 ῦδάν
272 4404 291 4443 τί
305 4406 388 4454 codex,
404 4403 415 4446 ό
431 4403 455 4448 ἀν
470 4405 506 4458 εἴη
521 4407 653 4448 Βίσίσίίίιιι.
669 4429 695 4436 -
712 4408 736 4446 10
751 4403 832 4461 έχουσι,
848 4429 872 4437 -
891 4409 915 4447 1³
930 4405 1080 4462 γελοτολύγος.
1096 4427 1123 4434 -
1139 4407 1164 4444 ίό
1180 4401 1327 4448 εὐπειθεῖς.-

136 4479 159 4518 ίί
175 4477 228 4518 (ίοτ.
240 4479 262 4518 ΙΙ
279 4479 317 4518 ιίίί
334 4481 342 4516 1
365 4479 431 4518 Dent.
449 4479 494 4516 xvii
512 4477 524 4517 6
541 4479 578 4518 xlx
592 4480 605 4518 ό
625 4479 702 4518 Μοίίίι.
718 4481 773 4520 xviii
792 4481 815 4520 ίίι
833 4479 885 4518 ίοίι.
899 4481 938 4518 viii
953 4479 976 4518 ίί
993 4479 1090 4518 Τίιιισίίι.
1102 4479 1113 4518 Ι
1127 4489 1140 4516 ν
1152 4479 1184 4517 19.
1201 4499 1226 4506 ·-
1241 4477 1267 4516 25
1283 4487 1327 4528 τιμ.

135 4549 201 4588 ἀπίιτ
226 4571 250 4578 -
266 4551 291 4586 3³
307 4545 403 4588 δύναται.
424 4570 442 4576 -
460 4547 486 4584 a*
502 4547 521 4586 τί
536 4560 567 4592 τις
582 4545 645 4601 ἀτέρα
660 4552 709 4588 eod.
725 4555 746 4590 εί
762 4551 825 4590 Βίτλ.
