3120 4980
120 309 170 382 10

81 483 103 558 ζ
118 483 325 566 Ὑποδιακόνῳ
342 488 394 550 οὐκ
410 483 478 562 ἐξῆν
492 487 639 575 ἀφορίσαι
654 490 721 550 οὐτε
733 493 793 570 μὴν
807 490 993 572 άναγνώστη
1004 490 1024 559 ἦ
1037 485 1138 571 ψάλτρ
1152 483 1221 550 οὐδέ
1233 484 1305 550 δια-

114 599 253 677 κονίσση,
277 597 310 657 οὐ
332 592 484 679 κληρικόν,
510 597 544 658 οὐ
566 592 686 678 λαῖκόν.Ι
701 597 849 680 ὑπηρέται
877 599 939 682 γάρ
962 597 1017 657 εἱσι
1041 592 1199 658 διακόνων.

75 721 95 787 ρ
252 701 304 766 18.
320 701 393 788 Περί
410 705 565 789 ἀπαρχῶν
582 709 633 766 καί
649 701 795 766 δεκατῶν.

118 807 156 871 ‘0
175 812 269 882 αὐτός
287 810 389 893 Σίμων
414 812 430 873 ό
453 820 620 883 καναναῖος
645 810 850 895 διατάσσομαι
875 819 979 876 πᾶσαν
999 814 1148 897 ἀπαρχὴν
1172 827 1302 895 προσκο-

114 918 262 999 μίζεσθαι
286 925 331 998 τῷ
355 923 507 1000 έπισκόιιῳ
529 927 579 984 καί
600 929 665 992 τοῖς
686 918 904 1005 πρεσβυτέροις
928 921 979 983 καί
1000 928 1065 991 τοῖς
1088 918 1239 989 διακόνοις
1261 919 1304 988 είς
1337 937 1352 977 ο

114 1024 281 1114 διατροφὴν
298 1030 411 1099 αὐτῶν,
434 1037 539 1092 πᾶσαν
557 1026 590 1091 δέ
606 1026 733 1103 δεκάτην
751 1029 982 1117 προσφέρεσθαι
999 1031 1041 1100 είς
1059 1025 1225 1115 διατροφὴν
1242 1035 1302 1088 τῶν

103 1134 225 1197 λοιπῶν
248 1134 393 1220 κληρικῶν
416 1140 466 1199 καί
490 1146 551 1199 τῶν
567 1136 737 1221 παρθένων
753 1142 804 1200 καῖ
820 1145 880 1198 τῶν
897 1145 1004 1223 χηρῶν
1024 1139 1076 1199 καί
1091 1146 1153 1199 τῶν
1170 1138 1200 1198 έν
1217 1140 1304 1214 πενίᾳ

113 1237 348 1325 ἐξεταζομένων.
388 1245 423 1304 αἱ
451 1247 513 1329 γάρ
546 1245 691 1330 ἀπαρχαί
721 1254 783 1308 τῶν
816 1248 917 1330 ἱερέων
950 1247 1006 1307 είσί
1033 1249 1083 1308 καί
1109 1254 1171 1308 τῶν
1199 1247 1304 1316 αὐτοῖς

112 1353 352 1436 ὑπηρετούντων.

249 1457 301 1522 19.
318 1458 391 1544 Περί
409 1459 564 1546 εὐλογιῶν.
822 1437 829 1445 ’
1321 1477 1351 1518 ιο

26 1649 27 1652 ¹
72 1557 97 1626 ὐ
114 1568 182 1638 Τάς
197 1573 435 1652 περισσευούσας
451 1571 481 1631 έν
497 1577 561 1642 τοῖς
576 1576 754 1656 μυστηρίοις
770 1566 911 1654 εὐλογίας
927 1573 1008 1630 κατὰ
1024 1571 1151 1653 γνώμην
1166 1575 1221 1631 τοῦ
1235 1572 1302 1630 ἐπι-

112 1677 224 1738 σκόπου
239 1680 258 1748 ἢ
275 1685 335 1739 τῶν
358 1675 574 1763 πρεσβυτέρων
598 1681 626 1740 οό
648 1675 780 1741 διάκονοι
804 1676 1032 1761 διανεμέτωσαν
1056 1683 1100 1757 τῷ
1123 1675 1235 1763 κλήρῳ,
1258 1683 1302 1750 τῷ

112 1785 263 1863 έπισκόπφ
279 1789 356 1870 μέρη
373 1789 523 1870 τέσσαρα,
542 1792 586 1866 τῷ
603 1784 802 1872 πρεσβυτέρῳ
818 1790 896 1871 μέρη
913 1791 995 1871 τρία,
1014 1792 1059 1864 τῷ
1077 1783 1206 1864 διακόνῳ
1223 1789 1301 1869 μέρη

112 1886 176 1962 δίιο,
201 1897 265 1961 τοῖς
282 1886 314 1951 δέ
331 1889 446 1971 ἄλλοις,
473 1888 720 1963 όποδιακόνοιςῆ
737 1894 956 1976 ἀναγνώσταις
971 1895 990 1962 ἢ
1007 1889 1144 1972 ψάλταις
1159 1893 1177 1962 ἦ
1195 1887 1301 1953 διακο-

110 2004 240 2077 νίσσαις,
257 2002 351 2082 μέρος
372 1999 414 2060 ἕν.
440 2007 530 2061 τοῦτο
546 2003 607 2083 γάρ
625 1997 713 2061 καλόν
730 2005 781 2062 καί
803 1997 969 2062 ἀπόδεκτον
994 2001 1120 2062 ένώπιον
1142 2007 1196 2061 τοῦ
1211 1999 1302 2077 θεοῦ,
1321 2017 1349 2060 ιο

110 2106 236 2168 ἕκαστον
252 2106 408 2188 τιμᾶσθαι
421 2109 504 2169 κατὰ
519 2113 572 2178 τὴν
589 2109 699 2170 ἑαυτοῦ
712 2103 808 2182 τάξιν.
827 2112 920 2193 ἡγὰρ
933 2106 1072 2179 ἐκκλησία
1090 2110 1142 2170 οὐκ
1157 2102 1301 2188 ἀταξίας,

111 2211 178 2278 ἀλλ’
195 2207 338 2289 εὐταξίας
355 2214 417 2276 έστί
433 2211 628 2279 διδασκαλία.

246 2321 300 2385 20.
317 2320 441 2385 Παύλου
453 2331 507 2384 τοῦ
518 2324 695 2408 ἁγιωτάτου
712 2319 866 2399 διατάξεις
883 2328 1018 2388 κανόνων
1038 2323 1298 2394 έκκλησιαστικών.

202 2431 241 2493 Οί
255 2434 388 2516 πρώτως
408 2435 583 2516 προσιόντες
598 2440 641 2512 τῷ
658 2437 816 2518 μυστηρίῳ
833 2443 889 2504 τῆς
905 2430 1066 2517 εὐσεβείας
1082 2431 1136 2496 διοί
1151 2443 1211 2495 τῶν
1229 2430 1299 2495 διοι-
1360 2441 1362 2446 ’

109 2542 203 2601 κόνων
236 2539 508 2624 προσαγέσθωσαν
533 2548 577 2620 τῷ
607 2542 757 2620 έπισκόπῳ
780 2545 799 2612 ἢ
822 2548 887 2612 τοῖς
913 2537 1133 2626 πρεσβυτέροις
1162 2542 1212 2604 καί
1242 2544 1301 2611 τὰς
1318 2558 1347 2598 ιο

108 2648 211 2719 αἰτίας
233 2642 506 2728 έξεταζέσθωσαν,
529 2647 564 2710 οὐ
579 2652 671 2734 χάριν
688 2647 865 2734 προσῆλθον
883 2655 927 2729 τῷ
944 2655 1077 2734 κυριακῷ
1092 2649 1194 2733 λόγῳ·
1220 2650 1249 2709 σί
1266 2645 1300 2709 δέ

108 2759 364 2840 προσενέγκαντες
379 2761 642 2842 μαρτυρείτωσαν,
672 2754 903 2842 άκριβώσαντες
930 2761 970 2818 τά
994 2753 1063 2820 κατ’
1081 2759 1205 2829 αὐτοός.
1233 2749 1268 2829 ἐξ
1280 2788 1297 2802 -

108 2863 258 2938 ταζέσθω
281 2860 314 2926 δέ
337 2865 439 2926 αὐτῶν
463 2861 603 2949 ἀκριβῶς
625 2869 676 2928 καί
699 2867 715 2927 ό
736 2869 848 2951 τρόπος
871 2868 921 2928 καὶ
944 2866 960 2929 ό
983 2862 1055 2949 βίος
1078 2870 1129 2927 κοιῖ
1150 2867 1176 2926 ει“
1200 2862 1300 2926 δοῦλοί

107 2974 179 3033 εἰσιν
195 2970 393 3058 ἢέλεύθεροι.
418 2977 468 3034 καί
484 2976 537 3036 ἐάν
554 2971 574 3053 ᾖ
596 2993 642 3044 τις
664 2970 787 3051 δοῦλος,
811 2971 988 3057 έρωτοίσθω
1005 2973 1022 3034 ό
1039 2969 1189 3046 δεσπότης
1205 2973 1299 3034 αὐτοῦ

108 3081 134 3141 εί
152 3091 304 3167 μαρτυρεῖ
328 3083 431 3160 αὐτῷ·
456 3083 481 3143 εί
505 3079 538 3143 δέ
561 3088 621 3164 μή,
645 3078 898 3164 ἀποβαλλέσθω,
922 3081 984 3153 ἕως
1014 3081 1051 3144 άν
1080 3075 1165 3154 ἄξιον
1190 3081 1297 3142 έαυτόν
1316 3099 1345 3142 νο

108 3183 237 3271 ἐπιδείξῃ
264 3195 308 3267 τῷ
334 3186 481 3272 δεσπότῃ·
508 3191 534 3251 εί
558 3186 591 3252 δέ
613 3197 766 3274 μαρτυρεῖ
783 3192 887 3268 αὐτῷ,
915 3185 1154 3274 προσδεχέσθω.
1187 3187 1298 3250 Ἐθνι-

107 3304 160 3358 κοῦ
176 3297 292 3368 οἰκέτης
304 3294 502 3360 διδασκέσθω
519 3299 687 3383 εὐαρεστεῖν
703 3305 747 3377 τῷ
765 3294 912 3380 δεσπότῃ,
937 3297 987 3360 ίνα
1008 3302 1051 3380 μὴ
1074 3294 1299 3382 βλασφημῆται

107 3405 123 3466 ό
146 3401 247 3489 λόγος.
280 3404 307 3465 εί
329 3409 384 3486 μέν
406 3405 457 3468 οὐν
480 3405 544 3490 έχει
566 3407 581 3468 ό
606 3408 683 3490 ἀνὴρ
701 3413 834 3490 γυναῖκα
855 3409 1003 3488 ἢήγυνὴ
1020 3401 1138 3488 ἄνδρα,
1156 3401 1298 3466 διδασκέ-

107 3511 239 3576 σθωσαν
254 3512 418 3597 ἀρκεῖσθαι
435 3514 567 3585 ἑαυτοῖς·
586 3515 612 3574 εἰ
624 3511 657 3576 δέ
673 3513 793 3596 ἄγαμοί
809 3515 879 3576 είσιι
895 3513 1146 3596 μανθανέτωσαν
1163 3517 1205 3594 μὴ
1219 3532 1296 3597 πορ-

106 3625 209 3702 νεύειν,
219 3618 297 3685 ἀλλὰ
308 3627 418 3706 γαμεῖν
430 3624 574 3703 ἐννόμως.
585 3624 611 3684 εί
622 3618 655 3684 δέ
667 3624 683 3684 ό
696 3619 845 3693 δεσπότης
856 3624 963 3701 αὐτοῦ,
977 3625 1083 3694 πιστός
1096 3622 1137 3683 ὢν
1150 3625 1201 3682 καί
1210 3618 1300 3691 είδώς
1318 3639 1346 3682 ω

107 3731 152 3792 ὅτι
163 3735 311 3815 πορνεύιι,
322 3731 356 3793 οὐ
369 3727 490 3792 δίδωσιν
504 3732 589 3808 αὐτῷ
602 3733 765 3813 γυναῖκαῆ
778 3741 815 3812 τῇ
828 3737 948 3815 γυναικί
958 3729 1072 3818 ἄνδρας
1084 3728 1297 3817 άφοριζέσθω.

188 3894 200 3932 1
223 3887 303 3941 έξιστιν
322 3889 372 3932 OV.
391 3909 419 3920 -
442 3889 454 3928 2
475 3887 528 3929 ιίσιν
549 3889 598 3931 OV.
613 3909 640 3919 ·-
661 3890 708 3929 ῖκ.
723 3901 744 3931 τ.
758 3902 781 3944 χ.
796 3901 822 3930 ιν
836 3889 885 3932 OV.
900 3911 926 3920 -
948 3891 960 3930 9
982 3885 1186 3943 έξυπηριτουριίνων
1208 3887 1258 3930 OV.
1273 3909 1299 3918 -

106 3966 141 4006 18.
153 3965 179 4004 u
192 3975 227 4018 πρ.
239 3975 261 4016 μ.
272 3960 311 4004 δὺο
326 3962 374 4004 OV.
389 3960 405 4012 ⁸)
414 3960 446 4016 τῷ
461 3958 517 4001 διατι.
534 3958 598 4016 μέρος
613 3956 634 4002 όν
650 3963 776 4014 Fabricius,
792 3963 831 4012 φοί
841 3963 975 4014 adscripta:
990 3961 1006 4012 ⁶)
1018 3965 1041 4002 ι’νι
1049 3965 1148 4012 aarum
1157 3965 1241 4002 σοιίισώ
1251 3963 1298 4003 1³.

107 4036 191 4090 [utrum
206 4035 225 4076 0
239 4046 267 4076 ευ
282 4035 334 4090 Ἡ]
358 4037 431 4075 macto
449 4045 480 4074 σιν
498 4037 546 4075 alia
569 4047 644 4076 ικαιιυ.
664 4055 690 4064 -
716 4036 739 4074 17
764 4036 865 4084 nequitur
886 4035 910 4074 ίιι
933 4033 1060 4073 manmena!
1084 4035 1180 4084 spatium
1204 4044 1299 4075 vacuum

106 4109 225 4150 δυοδεοίιιι
238 4117 351 4148 versuum.
368 4127 393 4136 -
409 4107 434 4147 18
449 4100 502 4161 Περί
512 4104 653 4160 χιιροτονιών
674 4107 710 4147 καί
721 4103 803 4161 έτίρων
819 4102 1005 4159 ένιιιληοιαστιιιῶν
1019 4103 1181 4146 καταστάντων.
1199 4105 1297 4158 [καταττ.

105 4192 132 4222 τυ
141 4179 179 4232 Vl.
196 4175 282 4222 Παύλου
293 4177 331 4220 τοῦ
341 4173 404 4232 ἁγίου
418 4173 540 4219 ἀποστόλου
550 4175 656 4232 διατάξεις
665 4180 715 4234 περί
723 4177 822 4221 κανόνων
832 4174 1026 4232 ένιληοιαοτικιῖιν.
1043 4171 1113 4234 Κᾴγύν
1123 4172 1209 4224 Παῦλος
1225 4175 1237 4219 ό
1252 4175 1298 4219 τῶν

106 4249 247 4294 Ἀποστόλων
257 4249 369 4307 έλόχιττος
377 4247 429 4292 τάδε
436 4247 580 4305 διατάσσομαι
588 4247 638 4305 ὑμῖν
647 4251 694 4296 τοῖς
702 4247 854 4307 πρεσβυτέροις
862 4250 899 4290 καί
907 4247 1015 4294 διακόνοις
1024 4246 1156 4301 [έτισεόκοις
1164 4251 1201 4292 καί
1208 4249 1298 4305 πρεσβω

105 4321 176 4380 τέροιε
183 4323 221 4376 V.]
232 4325 280 4378 περί
290 4321 395 4364 κανόνων·
404 4321 453 4365 OV.
461 4344 489 4354 -
505 4325 536 4366 19.
548 4325 574 4366 έύ
584 4321 604 4364 δ.
614 4320 660 4364 τοῖιν
671 4319 774 4365 Κανόνων
785 4321 834 4364 OV.
849 4341 876 4351 -
885 4323 910 4362 21
926 4317 950 4362 σί
958 4333 982 4362 τι
993 4319 1043 4364 OV.
1054 4345 1081 4354 -
1094 4324 1121 4364 m
1137 4335 1200 4377 μαρτ.
1216 4320 1298 4370 αὐτοῖς,

108 4394 129 4437 ό.
146 4395 194 4439 OV.
210 4417 237 4426 —
256 4397 284 4438 24
301 4399 353 4448 ροσε
371 4392 447 4439 δοῦλος
462 4395 502 4437 OV
517 4396 613 4436 addunt:
635 4394 655 4436 ιέ
669 4393 707 4448 μέν
720 4393 796 4436 πιστοῦ
812 4389 889 4438 δοῦλος
904 4389 996 4449 ὑπάρχῃ.
1012 4413 1039 4424 -
1053 4391 1127 4450 κόριος
1141 4405 1182 4446 pro
1192 4391 1298 4448 δεσπότης

107 4469 156 4510 OV.
172 4489 199 4498 -
217 4468 245 4512 25
263 4479 304 4520 pro
325 4465 345 4508 εί
363 4469 433 4508 altero
444 4467 485 4509 OV
495 4464 539 4508 έάν.
557 4469 629 4508 eidem
648 4464 724 4508 ἑαυτόν
743 4463 808 4520 ἄξιον,
825 4487 852 4498 -
867 4467 903 4506 2⁶.
917 4467 943 4506 δέ
964 4463 985 4506 εί
996 4463 1019 4506 δέ
1030 4463 1196 4520 flmmeum.
1207 4467 1256 4508 OV.
1272 4487 1299 4498 -

106 4541 132 4582 22
147 4541 192 4580 Τίί.
209 4541 260 4580 ίίό.
272 4559 299 4570 -
313 4535 522 4591 ὐῧόὰνὴρινῡῖί.
534 4557 561 4568 -
580 4540 608 4580 29
617 4535 677 4578 έαυτ.
688 4537 724 4578 καί
735 4539 866 4594 σωφρονεῖν.
881 4535 902 4580 εί
911 4537 959 4580 0V.
