2998 4972
170 399 177 416 ’
289 425 352 488 τοι
593 423 596 428 ·
1313 419 1407 482 ιιι-ι

292 609 367 673 ρος,
393 587 451 652 ἴνα
480 583 525 669 μή
546 582 622 650 ἀντὶ
643 587 730 650 θεοῦ
752 582 940 670 δονλεὺσης
961 587 1007 670 τῷ
1034 586 1188 671 μαμωνᾷ.
1237 581 1281 668 μή
1311 588 1409 668 γίνου

291 688 478 770 κενόδοξος,
500 687 584 771 μηδὲ
602 687 782 772 μετέωρος,
812 687 898 773 μηδὲ
923 679 1150 770 ὑψηλόφριτν,
1183 684 1222 751 ἐκ
1243 684 1310 770 γὺρ
1330 687 1409 752 τοὺ-

291 813 359 856 των
376 785 536 854 ἁπάντων
558 787 731 868 ὑλαζονίαι
755 792 958 872 γεννῶνται·
982 786 1152 872 μνήσθητι
1174 791 1235 853 τοῦ
1260 789 1410 866 εἰπόντος

291 891 415 976 Κύριε,
439 887 500 974 οὑχ
521 887 646 975 ὑψσίθη
667 886 688 975 ή
712 891 834 975 καρδία
855 913 922 974 μου
947 886 1028 956 οὑδὲ
1055 888 1351 974 ἐμετεωρίσθησαν
1378 891 1413 954 ολ

257 993 469 1078 σόφθαλμοί
488 1015 555 1075 μου
583 989 663 1058 οὐδὲ
692 991 886 1077 ἐπορεύθην
909 992 948 1057 ἐν
971 990 1129 1075 μεγάλοις
1155 992 1235 1056 οὑδὲ
1262 989 1302 1056 ἐν
1320 998 1410 1057 θαυ-

291 1099 423 1181 μασίοις
442 1086 528 1177 ὑπὲρ
552 1092 626 1177 ἐμέ,
654 1095 686 1158 εί
704 1091 748 1177 μή
771 1092 1092 1178 ἐταπεινοφρόνουν.
1117 1107 1123 1171 1
1147 1089 1192 1176 μή
1211 1095 1312 1176 γίνου
1332 1092 1445 1176 γόγ-Ἰ

291 1213 408 1281 γυσος,
430 1194 594 1280 μνησθείς
615 1197 673 1280 τῆς
693 1197 853 1280 τιμωρίας
869 1184 910 1279 ής
936 1190 1128 1278 ὑπέστησαν
1156 1193 1194 1258 οί
1218 1193 1410 1278 γογγὺσαν-

292 1321 345 1375 τες
373 1296 457 1364 κατὰ
486 1297 647 1374 Μωσέως.
691 1295 735 1380 μή
773 1299 831 1362 ἐσο
865 1291 1019 1380 αὑθὺδης
1051 1295 1134 1380 μηδὲ
1169 1295 1410 1380 πονηρόφρων,

291 1399 375 1484 μηδὲ
393 1398 657 1484 σκληροκόρδιος
676 1398 760 1482 μηδὲ
776 1396 939 1482 θυμιόδης
957 1398 1040 1481 μηδὲ
1061 1397 1283 1482 μικρόψυχος·
1308 1401 1412 1462 ταῦτα

244 1519 275 1571 10
292 1499 356 1586 γὰρ
369 1499 478 1566 πάντα
494 1497 610 1584 όδηγεῑ
620 1497 703 1585 πρός
716 1502 946 1584 βλασφημίαν.
971 1505 1042 1564 ίσθι
1052 1499 1089 1565 δὲ
1100 1501 1206 1582 πρᾶος
1218 1494 1264 1575 σός
1275 1501 1292 1538 *
1303 1503 1412 1564 Μωϋ-

293 1600 547 1687 σῆςκαΙΔσιβίδ,
562 1599 634 1667 ἐπεὶ
644 1601 681 1666 οί
687 1612 805 1687 πραεῖς
817 1600 1110 1685 κληρονομήσουσι
1123 1599 1186 1684 τήν
1193 1603 1269 1684 γῆν.
1289 1608 1295 1678 Ι
1314 1604 1414 1684 γίνου
1428 1611 1444 1672 8

292 1703 527 1788 μακρόθυμος·
559 1699 663 1788 όγᾶρ
692 1706 843 1778 τοιοῦτος
870 1700 975 1778 πολὺς
1001 1702 1040 1768 ἐν
1067 1700 1249 1787 φρονήσει,
1274 1700 1413 1784 ἐπείπερ

293 1802 311 1871 ό
326 1803 525 1890 όλιγόψυχος
540 1802 676 1890 ίσχυρὺς
690 1802 821 1890 ἄφρων.
861 1806 961 1886 γίνου
982 1802 1149 1888 ἐλεήμων·
1173 1801 1334 1888 μακάριοι
1347 1803 1414 1887 γὰρ

294 1908 369 1972 Ι*οἱ
387 1905 575 1990 ἐλεήμονες,
599 1905 648 1972 ότι
669 1903 764 1972 αὐτοὶ
788 1904 1040 1990 ἐλεηθήσονται.
1085 1907 1142 1971 ἐσο
1164 1901 1305 1987 ἄκακος,
1328 1904 1414 1988 ἥσυ-

245 2027 277 2078 15
294 2029 368 2091 χος,
396 2004 541 2090 ἀγαθός,
577 2009 707 2093 τρέμων
733 2004 812 2084 τοῦς
838 2004 961 2091 λόγους
988 2010 1050 2072 τοῦ
1075 2009 1171 2072 θεοῦ.
1228 2005 1289 2091 οὑχ
1319 2007 1415 2084 ὑψω-

295 2125 364 2185 σεις
385 2104 530 2174 σεαυτόν
556 2103 601 2184 οἱς
620 2102 639 2171 ό
658 2113 858 2191 Φαρισαῖος·
891 2105 941 2174 ότι
972 2111 1038 2184 πᾶς
1058 2104 1188 2186 ὁὺψων
1211 2106 1334 2174 ἑαυτὸν
1354 2133 1415 2173 τα-

294 2208 551 2294 πεινωθήσεται,
574 2206 687 2274 καὶτὸ
707 2204 839 2294 ὑψηλόν
859 2208 899 2275 ἐν
920 2207 1117 2293 ἆνθριτποις
1130 2209 1304 2294 βδέλυγμα
1323 2209 1415 2294 παρὰ

295 2313 312 2354 *
339 2318 421 2378 θει.
468 2307 510 2377 οὑ
534 2309 653 2388 διόσεις
681 2315 722 2396 τῇ
750 2313 842 2396 ψυχή
870 2327 934 2376 σου
961 2311 1107 2394 θράσος,
1141 2309 1191 2376 ὅτι
1213 2309 1302 2396 ανήρ
1325 2318 1414 2396 θρα-

295 2413 357 2490 σὺς
385 2412 576 2496 ἐμπεσεῖται
604 2414 651 2490 είς
677 2411 775 2478 κακοί.
818 2409 859 2477 οὑ
881 2413 1100 2498 συμπορεὺση
1128 2412 1210 2497 μετὰ
1237 2411 1412 2498 ἀφρόνων,

245 2535 278 2586 20
296 2512 381 2580 ἀλλὰ
401 2513 483 2598 μετὰ
499 2513 618 2599 σοφοῖν
633 2512 691 2580 καὶ
708 2514 864 2580 δικαίων·
889 2515 907 2553 *
929 2512 970 2578 τοὶ
990 2515 1223 2598 συμβαίνοντιί
1244 2531 1300 2581 σοι
1321 2515 1412 2598 πάθη

297 2613 444 2700 εὐμενεῖς
464 2615 565 2698 δέχου
579 2615 636 2681 καὶ
652 2612 711 2692 τός
725 2614 935 2698 περιστάσεις
950 2613 1097 2698 ὑλὺπιτς,
1118 2614 1214 2692 είδοὺς
1229 2614 1279 2682 ὅτι
1294 2616 1412 2699 μισθός

296 2733 350 2782 σοι
375 2715 465 2800 παρὰ
486 2715 572 2781 θεοῦ
590 2716 774 2802 δοθήσεται
793 2713 838 2796 ὑς
859 2740 905 2782 ιιι
923 2713 996 2802 Ἰοδβ
1017 2715 1141 2804 καὶτῷ
1161 2717 1313 2802 Λαζάρου.
1334 2728 1339 2796 Ι
1357 2714 1441 2786 τόνδ

296 2817 464 2884 λαλοῦντοί
481 2834 535 2884 σοι
549 2814 726 2902 τὸνλόγον
740 2823 900 2885 τοῦθεοῦ
915 2818 1078 2903 δοξόσεις,
1098 2818 1281 2904 μνησθήση
1298 2818 1335 2884 δὲ
1351 2815 1409 2883 αὑ

295 2923 357 2987 τοῦ
376 2921 501 3005 ἡμέρας
522 2919 580 2986 καὶ
600 2919 733 3004 νυκτός,
754 2919 902 3005 τιμήσεις
923 2919 961 2986 δέ
982 2918 1087 2986 αὑτόν
1108 2918 1169 3006 οὑχ
1190 2916 1236 2998 οδς
1255 2921 1410 3006 γενέσεως

364 3061 492 3112 4ΡεαΙιυ
511 3059 574 3124 131,
596 3058 653 3110 1.2
677 3061 681 3123 Ι
707 3059 737 3110 ll
756 3059 847 3110 Matth
865 3061 895 3125 5,
914 3059 930 3111 5
951 3058 955 3124 Ι
977 3059 1009 3111 12
1026 3059 1099 3112 Prov
1118 3061 1163 3126 14,
1182 3059 1216 3112 26
1243 3060 1247 3127 Ι
1277 3060 1308 3112 13
1324 3059 1407 3111 Mstth

363 3145 389 3210 5,
408 3147 423 3195 7
439 3147 444 3212 Ι
460 3145 492 3198 15
509 3145 565 3210 ΙεεΙ
584 3141 653 3208 662
668 3144 672 3208 Ι
689 3143 721 3194 16
739 3145 797 3195 Luc
819 3143 857 3205 18,
873 3145 905 3194 14
920 3143 925 3209 Ι
940 3143 973 3194 17
986 3145 1045 3195 Luc
1060 3143 1099 3204 16,
1115 3145 1146 3196 15
1160 3143 1166 3212 Ι
1181 3143 1214 3195 18
1232 3147 1303 3198 Prov
1321 3144 1358 3208 1³,
1378 3143 1407 3193 17

364 3226 369 3296 Ι
390 3231 422 3281 24
441 3231 518 3281 Hebr
534 3229 602 3293 13,7

299 3364 310 3415 1
332 3361 496 3425 δουλεύσεις
513 3367 566 3417 Wx
581 3365 586 3430 Ι
601 3365 617 3418 3
634 3355 771 3418 ὑπόντων
787 3364 822 3429 >
840 3367 878 3416 Υτ
894 3367 897 3427 Ι
913 3364 930 3416 3
947 3355 1129 3429 α’λλαζονείαι
1147 3383 1184 3430 w,
1203 3357 1365 3430 α’λσιζονείαι
1375 3379 1406 3428 γι

300 3450 303 3515 Ι
323 3449 340 3500 3
357 3443 491 3513 γενόνται
508 3467 543 3515 w,
561 3449 697 3517 γίνωνται
715 3439 858 3516 εΙλοόδέ
925 3451 941 3502 5
959 3467 1016 3518 μου
1033 3451 1067 3516 >
1083 3467 1098 3502 τ
1113 3450 1118 3516 Ι
1133 3450 1150 3502 6
1168 3445 1195 3502 εί
1211 3445 1251 3519 μή
1271 3443 1406 3504 ἐταπεινο-

298 3524 428 3598 φρόνουν
444 3533 478 3596 >
496 3536 534 3584 Υι
554 3537 559 3599 Ι
578 3535 602 3586 6.
617 3536 632 3586 7
651 3530 807 3602 γογγυστής
823 3551 856 3600 y,
875 3529 1066 3606 κογγὺστήςτ
1087 3534 1092 3604 Ι
1112 3537 1128 3586 7
1145 3529 1281 3603 μνησθής
1298 3535 1339 3600 ετΙ
1357 3533 1407 3584 76

297 3609 488 3683 γογγὺσανιες
505 3611 578 3670 κατὰ
596 3635 652 3684 ττι,
672 3615 938 3687 καταγογγὺσακτες
954 3627 1002 3687 γτλ
1021 3622 1025 3686 Ι
1051 3615 1218 3687 δμωυσέως
1236 3639 1259 3672 w
1278 3617 1283 3687 Ι
1302 3621 1319 3673 9
1339 3612 1406 3687 μηδὲ

298 3702 447 3754 secundum
464 3709 502 3762 τε,
520 3697 560 3772 μή
578 3721 637 3770 τιγτ
658 3705 663 3768 Ι
682 3705 700 3757 9
716 3699 791 3772 μηδὲ
808 3706 919 3758 tortium
938 3711 1007 3769 τετε,
1026 3700 1066 3772 μή
1083 3706 1138 3771 γτΙ
1157 3705 1182 3757 9.
1199 3704 1231 3756 16
1247 3698 1342 3757 πάντα
1358 3697 1406 3769 γέρ

298 3784 419 3838 ταῦτατί
442 3786 446 3854 Ι
472 3786 505 3838 10
523 3778 538 3839 ό
556 3787 590 3855 ή-
607 3807 625 3840 x
651 3786 655 3854 Ι
684 3789 769 3840 10.11
788 3788 883 3857 μωσῆς
901 3807 954 3856 ιγτ
979 3789 983 3859 Ι
1008 3790 1039 3841 11
1057 3786 1192 3857 τὴκ>1
1216 3790 1221 3855 Ι
1251 3791 1281 3842 12
1299 3781 1405 3849 ἐπείπερ

299 3876 381 3937 wxyt,
398 3859 492 3936 σ’όσπερ
510 3873 548 3924 Υτ
564 3875 569 3937 Ι
588 3872 617 3924 13
635 3865 651 3924 ό
667 3874 702 3936 >
719 3875 771 3925 Υτ1
786 3875 790 3939 Ι
809 3875 839 3926 13
856 3869 912 3942 γὺρ
930 3876 965 3940 >
982 3891 1007 3926 w
1022 3874 1027 3941 Ι
1044 3875 1075 3927 14
1093 3879 1134 3944 ’φη
1152 3876 1186 3940 -Ι-
1203 3893 1235 3940 y,
1255 3871 1404 3942 φησδτψῑ

301 3960 305 4024 Ι
327 3957 359 4007 14
377 3949 460 4009 αὑτοὶ
477 3957 511 4022 >
529 3975 553 4008 w
574 3957 577 4019 Ι
599 3955 685 4009 1617
704 3949 947 4028 ταπεινωθήσεται
966 3979 989 4012 w
1005 3961 1010 4026 Ι
1027 3961 1058 4012 11
1076 3955 1241 4029 βδέλλυγμα
1259 3977 1284 4010 w
1303 3961 1307 4025 Ι
1328 3957 1357 4010 18
1372 3952 1404 4019 τᾷ

298 4041 332 4109 -Ι-
343 4059 388 4108 γε,
398 4039 436 4093 τιὸ
447 4040 503 4108 -Ι-ε
518 4041 522 4099 Ι
539 4040 620 4093 1619
631 4036 744 4107 θρασός
756 4035 851 4112 α’κὴρι
866 4045 870 4110 Ι
888 4045 919 4096 19
931 4040 1119 4113 συμπορεόσει
1129 4061 1153 4098 w
1169 4047 1173 4109 Ι
1188 4045 1222 4096 20
1233 4043 1283 4098 καὶ
1297 4039 1406 4096 δικαίαν

298 4126 373 4192 >Υ
400 4125 403 4192 Ι
429 4127 463 4178 20
486 4118 502 4178 ὁ
527 4121 778 4194 συμπορευόμεκος
795 4124 850 4196 γὰρ
868 4132 971 4196 σοφοῖς
988 4125 1078 4196 σοφός
1096 4127 1189 4194 ἐσται,
1213 4125 1229 4181 ὁ
1254 4123 1287 4182 δὲ
1309 4138 1404 4192 συμτο

301 4206 456 4279 ρευόμενος
473 4203 580 4280 ἄφροσι
599 4208 797 4280 γνωσθήσεται
814 4212 848 4280 -Ι-
864 4221 912 4278 γτε
935 4231 968 4266 ex
990 4215 1063 4267 Prov
1088 4215 1132 4278 13,
1151 4215 1186 4267 20
1208 4217 1259 4266 sed
1281 4225 1404 4278 οτιεςοε

300 4295 357 4360 (qui
376 4296 477 4348 lunulis
496 4298 619 4360 inclusit)
641 4296 732 4348 ταῦτα
751 4289 783 4350 ἐκ
800 4302 861 4358 τοῖς
878 4287 976 4358 ἄλλοις
994 4289 1028 4352 οὑ
1045 4301 1139 4352 κεῖται
1165 4300 1170 4364 Ι
1193 4299 1228 4352 22
1246 4291 1322 4364 παρὰ
1339 4289 1405 4348 θεοῦ
1487 4313 1488 4346 ;

301 4392 344 4428 σοι
362 4387 409 4444 γιε
424 4385 428 4440 Ι
443 4380 477 4432 23
494 4378 630 4450 μκηθήση
649 4383 684 4432 W
699 4381 703 4448 Ι
718 4385 751 4433 24
769 4398 798 4435 τε
815 4399 849 4448 γε
889 4397 891 4404 ⁴
1487 4369 1488 4380 Ι
