3052 4974
115 415 172 468 κθ
1196 427 1229 486 11

115 584 170 662 ξιν
193 581 365 648 ἐστείλατο
385 585 428 667 τῇ
448 581 584 666 γλάσσῃ
604 578 716 666 αὑτής.
751 580 887 666 στεγυαί
909 582 926 621 *
947 583 1117 668 διατριβαὶ
1134 589 1238 650 οίκων

115 681 237 768 αὑτῆς,
259 695 336 750 σῖτα
350 684 388 750 δὲ
405 679 534 769 ὀκνηρά
553 681 616 749 οὑκ
637 686 773 769 ἐφαγεν.
807 682 845 750 τὸ
864 683 970 768 στόμα
989 683 1094 770 αύτής
1112 683 1238 766 άνοίξει

115 789 233 872 σοφοῖς
252 786 311 851 καὶ
333 783 499 869 ἐννόμως,
532 782 656 870 θεσμοὶ
676 785 714 852 δὲ
737 786 964 872 ἐλεημοσύυής
983 783 1086 871 αὑτῆς
1107 785 1164 854 ἐπὶ
1181 792 1239 873 τῆς

115 885 271 973 γλάσσής
299 884 411 972 αὑτῆς.
456 885 645 973 ἀνέστησαν
674 885 716 952 τά
745 887 847 954 τέκνα
874 886 979 973 αὑτῆς
1007 887 1064 954 καλ
1092 889 1263 975 πλοντήῃ

117 1007 225 1056 σαντα
247 985 376 1076 ᾔνεσαν
402 986 527 1074 αὑτήν,
558 987 615 1054 καί
641 987 660 1055 ὑ
685 988 772 1075 άυήρ
798 987 900 1075 αὑτής
928 990 1093 1078 ἐπήνεσευ
1118 988 1273 1077 αὑτήυ.ο

117 1090 242 1158 τολλαλ
255 1090 442 1175 θυγατέρες
461 1091 645 1177 ἐκτήσαντο
666 1095 825 1176 πλούτου,
848 1091 971 1158 πολλαί
993 1093 1155 1179 ἐποίησαν
1177 1093 1240 1160 δύ-

116 1217 238 1278 ναμιν,
274 1190 319 1258 σὺ
347 1193 385 1258 δὲ
414 1189 609 1279 ὑπέρκειται
641 1194 698 1260 καὶ
729 1190 899 1280 ὑπερῆρας
932 1194 1050 1272 πάσας.
1104 1197 1241 1274 ψευδεῖς

116 1293 290 1380 ἀρέσκεια
315 1293 373 1362 καλ
399 1296 542 1380 μάττων
573 1295 696 1372 κάλλος
723 1293 885 1380 γυναικὸς
915 1295 959 1380 μή
984 1299 1068 1363 ἐστω
1096 1297 1136 1364 ἐν
1168 1301 1238 1365 σοί·

116 1395 205 1483 γυνή
226 1395 293 1482 γάρ
322 1393 462 1482 εὐσεβής
487 1389 693 1482 εὐλογεῖται,
721 1398 833 1483 φόβον
862 1399 899 1464 δὲ
927 1401 1051 1483 κυρίου
1080 1397 1162 1485 αύτή
1186 1403 1240 1467 αί-

117 1503 227 1566 νείτω.
268 1499 345 1566 δότε
364 1496 451 1586 αὐτή
470 1497 537 1566 άπὸ
558 1503 699 1586 καρπάν
719 1501 858 1585 χειλέων
877 1497 980 1585 αὐτῆς
999 1499 1056 1565 καλ
1077 1503 1239 1568 αἰνείσθω
1258 1517 1290 1568 10

118 1603 159 1670 έν
176 1601 299 1678 πύλαις
325 1598 447 1689 δάνήρ
467 1600 579 1688 αὑτῆς.
613 1601 671 1668 καλ
685 1603 789 1668 πάλιν
802 1599 894 1686 Γυνή
915 1599 1056 1688 άνδρεία
1075 1603 1241 1688 στέφανος

117 1707 166 1792 τῷ
187 1702 290 1787 άνδρί
317 1701 429 1789 αὑτῆς.
475 1703 532 1771 καί
559 1705 663 1771 πάλιν
685 1703 817 1771 Πολλαλ
838 1715 997 1788 γυναῖκες
1013 1697 1240 1792 Ιᾠκοδόμησαν

117 1802 226 1872 οἶκον.
271 1805 488 1890 μεμαθήκατε
507 1802 606 1872 ὁποία
623 1806 771 1891 ἐγκείμια
789 1803 876 1890 γυνή
893 1804 1042 1890 σοίφρωυ
1063 1807 1081 1848 *
1103 1805 1160 1873 καί
1181 1811 1240 1892 φί-

118 1909 267 1992 λανδρος
286 1909 451 1993 λαμβάνει
472 1907 539 1976 άπὸ
560 1912 684 1995 κυρίου
704 1911 766 1974 τοῦ
784 1911 881 1974 θεοῦ.
915 1908 947 1972 εί
961 1905 1061 1992 πιστή
1082 1907 1138 1974 καί
1160 1907 1239 1993 άρε·

118 2008 180 2095 στή
202 2013 311 2098 κυρίῳ
334 2009 451 2094 βούλει
480 2006 584 2095 εἶναι,
616 2001 786 2095 ὑγύναι,
820 2007 865 2094 μή
887 2012 1099 2090 καλλωπίζοο
1120 2009 1176 2076 ἐπί
1194 2015 1241 2100 τῷ
1261 2025 1291 2076 ιε

117 2111 277 2197 ἀρέσκειν
297 2128 335 2178 σε
362 2110 551 2198 ἀλλοτρίοις
571 2111 754 2198 ἀνδράσιν,
785 2112 869 2196 μηδὲ
891 2110 932 2176 τά
958 2114 1018 2196 τῆς
1041 2111 1241 2198 ἑταιριζομέ-

118 2239 182 2300 νης
211 2209 463 2298 έμπλέγματαή
487 2213 657 2299 ἐνδύματα
675 2209 698 2299 ή
715 2212 890 2290 ὑποδέσεις
913 2215 1017 2298 μιμοῦ
1042 2226 1163 2300 φορεῖν
1185 2214 1241 2282 ἐπὶ

118 2321 167 2403 τῷ
183 2313 381 2400 ὑκάγεσθαί
396 2333 435 2382 σε
456 2315 534 2394 τοὺς
556 2319 603 2394 είς
623 2317 664 2382 τά
686 2319 824 2382 τοιαῦτα
845 2316 1140 2400 παγιδενομένους.
1183 2317 1242 2383 καί

118 2417 186 2504 γάρ
212 2421 244 2485 εί
267 2417 312 2485 σὺ
336 2416 399 2484 οὑκ
425 2417 482 2485 ἐπὶ
510 2423 559 2505 τῷ
585 2416 791 2503 ἁμαρτάνειν
817 2419 922 2482 ταῦτα
948 2429 1054 2494 ποιελς
1076 2415 1117 2482 τά
1138 2417 1239 2503 μύση,

120 2520 177 2587 ε’πί
205 2521 243 2586 δὲ
271 2519 311 2586 τὸ
330 2519 437 2605 μόνον
467 2523 753 2604 καλλωπίζεσθαι,
784 2517 860 2585 οὐδ’
881 2517 986 2595 οὑτως
1008 2519 1154 2606 ἐκφεύξῃ
1178 2519 1241 2605 τήν
1258 2533 1292 2586 ευ

118 2625 221 2708 δίκην
243 2625 290 2700 είς
306 2620 347 2688 τά
365 2623 448 2708 μετά
463 2627 578 2708 ταὺτα,
602 2621 823 2707 άυαγκάσασα
845 2623 1072 2707 ἐκενεχθήναί
1090 2639 1144 2688 σοι
1165 2622 1241 2690 τινά

119 2728 168 2803 είς
190 2723 230 2792 τὸ
258 2726 473 2810 ἐπιθυμῆσαί
493 2741 575 2810 σου,
604 2725 661 2792 καὶ
686 2724 730 2809 μή
757 2722 882 2810 έαοτήν
904 2722 1083 2809 φυλάξασα
1111 2723 1167 2790 ἐπὶ
1194 2730 1242 2814 τῷ

118 2827 203 2913 μήτε
228 2827 267 2892 σέ
294 2823 487 2894 ὑποπεσεῖν
508 2825 652 2916 άμαρτίᾳ
680 2826 762 2912 μήτε
792 2823 859 2912 μήν
887 2825 1021 2910 ἐτέρους
1050 2827 1240 2917 σκανδάλφ.

119 2931 151 2996 εί
176 2927 245 3016 γάρ
273 2928 330 2996 καὶ
359 2929 561 3020 άμαρτήσεις
587 2931 734 2995 ἐνδούσα
762 2927 903 3014 ἑαυτήν,
928 2927 983 2993 καί
1006 2926 1049 2993 σὺ
1074 2931 1241 3014 ἐπλημμέ-

118 3037 225 3118 λησας
245 3030 407 3098 κάκείνου
426 3035 541 3116 ἐνοχος
558 3035 615 3116 τῆς
637 3035 745 3116 ψυχῆς
767 3031 895 3115 ἐγένου.
934 3026 1004 3096 εἶτα
1022 3027 1242 3116 ὑμαρτήσασα
1259 3043 1293 3097 25

120 3132 177 3220 ἐφ’
202 3134 271 3214 ἐνί,
292 3132 406 3219 ὥσπερ
426 3132 623 3219 ἀπογνοῦσα
643 3135 690 3210 είς
704 3133 792 3212 ἅπαξ
816 3131 873 3218 ἐφ’
891 3131 1025 3216 ἐτέρους
1049 3132 1242 3220 ἐκτραπήσρ

119 3237 243 3320 πάλιν,
266 3235 498 3322 άτηλγήκυτα,
528 3235 620 3302 καθά
639 3251 745 3321 φησιν
765 3231 784 3299 ὁ
803 3241 898 3311 θεῖος
918 3234 1017 3318 λόγος
1031 3231 1135 3300 Ὅταν
1157 3236 1242 3322 ἔλθῃ

118 3335 247 3424 άσεβής
269 3341 316 3416 είς
341 3338 450 3422 βάθος
472 3342 603 3422 κακῶν,
633 3347 855 3423 καταφρονεῖ·
887 3336 1058 3422 ἐπέρχεται
1086 3336 1124 3404 δέ
1151 3335 1243 3426 αὐτῷ

190 3529 220 3582 ll
239 3530 313 3582 Prov
333 3530 374 3594 12,
392 3532 409 3581 4
430 3531 434 3594 Ι
460 3529 491 3580 12
508 3529 580 3582 Prov
600 3529 640 3593 14,
662 3530 674 3580 1
695 3527 700 3598 Ι
720 3529 752 3580 27
771 3529 843 3580 Prov
865 3527 904 3592 18,
922 3529 939 3580 3

122 3711 343 3786 ΙγλόκτηγΙΙ
364 3711 495 3783 δέ-Ι-γι
513 3719 517 3784 Ι
537 3720 554 3768 2
573 3708 918 3784 έφαγελΙῖτό>κΙῖ
937 3708 1243 3786 διήνοιξενιΙθαύ-

119 3803 236 3872 τῆς>τ
250 3803 254 3860 Ι
270 3801 287 3854 θ
304 3796 526 3869 murionum
541 3801 578 3871 16
596 3795 752 3868 ἐκτήσαντο
763 3799 889 3853 πλούτου
901 3799 1004 3853 πολλαί
1017 3801 1052 3865 >
1061 3819 1078 3852 x
1093 3799 1098 3869 Ι
1113 3803 1130 3853 6
1148 3795 1243 3870 ἐποιή-

119 3904 208 3942 σαντο
226 3906 244 3954 y
260 3886 264 3955 Ι
280 3889 295 3938 7
313 3879 465 3954 ὑκέρκεισε
477 3903 495 3953 y
509 3885 514 3956 Ι
529 3887 546 3940 8
563 3879 696 3954 άρέοκιαι
714 3905 731 3938 x
746 3886 750 3952 Ι
770 3886 787 3937 8
805 3877 837 3937 ἐν
853 3887 888 3950 >
905 3884 935 3952 ιΙ
950 3885 968 3936 9
985 3881 1059 3954 αὑτὴ
1076 3893 1115 3953 γε,
1134 3877 1208 3953 αὕτη
1226 3905 1243 3939 x

121 3973 126 4043 Ι
146 3975 181 4026 10
198 3966 272 4026 δότε
289 3991 308 4038 y
327 3972 332 4040 Ι
354 3971 386 4024 10
407 3965 520 4038 καρκδν
537 3989 555 4039 y
574 3971 579 4041 Ι
601 3971 631 4023 11
654 3962 764 4038 α’νδρία
785 3989 809 4022 w
835 3969 840 4039 Ι
866 3971 898 4022 12
915 3970 955 4037 τῷ
971 3972 1005 4035 >
1022 3988 1040 4022 x
1059 3970 1064 4039 Ι
1092 3972 1123 4024 12
1140 3967 1244 4024 πολλαί

120 4065 189 4120 m,
209 4055 300 4126 σοφαί
316 4074 336 4124 y
354 4056 360 4124 Ι
382 4057 413 4108 13
431 4056 529 4118 οίκους
546 4075 570 4108 w
591 4055 595 4125 Ι
616 4059 648 4109 13
667 4050 791 4124 ένκοίμια
810 4073 826 4107 1
842 4055 847 4123 Ι
867 4055 900 4108 13
916 4071 947 4108 τε
962 4055 997 4123 «Ι-
1015 4073 1038 4106 w
1054 4053 1058 4124 Ι
1082 4055 1112 4108 15
1130 4055 1169 4123 τῷ
1185 4062 1242 4122 m,

120 4141 153 4198 τὸ
171 4162 195 4196 w
211 4142 215 4212 Ι
233 4142 266 4194 16
282 4135 408 4208 άνδράτι
426 4151 438 4194 t
457 4145 462 4209 Ι
484 4141 524 4194 16.
545 4144 574 4194 17
594 4133 788 4209 ἐτεριζομένης
805 4157 823 4207 y
843 4140 848 4208 Ι
869 4141 901 4192 18
919 4146 947 4193 ει
964 4141 996 4193 19
1013 4140 1052 4207 τῷ
1070 4158 1138 4206 wxy,
1158 4137 1190 4192 τδ
1207 4145 1219 4191 t
1236 4138 1242 4208 Ι

120 4223 285 4292 λθτδιιιλ,
305 4221 639 4295 τάγΙθθούδδγΙλθ
660 4219 901 4294 έκφεύξειιτΙθΙ
922 4219 1109 4288 είςτὺ>ιτ
1129 4223 1134 4292 Ι
1153 4224 1244 4292 λῖτή

121 4332 191 4380 wxy,
210 4308 243 4367 τὸ
261 4312 342 4381 λΙλθ
360 4305 459 4378 ἐτέρου
475 4329 495 4380 y
514 4313 517 4376 Ι
537 4313 571 4365 23
589 4305 812 4380 σκανδαλήσασα
832 4329 854 4362 w
870 4311 874 4378 Ι
890 4313 923 4362 24
941 4305 995 4376 γάρ
1013 4325 1069 4372 wx,
1090 4303 1122 4361 δὲ
1140 4315 1170 4375 yt
1185 4308 1190 4376 Ι
1210 4313 1243 4362 ’21

121 4391 267 4452 έτδύουοα
281 4417 303 4450 w
320 4399 324 4464 Ι
338 4399 372 4450 21
385 4395 523 4466 σαντήνγ
541 4398 545 4464 Ι
565 4399 599 4451 26
613 4391 811 4465 έκτραπήσειγ
826 4395 832 4462 Ι
846 4397 879 4446 2⁸
891 4388 988 4463 βάθος
999 4400 1054 4461 τγλ,
1068 4393 1182 4463 πλῆθος
1195 4413 1218 4448 w
