2998 4972
92 415 157 476 134
1145 417 1207 480 215

88 579 129 644 ἐν
158 575 244 664 αὐτῇ
276 559 564 663 συντριβήσεσλδαι
594 573 696 661 αὐτῆς
726 576 766 641 τά
795 577 941 660 κύματα,
971 577 1064 666 ζῴοις
1089 579 1126 644 δὲ
1153 599 1209 662 μι-

88 693 184 764 κροῖς
205 680 263 746 καὶ
283 678 441 764 μεγάλοις
463 680 481 719 *
506 676 736 763 διαπορευτὴν
751 675 859 763 αὐτὴν
881 678 1051 765 ἐποίησας,
1075 683 1210 764 βροτοῖς

87 783 126 848 δὲ
147 779 257 866 βατήυ
278 778 385 866 αὐτὴν
405 776 492 846 εἶναι
513 791 584 857 τοίς
601 783 733 856 πλοίοις
754 778 942 858 ἐκέλευσας.
987 775 1058 848 εἶτα
1076 781 1209 866 ίχλοαί-

87 889 209 950 νετο*
244 882 304 966 γῆ,
342 886 514 958 παντοίοις
543 879 665 947 ἀυδεσι
694 883 975 968 καταγραφομίνη
1008 882 1066 948 καὶ
1096 897 1208 950 ποικι-

87 989 144 1072 λίᾳ
167 984 322 1068 δένδρων
343 983 535 1068 διαφόρων·
565 995 734 1068 παμφαείς
757 1007 793 1049 τε
813 987 987 1070 φωστῆρες
1008 983 1137 1050 τούτων
1158 1001 1242 1051 τι-σ

85 1090 206 1172 σηυοί,
237 1083 458 1170 ἀπαράβατον
487 1085 649 1164 στίζοντες
671 1083 732 1150 τὸν
756 1083 892 1170 δολιχόν
918 1086 975 1153 κα1
1003 1084 1076 1152 κατ’
1105 1082 1209 1152 οὐδὲν

87 1187 385 1272 παραλλάσσοντες
400 1189 460 1270 τῆς
481 1189 542 1270 σῆς
564 1189 766 1270 προσταγῆς,
789 1185 864 1251 ἀλλ’
888 1185 951 1273 ὅπη
974 1183 1020 1254 ἀν
1038 1187 1208 1274 κελεύσης,

86 1291 191 1374 ταύτη
208 1286 386 1374 ἀνίσχουσι
401 1286 458 1354 καὶ
474 1287 640 1354 δύνσυσιν
656 1289 703 1364 είς
721 1299 840 1372 σημεία
861 1289 991 1375 καιροίυ
1012 1288 1070 1356 καλ
1092 1289 1209 1355 ἐνιαυ-

87 1391 172 1473 τύν,
204 1388 420 1474 ἀμειβόμενοι
448 1388 511 1476 την
537 1390 606 1456 τῶν
633 1388 828 1475 ἀνθρώπων
853 1387 1050 1476 ὑπηρεσίαν.
1095 1391 1208 1456 ἔπειτα
1242 1435 1244 1440 .

87 1492 265 1578 διαφόρων
292 1491 386 1579 ζηόων
413 1491 672 1572 κατεσκευάζετο
700 1492 800 1577 γένη,
831 1495 1014 1577 χερσαίων,
1041 1490 1207 1578 ἐνύδρων,
1229 1510 1260 1562 10

86 1593 304 1678 ἀεροπόρωυ,
337 1591 527 1678 ἀμφιβίων’
561 1591 702 1679 καὶτῆς
727 1593 787 1679 σῆς
817 1597 978 1678 προνοίας
1005 1591 1026 1679 ἡ
1056 1596 1209 1677 ἔντεχνος

86 1699 192 1781 σοφία
219 1694 282 1781 την
309 1695 521 1781 κατάλληλον
548 1693 676 1782 ἑκάστῳ
702 1695 867 1782 πρόνοιαν
895 1697 1067 1778 δωρεῖται·
1094 1691 1209 1780 ὥσπερ

86 1797 152 1881 γάρ
186 1798 335 1882 διάφορα
365 1797 445 1882 γε’νη
475 1794 538 1862 ούκ
564 1793 708 1882 ἡτόνησε
736 1807 960 1884 παραγαγεῖν,
996 1796 1102 1875 οὕτως
1128 1796 1208 1862 οὐδὲ

86 1901 259 1984 διάφορον
273 1900 439 1981 πρόνοιαν
450 1898 594 1964 ἑκάστου
608 1899 815 1984 ποιήσασθαι
827 1899 1117 1984 κατωλιγώρησεν.
1152 1897 1208 1964 καὶ

87 2005 181 2079 τέλος
192 2005 255 2086 τῆς
275 2001 494 2087 δημιουργίας
507 1998 545 2065 τό
560 2001 697 2084 λογικδν
718 2004 813 2088 ζῷον,
833 1999 894 2066 τόν
915 2004 1164 2085 κοσμοπολίτηυ
1179 2008 1207 2083 *,
1227 2017 1258 2070 15

86 2109 128 2190 τῇ
155 2105 175 2144 *
205 2107 311 2190 σοφίη
337 2101 577 2186 διαταξάμενος
601 2104 849 2180 κατεσκεύασας
874 2101 978 2184 είπάν
1006 2102 1209 2196 Ποιήσωμεν

86 2204 276 2290 ἄνθρωπον
290 2203 361 2271 κατ’
380 2204 494 2270 είκόνα
507 2201 672 2290 ἡμετέραν
688 2203 746 2272 καλ
762 2203 844 2270 καθ’
862 2202 1032 2289 ὁμοίωσιν,
1050 2205 1208 2288 *κόσμου

87 2308 217 2392 κόσμον
239 2303 344 2372 αὐτόν
366 2304 554 2389 ἀναδείξας,
578 2305 616 2371 ἐκ
637 2308 700 2390 μὲν
721 2309 790 2372 τοῖν
808 2307 983 2391 τεσσάρων
1003 2310 1021 2346 ¹·
1043 2305 1208 2389 σωμάτων

89 2409 319 2486 διαπλάσας*
342 2405 434 2495 αύτῷ
462 2411 574 2492 σῶμα,
604 2408 858 2484 κατασκευάσας
882 2403 914 2473 δ’
937 2404 1029 2495 αύτῷ
1051 2405 1113 2491 την
1141 2417 1207 2484 ψυ-

86 2509 150 2596 χὴν
196 2509 236 2576 ἐκ
272 2513 332 2575 τού
371 2507 416 2594 μή
456 2506 574 2593 ὄντος,
616 2513 778 2594 αἴσθησίν
815 2533 850 2576 τε
887 2511 1080 2576 πένταθλον
1118 2507 1209 2596 αύτῷ
1225 2527 1259 2578 20

86 2612 312 2700 χαρισάμενος
345 2609 403 2678 καὶ
429 2614 515 2676 νοῦν
544 2609 605 2677 τόν
628 2615 687 2695 τῆς
713 2615 821 2696 ψυχῆς
852 2608 992 2698 ἡνίοχον
1029 2610 1209 2697 ἐπιστήσας

87 2713 194 2781 αύτού
218 2724 291 2790 ταῖς
311 2713 521 2798 αἰσθήσεσιν.
564 2712 621 2779 καὶ
643 2712 698 2778 ίπλ
719 2716 801 2780 πᾶσι
824 2712 964 2796 τούτοις,
984 2714 1130 2780 δέσποτα
1145 2711 1208 2779 κύ-

154 2872 168 2922 1
189 2871 240 2923 Iob
259 2869 300 2934 ³8,
322 2870 350 2921 11
368 2871 372 2934 Ι
387 2869 405 2920 8
419 2869 478 2920 Gen
493 2869 514 2930 1,
530 2869 561 2920 11
576 2867 580 2936 Ι
600 2868 630 2919 16
648 2869 708 2920 Gen
722 2870 745 2934 1,
762 2867 796 2920 26
811 2873 815 2931 Ι
830 2870 860 2921 21
882 2869 961 2922 Plato
975 2871 1083 2922 Phaedr
1095 2870 1128 2920 25
1141 2885 1207 2936 seqq

88 3027 140 3078 1.2
157 3039 190 3076 τε
208 3025 322 3089 μικροῖς
338 3039 372 3088 γτ
394 3022 399 3086 Ι
418 3026 434 3074 2
452 3021 502 3074 καί
519 3017 632 3082 πλοίοις
648 3023 683 3090 -Ι-
699 3023 765 3088 γτιΙ
785 3027 801 3076 2
819 3016 963 3094 ποριστὴν
979 3022 1044 3088 γιτΙ
1060 3023 1077 3071 2
1094 3019 1208 3088 βροτοῖς

132 3109 150 3161 3
168 3101 320 3168 ἐκέλευσας
337 3108 372 3172 >
388 3113 436 3173 γιι
454 3108 459 3173 Ι
480 3107 496 3159 3
515 3098 570 3160 εἶτ’
590 3106 621 3175 ιΙ
641 3107 696 3160 84
715 3101 879 3175 ἒχλσαίνετο
896 3107 931 3172 >
947 3123 981 3173 γι
1002 3109 1007 3174 Ι
1027 3108 1043 3157 4
1060 3097 1078 3173 ἡ
1096 3104 1130 3170 -Ι-
1147 3121 1181 3171 γι
1202 3107 1205 3173 Ι

86 3198 103 3245 4
119 3188 367 3260 καταγραφομίνη
386 3198 430 3256 τι,
448 3189 674 3244 κεκαλλωπισται
691 3209 726 3257 γι
745 3193 750 3256 Ι
770 3192 786 3244 5
805 3191 933 3260 φωτῆρες
950 3190 1019 3258 116
1039 3186 1156 3254 σοι’ζουσι
1173 3207 1207 3256 γτ

89 3279 93 3343 Ι
112 3273 261 3346 δδολιχόν
272 3285 310 3342 xt,
330 3270 483 3344 δρόμσνγτ
499 3275 504 3344 Ι
518 3277 536 3329 6
551 3275 692 3342 κα1>γτ
707 3275 712 3345 Ι
728 3277 743 3327 7
761 3274 1015 3343 παραλάσσσντεςλ
1031 3277 1065 3342 Ιλ
1083 3270 1137 3344 τὴν
1154 3273 1209 3344 σὴν

87 3357 254 3432 προσταγὴν
271 3379 304 3428 γτ
319 3362 324 3427 Ι
339 3363 355 3412 ’ί
373 3352 439 3413 ἀλλ’
457 3351 514 3426 ὅπη
532 3367 571 3428 τι,
589 3351 646 3428 όπη
664 3355 719 3428 γάρ
737 3377 770 3427 γι
792 3359 797 3430 Ι
817 3361 835 3412 8
851 3351 1019 3429 ἀνίσχουσιν
1035 3379 1054 3414 x
1069 3359 1073 3424 Ι
1088 3361 1106 3412 8
1123 3357 1206 3414 δύου-

87 3463 133 3500 σιν
151 3455 200 3516 γτι
219 3451 223 3514 Ι
244 3448 278 3500 10
294 3440 511 3506 κατασκευάσας
528 3463 562 3513 γι
583 3447 587 3509 Ι
610 3447 642 3498 10
659 3441 782 3514 χερσίων
799 3445 873 3516 ΧτιΙ
894 3447 923 3496 ll
942 3444 992 3498 καλ
1058 3449 1090 3499 12
1108 3446 1209 3513 δωρεῖ-

86 3549 134 3584 ται
152 3539 197 3593 τι,
224 3529 259 3600 τῇ
282 3531 319 3600 σῇ
340 3533 431 3600 σοφίᾳ
453 3525 632 3598 κατάλληλον
655 3524 764 3598 ἑκάστῳ
786 3525 841 3599 τὴν
862 3523 1003 3602 πρόνοιαν
1023 3535 1118 3592 ποιεῖς
1139 3548 1173 3598 γι
1202 3534 1205 3598 Ι

90 3617 121 3670 13
138 3609 282 3685 ήτόνησεν
298 3635 329 3681 x,
353 3608 496 3684 ἤτόνησας
512 3633 547 3683 γε
569 3615 573 3683 Ι
599 3618 631 3668 14
648 3616 766 3684 ποιῆσαι
783 3633 818 3681 γτ
838 3615 843 3684 Ι
864 3617 895 3667 14
911 3609 1146 3684 κατωλιγώρησας
1163 3633 1206 3684 γε,

89 3699 305 3769 κατωλιγώρησε
317 3702 348 3767 λΙ
365 3702 397 3753 15
409 3691 614 3768 ἄνθρωπον-Ι-
625 3718 659 3768 γτ
674 3704 679 3767 Ι
696 3701 728 3753 18
739 3700 775 3770 σῇ
785 3701 820 3766 -Ι-
831 3718 873 3767 γι,
887 3701 924 3769 οη·
934 3701 968 3768 -Ι-
980 3700 1011 3765 τΙ
1028 3700 1060 3752 18
1072 3696 1208 3766 διαταξά-

89 3803 175 3853 μενος
186 3779 398 3847 κατεσκεύασας
410 3792 450 3852 τι,
463 3783 620 3856 βσυληδελς
632 3779 862 3854 ἐδημιούργησας
873 3802 907 3852 γι
923 3786 927 3851 Ι
945 3787 974 3837 11
991 3778 1134 3854 ἡμετέραν
1145 3793 1208 3855 post

88 3863 226 3938 ὁμοίωσιν
242 3877 255 3922 τ
270 3872 275 3936 Ι
291 3872 322 3922 17
340 3857 376 3922 δν
392 3868 442 3923 καί
460 3865 583 3938 ποιήσας
601 3865 700 3930 καθύς
717 3862 864 3937 ἠθέλησας
880 3870 915 3939 -Ι-
931 3885 965 3936 γε
980 3869 984 3935 Ι
1008 3871 1039 3922 18
1055 3864 1208 3935 ἀνέδειξας

88 3971 122 4020 γι
141 3955 146 4022 Ι
168 3955 201 4006 18
219 3945 251 4007 ἐκ
320 3955 354 4005 22
371 3953 422 4008 καλ
439 3963 470 4008 τι
488 3955 565 4024 [vide
584 3954 672 4023 mox]‚
698 3947 729 4008 ἐκ
751 3949 805 4022 μὲν
826 3955 883 4008 τάν
900 3952 1043 4021 τεσσάρων
1060 3957 1208 4023 στοιχείων

90 4033 254 4100 διαπλάσας
273 4030 376 4106 Ιίαυτά
392 4039 427 4108 -Ι-
444 4039 469 4108 τ]
488 4035 519 4092 τὸ
537 4040 625 4108 σῶμα,
645 4035 698 4108 τιΙν
716 4034 749 4092 δὲ
767 4035 866 4108 ψυχὴν
883 4033 914 4093 tu
932 4039 984 4094 τού
1001 4032 1040 4108 μὴ
1058 4029 1205 4100 όντοςπα-

90 4117 235 4191 ραγαγόν,
254 4118 421 4192 αίσθήσειόν
438 4140 468 4177 τε
486 4116 564 4190 αύτῷ
582 4118 709 4192 δύναμιν
722 4121 912 4194 χαρισάμενος
928 4120 970 4185 είς
983 4117 1139 4190 ἀνέργειαν,
1157 4123 1207 4177 καί

90 4207 163 4260 vair
186 4208 238 4276 τῆς
260 4209 356 4277 ψυχῆς
377 4203 508 4278 ἡγεμόνα
530 4213 595 4270 ταῖς
622 4205 795 4277 αἰσθήσεσιν
818 4202 903 4276 [affl
920 4209 948 4276 y]
974 4201 1126 4276 ἐπιστήσας
1143 4203 1183 4276 γι
1201 4209 1206 4277 Ι

92 4293 124 4344 18
142 4293 290 4360 στοιχείων
306 4289 425 4360 κράτων
442 4293 476 4359 -Ι-
494 4300 506 4345 ι
526 4297 530 4358 Ι
552 4295 584 4347 19
602 4288 635 4346 δλ
653 4295 694 4346 X?
718 4297 722 4359 Ι
748 4295 783 4346 20
798 4309 830 4346 τε
847 4311 874 4360 x,
894 4285 923 4346 δ’
941 4301 953 4345 τ
972 4295 977 4356 Ι
995 4294 1030 4344 20
1047 4285 1124 4346 αύτά
1140 4287 1207 4346 πέν-

90 4378 226 4430 ταδλσνλ
240 4378 244 4442 Ι
260 4377 300 4430 21.
308 4381 341 4430 22
353 4380 417 4439 ταῖς
429 4371 767 4446 αἰσθήσεσιν-ἀπιστήσας
778 4385 798 4444 λ,
813 4379 912 4431 omisso
924 4368 1014 4430 αύτσύ
1029 4376 1034 4447 Ι
1048 4377 1082 4431 22
1094 4378 1207 4431 πάσινκ
