2998 4972
295 417 358 480 204-
1278 411 1294 472 ς
1316 411 1410 464 ιε-ιε

293 579 355 642 τοῦ
367 581 462 643 θεοῦ.
507 577 646 642 παίδευε
660 577 737 660 γάρ,
757 578 852 660 ῳησί,
867 579 927 640 τὸν
945 573 1024 641 υίόν
1040 593 1114 658 σου,
1132 571 1219 640 οὕτω
1238 575 1304 660 γάρ
1321 579 1409 643 ἔσται

293 695 347 744 σοι
367 675 508 756 εὔελπις.
528 679 533 766 1
554 674 616 743 οῦκ
639 677 804 757 ἐπιτάξεις
826 675 937 765 δούλῳ
955 693 1019 742 σου
1040 671 1064 760 ἢ
1083 677 1244 764 παιδίσκῃ
1265 689 1337 755 τοῖς
1358 677 1455 752 έπ113

293 779 353 846 τὸν
374 777 478 846 αὐτὸν
498 777 583 846 θεὸν
606 777 809 845 πεπονθόσιν
831 777 870 844 ἐν
889 783 1006 866 πικρίᾳ
1026 778 1145 864 ψυχῆς,
1168 778 1215 864 μή
1235 801 1317 845 ποτε
1336 795 1410 845 στε-

293 881 440 961 νάξωσιν
467 879 596 947 ἐπ1σο1
618 879 674 946 καὶ
696 883 789 946 ἔσται
807 897 861 946 σοι
883 877 965 966 ὀργή
986 879 1078 965 παρὰ
1095 883 1196 946 θεοῦ·
1227 879 1284 945 καὶ
1305 876 1410 965 ὑμεῖς,

259 985 331 1050 σοι’
348 984 481 1066 δοῦλοι,
506 979 695 1067 ὑποτάγητε
717 992 787 1058 τοίς
809 973 940 1066 κυρίοις
960 977 1056 1066 ῦμῦν
1077 979 1123 1060 ιδς
1143 979 1238 1069 τῦπῳ
1263 981 1352 1048 θεοῦ
1373 983 1410 1047 έν

293 1083 436 1170 αἰσχύνη
463 1083 519 1150 καὶ
547 1083 660 1170 φόβῳ,
690 1080 734 1160 ὥς
755 1085 774 1124 *
794 1086 902 1170 κυρίῳ
924 1083 981 1149 καὶ
1006 1079 1070 1150 οῦκ
1092 1081 1298 1168 ἀνθρώποις.
1326 1095 1331 1162 1
1355 1101 1456 1168 μοις

292 1185 406 1271 δήσεις
426 1189 539 1252 πάσαν
559 1181 756 1272 ὑπόκρισιν,
786 1181 842 1250 καὶ
871 1189 940 1250 πάν
967 1180 987 1250 δ
1016 1179 1060 1250 άν
1082 1175 1105 1272 ᾗ
1126 1187 1234 1273 κυρίῳ
1254 1183 1409 1270 ἀρεστόν,

293 1286 457 1372 ποιήσεις·
486 1285 528 1353 οῦ
546 1285 590 1372 μή
615 1287 839 1372 ίγκατυλίπης
859 1283 998 1362 ε’ντολάς
1017 1290 1158 1370 κυρίου,
1191 1287 1353 1372 φυλάξεις
1373 1289 1410 1353 δὲ

292 1386 316 1454 ά
336 1390 521 1476 παρέλαβες
540 1386 620 1471 παρ’
647 1385 768 1470 αῦτοῦ,
794 1385 878 1472 μήτε
898 1387 1094 1472 προστιθεὶς
1117 1385 1170 1454 ἐπ’
1194 1385 1309 1466 αὐτοῖς
1329 1389 1411 1474 μήτε

242 1505 275 1558 10
292 1489 449 1576 άῳαιριῦν
469 1489 526 1557 άπ’
552 1487 680 1556 αὐτῶν·
704 1486 746 1554 οῦ
765 1489 971 1573 προσθήσεις
991 1487 1055 1574 γάρ
1076 1501 1147 1567 τοῖς
1167 1489 1279 1574 λόγοις
1293 1487 1411 1574 αὐτοῦ,

291 1594 349 1658 ’ίνα
377 1591 422 1677 μή
450 1592 566 1678 έλέγξη
601 1608 640 1658 σε
669 1589 726 1657 καὶ
754 1587 882 1676 ψευδής
906 1591 998 1676 γένῃ.
1047 1590 1273 1677 έξομολογήσῃ
1304 1597 1412 1679 κυρίῳ

291 1697 339 1779 τῳ
365 1697 437 1781 θεῷ
463 1710 526 1760 σου
550 1692 591 1759 τά
623 1690 842 1778 ἁμαρτήματά
869 1708 933 1758 σου
970 1691 1027 1758 καὶ
1062 1689 1173 1758 οῦκέτι
1205 1693 1414 1779 προσθήσεις

293 1793 348 1861 ἐπ’
371 1793 500 1880 αῦτοϊς,
529 1797 586 1862 ἵνα
612 1784 650 1860 εὖ
673 1811 726 1860 σοι
752 1794 887 1879 γένηται
912 1791 1004 1880 παρά
1032 1797 1139 1881 κυρίῳ
1166 1797 1214 1882 τῷ
1236 1793 1309 1881 θεῷ
1336 1811 1410 1877 σου,

292 1893 330 1974 ὃς
350 1895 392 1962 οῦ
412 1896 569 1982 βούλεται
592 1895 651 1961 τὸν
666 1895 821 1962 θάνατον
839 1898 901 1960 τοῦ
922 1891 1140 1980 άμπρτωλοῦ,
1164 1893 1250 1961 άλλά
1265 1893 1329 1979 τήν
1351 1920 1411 1980 με-

242 2019 274 2070 ισ
291 1997 442 2064 τάνοιοιν.
461 2002 465 2084 1
485 1996 545 2062 τὸν
555 2001 681 2083 πατέρα
694 2014 757 2064 σου
771 1995 828 2062 καὶ
841 1993 904 2082 τήν
918 1997 1042 2082 μητέρα
1054 2013 1118 2063 σου
1134 1997 1358 2083 θεραπεύσεις
1368 1995 1413 2075 ὥς
1422 2013 1453 2072 15

292 2102 420 2176 αίτίους
440 2115 495 2164 σοι
523 2100 698 2183 γενέσεως,
732 2101 790 2166 ἵνα
811 2098 892 2184 γε’νη
920 2098 1166 2184 μακροχρόνιος
1195 2099 1251 2166 ἐπὶ
1271 2103 1331 2186 τῆς
1351 2105 1412 2185 γῆς

289 2191 330 2286 ής
352 2200 468 2287 κύριος
493 2195 614 2278 ὁθεὸς
633 2217 697 2266 σου
724 2201 847 2267 δίδωσί
868 2216 931 2266 σοι.
969 2198 1048 2277 τοῦς
1073 2198 1241 2300 ἀδελφούς
1268 2218 1333 2268 σου
1355 2202 1412 2269 nal

291 2299 369 2380 τοῦς
390 2314 566 2388 συγγενεῖς
588 2319 652 2368 σου
674 2299 718 2388 μή
741 2299 918 2388 ῦπερίδης·
946 2299 1025 2378 τοῦς
1051 2301 1116 2388 γάρ
1139 2304 1285 2380 υίκείους
1308 2305 1327 2343 *
1350 2309 1411 2370 τοῦ

290 2405 477 2490 σπέρματός
499 2421 563 2470 σου
587 2401 648 2490 οὐχ
668 2400 840 2490 ῦπερόψει.
862 2411 867 2480 1
886 2401 945 2469 τὸν
963 2404 1103 2489 βασιλέα
1130 2401 1331 2490 φοβηθήση,
1363 2409 1452 2477 εί-ιθ

239 2523 274 2574 20
290 2505 357 2583 δάς
375 2505 425 2571 δτι
447 2511 508 2573 τοῦ
530 2510 652 2590 κυρίου
675 2505 768 2572 ἐστὶν
789 2503 809 2590 ή
828 2509 1032 2590 χειροτονία·
1064 2503 1143 2584 τοῦς
1163 2504 1329 2590 ἄρχοντας
1349 2505 1408 2572 αῦ-

289 2611 351 2673 τοῦ
368 2607 516 2692 τιμήσεις
535 2603 580 2686 ῦς
603 2605 820 2693 λειτουργοὺς
839 2611 936 2690 θεοῦ,
959 2608 1087 2674 ἔκδικοι
1109 2607 1175 2693 γάρ
1193 2609 1282 2673 είσιν
1304 2609 1408 2692 πάσης

290 2707 439 2786 άδικίας·
467 2701 517 2785 ο1ς
538 2708 717 2775 άποτίσατε
739 2708 849 2792 τέλος,
881 2709 992 2795 φόρον
1018 2709 1074 2774 καὶ
1102 2713 1215 2774 πάσαν
1243 2707 1406 2795 είσφοράν

290 2808 520 2896 εέγνωμόνιις.
548 2807 620 2892 Ιοῦ
649 2809 859 2897 προσελεάση
888 2811 943 2876 ἐπὶ
970 2810 1163 2896 προσευχήν
1184 2827 1249 2876 σου
1271 2811 1311 2877 ἐν
1330 2809 1449 2897 ήμέ-Ῑῑ

290 2939 333 3003 ρῳ
355 2915 518 2998 πονηρίας
539 2928 618 2995 σου,
651 2911 734 2998 πρὶν
753 2907 798 2977 άν
825 2913 930 3000 λῦσης
957 2910 1021 2999 τήν
1042 2916 1182 2996 πικρίαν
1208 2929 1284 2979 σου.
1327 2911 1404 2997 αῦτη

240 3033 273 3086 25
292 3016 385 3083 ἐστὶν
401 3011 422 3099 ή
444 3012 521 3092 ὁδδς
540 3013 598 3098 τῆς
612 3017 706 3099 ζωῆς,
729 3004 770 3100 ἧς
787 3015 918 3099 γένοιτο
938 3013 1033 3093 έντδς
1046 3011 1133 3100 ὑμᾶς
1154 3011 1337 3100 εὑρεθῆναι
1352 3013 1403 3080 διά

287 3117 394 3203 Ἰησοῦ
416 3121 555 3203 χριστοῦ
575 3120 636 3182 τοῦ
664 3121 786 3202 κυρίου
807 3113 912 3203 ήμῶν.
933 3123 937 3204 Ι
957 3114 977 3202 ή
999 3118 1037 3183 δὲ
1067 3113 1145 3194 ὁδὸς
1172 3121 1233 3182 τοῦ
1253 3113 1402 3182 θανάτου
1414 3126 1449 3189 18

291 3219 383 3286 ἐστὶν
403 3219 442 3286 έν
456 3219 596 3306 πράξεσι
613 3231 776 3304 πονηραῖς
789 3219 1026 3305 θεωρουμένη·
1051 3219 1090 3286 έν
1104 3217 1191 3305 αὐτῇ
1209 3217 1275 3305 γάρ
1290 3218 1401 3304 ἄγνοια

359 3375 371 3426 1
390 3377 463 3428 Prov
482 3375 522 3439 19,
542 3375 598 3442 181
616 3374 633 3426 6
651 3375 701 3427 Col
719 3375 749 3436 3,
767 3377 801 3428 23
822 3377 826 3438 1
846 3375 863 3427 9
880 3377 957 3444 Αροο
975 3377 1016 3439 22,
1038 3374 1283 3441 18.1811οΡτον
1300 3375 1345 3438 36,
1362 3375 1377 3424 6
1394 3374 1397 3391 ¹

360 3460 391 3511 14
408 3460 501 3511 Ετεοθ
518 3459 565 3524 33,
587 3461 614 3512 11
634 3459 834 3528 -1-Ρε1εδθ,
853 3459 870 3511 6
890 3459 894 3526 1
916 3459 1106 3524 1111110826,
1126 3462 1159 3512 12
1179 3463 1183 3525 1
1205 3459 1236 3511 18
1257 3459 1398 3526 611381

359 3545 363 3611 1
384 3543 415 3594 21
435 3545 503 3595 Rom
523 3545 562 3605 13,
581 3547 598 3596 4

293 3698 303 3748 1
324 3692 378 3763 γάρ
397 3698 471 3765 prius
488 3697 523 3763 >
538 3715 573 3764 γε
589 3700 593 3763 1
610 3700 622 3751 1
642 3713 732 3766 φησιν
749 3716 766 3750 x
782 3699 818 3764 12
835 3712 880 3751 σοι
897 3698 932 3763 >
947 3713 981 3764 γε
996 3697 1001 3762 Ι
1016 3699 1033 3751 8
1049 3696 1233 3750 πεκοιθῦσικ
1250 3715 1292 3750 wx
1307 3699 1340 3762 15
1357 3689 1396 3746 τά·

290 3797 355 3844 ποις
372 3788 384 3833 t
403 3781 439 3848 16
457 3776 590 3850 αίσγάνη]
608 3783 733 3852 προσοηή
753 3782 815 3846 116
832 3783 872 3850 τῷ
887 3782 922 3850 -1-
939 3800 987 3850 γε,
1005 3782 1045 3834 τῦ
1061 3782 1096 3850 -1-
1113 3789 1125 3834 t
1143 3780 1179 3850 11
1200 3776 1253 3834 έάν
1270 3772 1395 3850 111άρε-

289 3860 356 3920 στὸν
371 3867 461 3932 κυρίῳ
472 3873 520 3934 γτλ
533 3867 566 3936 [ῳ
577 3867 605 3935 y]
625 3866 662 3937 18
680 3861 894 3935 έγκαταλείκεις
910 3885 928 3920 x
943 3869 947 3932 1
962 3868 979 3919 11
995 3867 1165 3933 προστίθετε
1182 3885 1207 3918 w
1222 3869 1227 3933 1
1242 3867 1260 3918 8
1274 3859 1397 3933 ἐριστικοῖς

289 3951 333 4017 X!
355 3953 387 4004 12
405 3945 457 4004 οῦκ
476 3947 534 4005 ἔστι
552 3970 566 4005 τ
587 3955 591 4017 1
615 3952 645 4004 13
662 3952 766 4018 κυρίου
782 3951 836 4005 τοῦ
852 3953 927 4006 θεοῦ
943 3969 976 4020 yz
996 3951 1001 4020 1
1022 3953 1054 4004 15
1077 3968 1129 4006 σον
1147 3953 1265 4005 alterum
1283 3951 1317 4016 >
1331 3947 1393 4016 yn!

289 4035 322 4089 16
340 4032 445 4097 αίτίοις
463 4053 515 4088 σου
532 4035 769 4102 ι116γενέωςτ
790 4039 794 4102 1
816 4038 847 4089 11
864 4025 899 4105 ἧς
917 4055 941 4088 w
964 4040 992 4088 in
1011 4053 1107 4090 mura
1126 4040 1247 4105 quinque
1265 4037 1395 4090 liternum

289 4123 389 4190 capaci
417 4123 421 4185 1
447 4123 478 4172 11
498 4119 619 4174 δίδωσίν
636 4139 653 4173 x
678 4122 682 4187 1
710 4122 741 4173 11
765 4115 831 4183 τοῦς
904 4121 936 4174 18
956 4135 1009 4175 σου
1030 4121 1065 4187 >
1087 4139 1111 4172 w
1136 4123 1142 4186 1
1163 4121 1196 4173 18
1213 4115 1269 4188 γάρ
1290 4121 1367 4185 >yx

290 4207 322 4258 18
346 4202 417 4274 φησ1
439 4208 473 4272 -1-
494 4225 525 4275 y,
550 4205 593 4272 ’ῷῆ
616 4221 666 4266 ους
688 4206 722 4274 -1-
744 4224 759 4258 z
784 4207 788 4270 Ι
814 4206 847 4258 19
868 4197 1003 4273 άπερόυη
1026 4223 1044 4258 x
1069 4210 1074 4274 1
1101 4206 1134 4257 12
1156 4201 1321 4274 φοβηθήσει
1341 4219 1362 4251 κ

288 4291 319 4340 21
340 4285 394 4342 είοι
412 4297 459 4356 γει
479 4291 483 4355 1
502 4293 535 4342 22
553 4281 704 4344 άποτίσετε
722 4309 759 4355 w,
778 4282 904 4344 άπίδοτε
921 4307 955 4356 γε
976 4291 1029 4358 123
1047 4289 1205 4359 προσεοχῆι
1223 4307 1248 4341 w
1262 4289 1312 4356 121
1329 4277 1394 4352 πρά·

290 4372 367 4436 tam
384 4379 415 4424 τί
