3052 4974
301 405 342 468 30
1284 389 1303 458 ρ
1322 390 1425 442 15-10
1519 427 1520 432 1

299 561 518 648 ἁμαρτήματα
537 565 599 627 τοῦ
622 565 721 643 λαοῦ,
744 561 826 645 μήτε
847 557 925 636 τούς
944 561 1190 643 μετανοοῦντας
1211 555 1425 642 ἀποστρέφε-
1519 563 1520 630 Ι

300 672 399 748 σθαι,
429 662 518 741 ὅπως
537 663 581 748 μὴ
604 664 807 747 διαφθείρῃς
828 656 873 738 ἀς
899 659 1036 744 ἄπειρος
1058 658 1095 725 τδ
1116 662 1275 743 ποίμνιον
1298 660 1424 742 κυρίου
1519 645 1520 652 ¹

300 767 357 832 καὶ
383 768 552 851 φαυλίσης
576 762 683 830 αῦτοῦ
708 764 746 829 τὸ
774 761 940 847 ὄνοματὸ
968 758 1089 827 καινδν
1116 759 1155 826 τδ
1179 762 1226 836 είς
1251 757 1313 824 τὸν
1339 757 1425 824 λαδν

300 866 406 935 αὐτοῦ
422 867 588 949 ἐπιτεθέν,
605 863 661 931 καὶ
677 862 896 950 ὀνειδισθήση
911 863 1131 946 *καθάπερ*
1147 861 1183 926 οί
1192 859 1330 927 παλαιοὶ
1346 882 1422 924 ποι-

266 973 413 1055 ιημένες,
448 969 525 1052 περλ
552 958 601 1032 ὦν
626 970 719 1051 έλεγε
740 974 758 1013 *
780 969 828 1054 τῷ
844 963 984 1053 Ἱερεμίμ
1010 963 1176 1048 Ποιμένες
1203 961 1324 1028 πολλοὶ
1352 963 1424 1027 διέ-

301 1079 450 1157 φθειραν
477 1068 538 1136 τὸν
568 1067 750 1152 ἀμπελῦνά
780 1092 864 1153 μου,
900 1066 1070 1152 ἐμόλυναν
1097 1064 1160 1150 τὴν
1192 1067 1425 1150 κληρονομίαν

300 1197 384 1258 μου·
421 1172 478 1238 καλ
505 1173 543 1237 ἐν
569 1170 683 1247 ἀλλοις
708 1169 780 1236 Ἐπὶ
799 1168 878 1246 τοῦς
904 1170 1065 1253 ποιμένας
1083 1166 1290 1253 παρωξύνθη
1314 1163 1333 1230 δ
1353 1172 1424 1231 θυ-

300 1274 362 1360 μός
379 1298 456 1358 μου,
480 1271 537 1338 καὶ
559 1272 615 1338 ἐπί
631 1269 709 1348 τοῦς
728 1269 856 1356 ἀμνούς
875 1269 1135 1354 όργισθνΙσομαι·
1159 1266 1216 1335 καλ
1237 1267 1277 1334 έν
1297 1268 1424 1351 ἑτέροις

296 1374 401 1460 Ὑμεῖς
426 1379 462 1442 ολ
481 1377 580 1463 ἱερεῖς
599 1375 636 1440 οἱ
656 1377 874 1458 φαυλίξοντες
894 1369 933 1437 τδ
956 1369 1061 1455 ὄνομά
1081 1393 1158 1455 μου.
1179 1373 1184 1457 Ι
1203 1367 1286 1436 ίδῦν
1309 1369 1349 1435 δὲ
1377 1367 1422 1434 σῦ
1436 1379 1484 1439 16

252 1499 284 1552 ιο
301 1476 360 1545 τδν
390 1477 623 1564 ἡμαρτηκότα,
654 1473 854 1560 πικρανθεὶς
877 1475 891 1562 ΙΙ
915 1475 1078 1540 κέλευσον
1109 1470 1213 1567 αὐτὸν
1244 1472 1307 1552 ἔξω
1334 1475 1462 1556 phy-7

299 1585 421 1666 θῆναι·
454 1580 511 1646 καὶ
536 1576 709 1668 ἐξελθόντι
732 1574 823 1663 αὐτῷ
848 1577 1084 1662 κρινέσθωσαν
1113 1578 1150 1641 ολ
1164 1574 1334 1657 διάκονοι,
1364 1572 1423 1638 καὶ

302 1685 532 1768 ἐπιζητοῦντες
561 1679 791 1764 κατεχέτωσαν
818 1676 922 1744 αῦτδν
952 1679 1014 1756 ἔξω
1045 1680 1105 1761 τῆς
1133 1679 1328 1760 ἐκκλησίαις,
1364 1673 1422 1741 καλ

301 1785 511 1860 εἰσελθόντες
532 1779 618 1866 ύπέρ
643 1779 787 1847 αὐτοῦ*
813 1779 1047 1865 ἐρωτάτασαν·
1078 1777 1218 1863 καὶγὰρ
1239 1776 1326 1862 ὑπὲρ
1351 1779 1422 1842 νῦν

299 1885 541 1974 ἡμαρτηκότων
562 1880 581 1950 ὁ
602 1881 713 1971 σεοτήρ
734 1881 831 1968 ἠξίου
853 1881 914 1948 τὸν
933 1883 1076 1968 πατέρα,
1103 1875 1148 1958 τδς
1176 1881 1361 1967 γέγραπται
1382 1878 1422 1946 ἐν

252 2009 283 2060 15
300 1992 347 2075 τῷ
367 1985 549 2074 εὐαγγελίῳ
561 1985 692 2070 Πάτερ,
716 1980 799 2068 ἀφες
819 1981 944 2066 αὐτοῖς,
967 1979 1009 2048 ού
1028 1981 1094 2069 γὰρ
1115 1983 1227 2048 οῖδασι
1247 1983 1284 2046 τί
1300 1983 1423 2046 ποιοῦ-

301 2105 367 2154 σιν.
412 2088 488 2154 τότε
508 2085 552 2153 σῦ
574 2085 742 2162 κελεύσεις
766 2087 934 2152 εἰσελθεῖν
954 2083 1073 2168 αύτόν,
1102 2086 1159 2149 καὶ
1180 2081 1368 2169 ἀνακρίνας
1391 2084 1425 2148 εί

300 2201 455 2274 μετανοεῖ
476 2187 533 2256 καὶ
553 2187 643 2269 ἄξιός
661 2188 753 2255 ἐστιν
774 2185 859 2264 ὅλας
879 2189 926 2264 είς
947 2185 1132 2271 ἐκκλησίαν
1151 2185 1422 2269 παραδεχθηναι,

300 2292 466 2378 στιβοόσας
485 2288 589 2358 αύτδν
608 2287 733 2376 ἡμέρας
752 2292 917 2375 νηστειῶν
938 2287 1022 2355 κατά
1043 2286 1082 2354 τδ
1103 2284 1296 2372 ἁμάρτημα,
1320 2285 1423 2369 ἑβδο·

299 2394 408 2478 μάδας
426 2392 490 2459 δύο
509 2390 532 2478 ἦ
551 2405 640 2478 τρεῖς
659 2389 682 2477 ἢ
702 2393 801 2458 πέντε
820 2387 843 2476 ἢ
864 2391 957 2475 ἑπτά,
981 2389 1087 2466 οὕτως
1108 2385 1212 2456 αύτδν
1230 2385 1420 2471 ἀπόλυσον,

249 2515 283 2568 αο
301 2502 396 2574 είπας
413 2494 503 2583 αύτῷ
524 2495 586 2561 ὅσα
605 2492 737 2581 ἁρμόζει
753 2490 958 2579 ἡμαρτηκότι
979 2494 1026 2570 είς
1045 2493 1232 2558 νουθεσίαν
1254 2489 1422 2574 ἐπιπλήσ-

301 2614 404 2662 σοντα
424 2597 599 2662 διδάσκειν
625 2595 682 2662 καὶ
703 2607 883 2682 παραινεῖν
904 2603 933 2678 *,
962 2593 1051 2671 ὅπως
1074 2597 1172 2680 μείνῃ
1199 2589 1279 2678 παρ’
1309 2589 1422 2680 ἑαυτῷ

300 2701 580 2784 ταπεινοφρονῦν
606 2695 663 2763 καὶ
684 2698 843 2781 δεόμενος
863 2700 925 2762 τοῦ
944 2700 1032 2762 θεοῦ
1052 2706 1167 2779 τυχεῖν
1188 2691 1294 2760 αὐτοῦ
1319 2692 1422 2779 εύμε-

300 2802 382 2877 νοῦς
398 2799 455 2864 καλ
473 2798 583 2883 λέγειν
600 2795 679 2864 Ἐἀν
700 2795 840 2883 ἀνομίας
857 2797 1095 2884 παρατηρήσης
1111 2794 1225 2883 κύριε,
1249 2795 1347 2883 κύριε
1368 2798 1421 2874 τίς

298 2898 537 2986 ύποστήσεταις
557 2899 608 2966 ὅτι
628 2897 720 2983 παρὰ
741 2899 795 2966 σοὶ
824 2896 842 2964 ὁ
870 2899 1008 2985 ἱλασμός
1034 2900 1136 2965 έστιν.
1176 2901 1331 2964 τοιοῦτον
1350 2899 1419 2984 γάρ

248 3023 282 3076 25
298 3027 332 3070 τι
362 2999 568 3088 ύπεμφαίνει
594 3000 652 3068 καὶ
682 3006 720 3067 τὸ
751 3003 790 3068 ἐν
820 3005 873 3087 τῇ.
891 3003 1020 3087 γενέσει
1050 3001 1225 3086 εἰρημένον
1254 3003 1303 3088 τῷ
1327 3000 1419 3066 Κάιν

288 3102 471 3193 Ἢμαρτες;
492 3102 682 3192 ἡσύχασαν·
710 3101 801 3169 τοῦτ’
824 3106 895 3170 ἐστι
913 3101 958 3190 μή
981 3107 1146 3190 προσθῇς.
1191 3099 1241 3168 ὅτι
1270 3098 1336 3186 γάρ
1355 3102 1420 3166 τὸν

366 3322 383 3373 δ
400 3322 515 3375 Hieram
534 3322 579 3386 12,
600 3319 681 3388 1017
700 3320 776 3372 ΖαοῙι
796 3319 835 3382 10,
853 3319 870 3372 3
885 3320 889 3386 Ι
904 3317 921 3370 9
938 3318 1051 3371 Malach
1071 3319 1094 3382 1,
1112 3316 1148 3384 οΙ
1165 3317 1197 3368 15
1213 3317 1273 3368 Luc
1290 3315 1334 3382 23,
1354 3315 1391 3368 34
1412 3314 1419 3382 Ι

366 3405 400 3456 23
418 3406 512 3458 Psalm
531 3405 587 3468 130,
607 3405 632 3459 3.
649 3405 666 3454 4
681 3405 685 3469 Ι
700 3403 734 3456 26
752 3405 812 3456 Gen
829 3405 854 3468 4,
873 3404 888 3454 7

299 3597 316 3650 3
334 3596 483 3663 φαυλίσεις
495 3614 518 3647 w
534 3600 539 3664 Ι
554 3593 613 3651 3τό
626 3589 728 3649 καινόν
739 3597 773 3661 >
784 3613 809 3646 τε
824 3599 828 3662 Ι
843 3599 860 3647 4
871 3588 1074 3664 ἀνειδιοθήσει
1086 3613 1120 3664 υ,
1139 3587 1366 3664 ύνειδινησθύση
1379 3612 1396 3647 ι
1412 3599 1417 3666 Ι

299 3679 377 3734 ml
389 3675 466 3748 σῦ-Ι-
480 3702 505 3734 w
520 3685 524 3750 Ι
539 3680 715 3747 4κα1-Ι-γτ1
729 3682 733 3745 Ι
748 3683 765 3733 5
778 3675 950 3748 ἐλεγεττγτῖ
965 3684 969 3747 Ι
984 3677 1207 3748 meae-pm
1221 3682 1226 3747 Ι
1241 3682 1257 3732 θ
1270 3679 1420 3748 ῖηρεμίαι

301 3769 336 3836 17
355 3759 386 3819 ἐκ
397 3768 494 3828 αλλοις
511 3775 576 3832 th,
593 3759 721 3834 ἀλλαχοῦ
738 3758 866 3834 ἀλλαχοῦ
882 3769 918 3830 Υ,
938 3758 1066 3834 ἀλλαχοῦ
1082 3785 1116 3834 γι
1131 3770 1136 3833 Ι
1150 3768 1167 3819 8
1186 3761 1217 3820 ἐκ
1229 3759 1336 3830 λτέροις
1348 3773 1418 3830 th,

298 3849 387 3904 πόλιν
404 3869 437 3918 γε
452 3854 457 3917 Ι
472 3853 489 3904 0
506 3850 551 3904 σολ
569 3869 583 3902 τ
599 3855 603 3917 Ι
620 3853 652 3902 10
669 3843 845 3919 ἡμαρτικότα
862 3869 887 3902 w
902 3852 907 3917 Ι
924 3853 956 3903 10
967 3850 1150 3918 κιρατθελςι
1165 3854 1170 3917 Ι
1187 3853 1216 3903 11
1232 3843 1263 3902 ἐν
1276 3843 1352 3902 ἅλλα
1370 3842 1420 3914 ἐξ·

300 3935 437 3997 ελθόντος
458 3928 549 3989 αύτοῦ
571 3953 666 4004 margo
690 3941 702 3987 t
722 3936 726 4000 Ι
752 3938 782 3988 11
806 3931 1059 4003 πικραινέσθωσαν
1080 3944 1128 4003 γει
1147 3938 1152 4001 Ι
1173 3937 1204 3988 13
1228 3951 1258 3988 σε
1280 3934 1314 4002 -Ι-
1335 3939 1383 4000 γτῖ
1410 3933 1416 3998 Ι

300 4023 332 4074 14
347 4016 399 4075 τόκ
415 4019 525 4088 πατέρα
542 4013 627 4088 ἠξίου
638 4022 703 4086 γττΙ
721 4022 752 4071 14
770 4015 909 4086 γέγραπτε
922 4039 946 4072 w
961 4024 965 4088 Ι
983 4023 1014 4073 15
1031 4020 1149 4074 οἴδασιν
1165 4027 1230 4088 xyzt
1244 4023 1249 4086 Ι
1265 4021 1297 4072 13
1314 4017 1346 4071 τί
1360 4035 1419 4086 wx,
1488 4061 1491 4068 .

298 4095 372 4173 δγτῖ
387 4109 391 4172 Ι
408 4106 448 4161 15.
463 4105 495 4158 10
506 4105 620 4158 ποιοῦσι
631 4107 697 4170 γτῖΙ
715 4105 746 4156 16
758 4102 893 4158 κέλευσον
903 4123 936 4172 yz
952 4107 957 4170 Ι
973 4107 1005 4158 17
1023 4099 1093 4166 ὅλως
1104 4123 1139 4172 w,
1158 4095 1222 4166 ὅλος
1240 4111 1302 4172 μυεῖ
1315 4098 1418 4170 ἐκκλη-

299 4190 424 4257 σίατγττ
439 4194 443 4257 Ι
460 4190 492 4242 18
509 4181 629 4258 ἡμέραις
639 4197 687 4256 yzt
706 4188 759 4252 120
777 4183 867 4242 είκώτ
883 4195 930 4255 γτῖ
949 4192 953 4255 Ι
973 4191 1014 4242 20.
1028 4193 1060 4242 21
1080 4183 1289 4256 ἐπιπλήττοντα
1306 4189 1340 4252 >
1358 4205 1381 4237 w
1410 4179 1416 4250 Ι

297 4277 329 4327 21
354 4269 500 4329 διδάσκων
522 4271 571 4326 καὶ
594 4273 727 4340 παρενοίτ
743 4291 768 4324 w
795 4275 799 4339 Ι
825 4276 856 4330 21
877 4265 967 4325 αύτδν
988 4277 1022 4340 -Ι-
1040 4278 1087 4341 w!
1116 4275 1205 4329 2223
1223 4265 1381 4340 εῦμετιόςι
1410 4272 1416 4339 Ι

297 4359 331 4409 23
348 4359 546 4428 παρατηρίσης
557 4376 591 4425 w,
604 4355 792 4426 παρατηρήση
804 4365 834 4409 xt
848 4359 853 4422 Ι
868 4361 901 4408 24
914 4356 965 4410 σοῦ
978 4377 1001 4410 w
1016 4361 1021 4424 Ι
1036 4363 1070 4410 24
1089 4353 1146 4412 ἐστι
1158 4365 1206 4425 γεῖ
1220 4360 1225 4422 Ι
1240 4359 1274 4408 20
1286 4352 1363 4408 ε’στιτ
1375 4373 1393 4406 x
