2994 4972
104 419 152 470 ⁶⁷
1162 425 1223 486 ωε

102 583 220 668 ὥσπερ
237 571 301 650 οὖν
317 581 525 667 ἐπείσθημεν
539 586 650 668 Μωσή
668 581 796 648 εἰπόντι
818 581 868 647 ὅτι
886 580 941 648 Ἐν
961 580 1049 667 ἀρχή
1065 564 1223 667 ἐποίησεν

100 683 224 762 ὁθεός
247 682 308 750 τὸν
331 681 479 768 οὐρανόν
501 683 558 750 καὶ
580 681 643 768 τήν
669 688 745 769 γήν,
773 684 830 750 καί
855 683 1067 768 γινώσκομεν
1090 683 1140 750 ὅτι
1163 681 1224 768 οὐχ

98 786 186 872 ὕλης
205 776 251 870 ήν
281 784 415 869 ἐνδεής,
442 784 528 850 ἀλλά
550 786 711 870 βουλήσει
731 785 835 871 μόνῃ,
862 781 885 850 ἀ
910 787 1057 870 ἠθέλησε
1079 785 1223 870 χριστός,

98 892 208 954 ταῦτα
228 886 285 952 καὶ
298 887 504 972 παρήγαγεν,
528 889 668 972 λε’γομεν
689 886 730 972 δή
752 885 911 971 οὐρανόν,
932 891 1009 972 γῆν,
1031 887 1222 970 θάλασσαν,

98 993 118 1030 ³³
141 993 336 1076 φωστῆρες,
364 987 481 1074 ἀστρα,
509 990 657 1072 πετεινά,
681 991 788 1075 νηκτά
806 992 835 1072 *,
858 989 1062 1071 τετράποδα,
1089 987 1257 1073 ἑρπετά,5

99 1091 206 1176 φυτά,
237 1091 400 1176 βοτάνας,
428 1090 488 1157 τόν
515 1089 620 1158 αὐτόν
646 1092 774 1178 τρόπον
803 1091 859 1157 καί
887 1091 1014 1168 πάντας
1042 1089 1223 1176 ἀναστήσει

96 1193 286 1277 θελήματι,
310 1198 508 1278 συνεργείας
529 1191 573 1278 μή
598 1193 765 1277 δεόμενος.
810 1197 869 1277 τής
896 1191 961 1279 γάρ
987 1190 1089 1277 αὐτῆς
1116 1191 1222 1258 δυνά-

97 1295 190 1380 μεως
213 1293 306 1360 ἐστιν
328 1297 430 1380 ἔργον
451 1293 522 1360 *τό
540 1296 787 1381 θημιονργῆσαι
805 1294 933 1379 κόσμον
951 1293 1008 1360 καί
1024 1292 1061 1360 τό
1082 1292 1224 1378 νεκροὺς

97 1397 300 1480 ἀναστῆσαι.
331 1396 388 1462 καὶ
409 1395 483 1462 τότε
503 1398 566 1482 μὲν
585 1394 628 1482 μή
653 1396 732 1462 ὄντα
754 1395 813 1462 τόν
835 1397 1022 1482 ἄνθρωπον
1042 1395 1081 1461 ἐκ
1100 1395 1223 1479 θιαφό

98 1522 175 1583 ρων
204 1497 342 1583 ἐποίησε
362 1501 397 1581 *,
433 1495 514 1576 θοός
538 1496 630 1587 αὐτῷ
657 1496 719 1583 τήν
748 1496 861 1583 ψυχήν
887 1498 925 1563 ἐκ
954 1500 1015 1563 τοῦ
1046 1495 1090 1582 μή
1115 1495 1221 1579 6ντος,
1243 1509 1274 1560 10

99 1604 170 1666 νῦν
185 1599 223 1666 ἀὲ
241 1612 314 1676 ταῖς
330 1597 446 1676 οὔσαις
469 1612 591 1685 ψυχαις
611 1599 652 1666 τά
670 1600 876 1666 θιαλυθέντα
900 1600 1036 1683 στόματα
1059 1597 1221 1664 ἀποτίσει.

99 1705 270 1786 κειμένων
290 1702 356 1785 γάρ
380 1699 512 1786 ἰστινή
539 1700 739 1785 ἀνάστασις,
764 1699 839 1785 οόχί
860 1702 897 1766 δὲ
919 1699 964 1786 μή
989 1697 1221 1785 ὑπαρχόντων.

100 1803 121 1870 ὁ
143 1793 209 1870 οὖν
231 1802 271 1868 τά
293 1807 409 1889 πρώτα
430 1802 567 1887 σάματα
590 1803 629 1869 ἐν
649 1801 694 1888 μή
722 1801 830 1872 ὄντων
856 1802 998 1888 ποιήσας
1020 1801 1076 1868 καὶ
1100 1801 1135 1881 ἐξ
1161 1797 1223 1866 αό-

100 1911 173 1972 τῶν
189 1906 337 1991 διάφορα
353 1904 605 1990 δημιουργήσας
619 1907 647 1988 *,
667 1902 767 1982 αὐτὸς
783 1905 841 1971 καὶ
855 1901 933 1982 τούς
952 1902 1124 1980 θανόντας
1141 1908 1222 1982 ζωο-

100 2007 247 2092 ποιήσας
269 2005 459 2092 ἀναστήσει.
504 2005 522 2071 ὁ
542 2005 607 2092 γάρ
631 2006 670 2073 ἐν
692 2010 733 2092 τῇ
756 2009 866 2094 κοιλίᾳ
887 2004 948 2072 τὸν
974 2005 1161 2089 ἀνθρωπον
1184 2003 1221 2070 ἐκ
1242 2023 1273 2072 15

100 2113 228 2194 μικροῦ
248 2109 436 2194 σπέρματος
455 2113 598 2194 μορφάν
620 2108 677 2174 καὶ
701 2107 812 2193 ψυχήν
841 2105 931 2196 αὐτῷ
951 2105 1012 2174 οὐκ
1036 2096 1143 2172 οὖσαν
1165 2107 1222 2174 ἐυ-

101 2214 339 2297 θήμιουργάν,
363 2208 478 2287 καθώς
501 2208 601 2287 αότός
628 2233 696 2276 που
717 2210 801 2295 φησί
828 2211 873 2297 τῷ
895 2207 1034 2296 Ἱερεμίᾳ
1058 2208 1135 2292 Πρὸ
1160 2211 1222 2273 τοῦ

101 2337 144 2400 με
168 2311 293 2379 πλάσαι
319 2330 364 2380 σε,
387 2315 425 2378 ἐν
452 2316 562 2399 κοιλίᾳ
591 2311 773 2396 ἐπίσταμαί
797 2329 852 2395 σε,
880 2311 937 2376 καὶ
965 2309 1112 2394 ἀλλαχοῦ
1138 2307 1219 2392 Ἐγά

103 2416 222 2498 κύριος
249 2419 396 2502 στερεῶν
424 2411 573 2498 οὐρανὸν
601 2413 657 2480 καί
684 2413 854 2498 θεμελιεόν
880 2417 946 2497 γῆν
976 2411 1032 2478 κα1
1059 2411 1220 2477 πλάσσωυ

103 2520 237 2601 πνεῦμα
264 2514 452 2603 ἀνθρώπου
481 2515 520 2582 ἐν
545 2513 646 2603 αὐτῷ,
676 2513 775 2592 αὐτὸς
793 2515 849 2582 καὶ
869 2515 997 2591 πάντας
1018 2511 1224 2598 ἀνθρώπους
1241 2531 1275 2582 20

103 2618 287 2703 ἀναστήσει
308 2616 413 2684 αὐτοῦ
432 2616 531 2695 ὄντας
552 2617 733 2703 ποιήματα·
758 2615 873 2694 καθώς
891 2617 947 2682 καί
967 2613 987 2701 ή
1010 2619 1089 2682 θεία
1108 2611 1221 2700 γραφή

102 2733 271 2806 μαρτυρεῖ
290 2722 430 2805 λέγοντα
455 2719 515 2785 τόν
539 2717 624 2786 θεόν
644 2723 691 2806 τῷ
713 2731 893 2804 μονογενεῑ
918 2721 1042 2806 χριστῷ
1065 2715 1223 2802 Ποιήσω-

100 2847 169 2908 μεν
194 2821 380 2909 ἀνθρωπου
407 2820 481 2888 κατ’
517 2823 630 2888 εἰκόνα
659 2819 714 2886 καί
742 2819 822 2888 καθ’
855 2818 1015 2906 ὁμοίωσιν
1043 2817 1223 2904 ἡμετέραν

103 2925 163 2992 ιιαί
182 2924 341 3010 ἐποίησεν
356 2919 374 2990 ό
388 2921 470 3001 θεός
488 2921 548 2989 τόν
562 2923 759 3006 ἀνθρωπον,
778 2920 850 2990 κατ’
876 2922 989 2988 εἰκόνα
1006 2924 1093 2988 θεοῦ
1109 2918 1223 3002 ἐποίη-

103 3047 167 3093 σεν
185 3025 304 3094 αὐτόν·
328 3025 432 3112 ἀρσεν
448 3025 504 3090 κα1
524 3030 616 3110 θήλυ
640 3025 799 3111 ἐποίησεν
814 3022 946 3100 αὐτούς.
983 3023 1039 3088 καὶ
1054 3019 1073 3086 ὁ
1086 3006 1222 3087 θειόταῖ
1240 3037 1274 3088 25

103 3153 161 3207 τος
188 3129 245 3194 καὶ
269 3127 466 3212 καρτερικὸς
485 3124 576 3214 Ἰάβ,
605 3125 682 3213 περὶ
706 3117 747 3192 οὗ
774 3121 921 3211 φησινή
948 3121 1061 3208 γραφή
1090 3121 1139 3187 ὅτι
1162 3121 1225 3186 Γέ-

174 3345 187 3396 l
209 3344 301 3396 Genea
321 3345 344 3408 l,
366 3343 378 3396 1
394 3345 399 3409 Ι
416 3345 447 3396 17
466 3344 577 3395 Hierem
599 3342 621 3408 1,
640 3343 656 3394 6
672 3343 676 3409 Ι
692 3341 724 3392 16
742 3340 817 3392 Zach
831 3341 870 3406 12,
891 3341 903 3391 1
921 3339 974 3404 122
993 3339 1085 3392 Genes
1099 3338 1122 3403 1,
1136 3336 1178 3388 26.
1190 3337 1223 3388 27

176 3427 181 3497 Ι
201 3429 301 3481 26101
321 3429 358 3480 fin

104 3629 121 3680 ³
140 3643 237 3693 margo
255 3641 285 3690 y:
305 3641 362 3690 γρφ
382 3616 413 3676 ἰν
431 3622 483 3675 τοό
500 3641 529 3689 μ.
543 3613 625 3684 ὄντος
643 3619 778 3674 πάντα
798 3637 886 3688 γαγεν
900 3621 937 3686 13
955 3611 1100 3687 ήθέλήσεν
1112 3636 1137 3680 x,
1157 3633 1223 3683 προ-

104 3706 212 3778 σετάγη
229 3717 277 3776 γτε
292 3711 296 3772 Ι
311 3711 328 3759 4
346 3702 493 3776 παρήγαγε
511 3717 559 3775 γτι
578 3709 583 3775 Ι
603 3711 619 3758 4
639 3703 675 3775 δή
694 3713 766 3775 κγτι,
787 3705 831 3760 θε1
849 3725 872 3756 w
893 3705 898 3774 Ι
917 3707 933 3756 4
951 3699 1105 3757 θάλασσαν
1121 3704 1156 3768 >
1175 3721 1197 3753 w
1216 3701 1221 3767 Ι

104 3799 121 3848 5
140 3795 203 3864 φῶς
221 3787 311 3847 νόκτα
330 3785 440 3862 ἡμέραν
457 3794 491 3858 «Ι-
508 3802 555 3859 γττ
574 3792 579 3860 Ι
599 3793 616 3844 5
634 3785 786 3846 θάλασσαν
804 3792 838 3859 †
856 3809 879 3842 w
900 3793 904 3856 Ι
924 3792 940 3840 7
959 3790 1112 3858 συνεργίας
1129 3805 1163 3854 γι
1183 3787 1188 3852 Ι
1209 3787 1225 3838 6

104 3882 155 3936 ml
174 3881 209 3948 -Ι-
224 3897 260 3946 γτ
276 3878 280 3940 Ι
295 3879 312 3930 8
329 3871 380 3930 τόν
399 3871 517 3944 νενροός
535 3881 569 3942 τΙ
591 3879 623 3930 16
641 3871 775 3943 ἐποίησεν
793 3883 857 3943 xyzt
876 3875 881 3944 Ι
902 3876 934 3928 10
951 3865 1111 3941 ἄνθρωπον
1128 3874 1162 3938 -Ι-
1179 3875 1227 3936 γτί
1254 3865 1261 3878 ”

105 3968 110 4034 Ι
133 3969 163 4018 11
184 3959 378 4029 διαλελυμένα
395 3981 419 4014 w
438 3964 443 4027 Ι
467 3964 496 4014 11
516 3955 656 4030 ἀποτήσει
674 3981 697 4012 w
718 3964 722 4027 Ι
750 3963 780 4014 13
798 3945 851 4014 οὖν
869 3969 946 4027 xyzt,
966 3955 1021 4028 γάρ
1041 3979 1064 4012 w
1083 3960 1087 4024 Ι
1110 3959 1141 4009 14
1160 3954 1225 4022 εἰδή

103 4053 139 4118 «Ι»
155 4067 190 4116 yz
206 4049 210 4116 Ι
229 4051 260 4100 14
279 4035 362 4108 οὖτος
380 4055 427 4115 γτί
445 4051 450 4113 Ι
473 4050 503 4100 17
521 4042 622 4108 ναθάς
639 4064 730 4113 wxyz,
750 4045 800 4100 καλ
818 4038 855 4106 ἀς
874 4053 885 4097 λ
900 4046 904 4112 Ι
921 4047 951 4096 17
971 4043 1060 4113 φησΙν
1078 4061 1095 4094 x
1110 4042 1114 4109 Ι
1132 4043 1162 4091 17
1182 4047 1225 4106 ἰη-

105 4135 219 4203 ρεμίατ
235 4135 240 4198 Ι
255 4134 287 4196 21
299 4124 445 4201 άναστήσή
456 4137 480 4186 X
495 4131 500 4202 Ι
515 4135 546 4185 21
560 4124 630 4184 ὄντα
640 4135 692 4184 W?
696 4149 729 4198 γι
745 4131 749 4199 Ι
764 4131 794 4183 21
807 4130 917 4197 γραφήι
927 4149 950 4182 w
966 4131 971 4193 Ι
986 4133 1018 4180 22
1032 4123 1151 4195 λέγοντα
1161 4130 1224 4187 th,

105 4213 318 4287 εἰσάγουσαγτ
340 4217 344 4281 Ι
364 4221 396 4270 22
420 4218 469 4270 τάι
493 4218 565 4272 θεῶν
584 4211 634 4268 τόν
651 4217 793 4284 μονογενῆ
812 4207 927 4282 χριστόν
945 4233 982 4266 w=
1007 4216 1040 4264 22
1064 4213 1100 4263 ad
1123 4209 1226 4276 χριστῷ

104 4307 256 4374 adscripsit
275 4321 370 4370 margo
386 4322 406 4370 y
423 4321 481 4370 γρφ
499 4299 552 4356 νόω
567 4304 572 4369 Ι
587 4304 620 4354 25
638 4294 727 4354 αότόν
783 4293 917 4366 ἐποίησεν
934 4299 968 4364 >
985 4315 999 4348 τ
1016 4299 1020 4363 Ι
1035 4297 1077 4348 26.
1090 4295 1123 4348 26
1141 4287 1227 4346 θειά-

103 4409 189 4452 τατυς
206 4409 224 4458 γ
241 4391 245 4456 Ι
261 4388 296 4440 26
314 4386 363 4441 καὶ
382 4381 547 4456 καρτερικὸς
564 4389 598 4454 >
616 4390 653 4440 Υτ
723 4459 726 4466 .
