<?xml version="1.0" encoding="UTF-8"?>
<!DOCTYPE html PUBLIC "-//W3C//DTD XHTML 1.0 Transitional//EN"
    "http://www.w3.org/TR/xhtml1/DTD/xhtml1-transitional.dtd">
<html xmlns="http://www.w3.org/1999/xhtml" xml:lang="en" lang="en">
 <head>
  <title>
</title>
<meta http-equiv="Content-Type" content="text/html;charset=utf-8" />
  <meta name='ocr-system' content='tesseract 3.04.00' />
  <meta name='ocr-capabilities' content='ocr_page ocr_carea ocr_par ocr_line ocrx_word'/>
</head>
<body>
  <div class='ocr_page' id='page_1' title='image "./decontroversiis00schgoog_0475.png"; bbox 0 0 3160 4976; ppageno 0'>
   <div class='ocr_carea' id='block_1_1' title="bbox 1399 379 1448 450">
    <p class='ocr_par' dir='ltr' id='par_1_1' title="bbox 1399 379 1448 450">
     <span class='ocr_line' id='line_1_1' title="bbox 1399 379 1448 450; baseline -0.041 0"><span class='ocrx_word' id='word_1_1' title='bbox 1399 379 1448 450; x_wconf 79' lang='lat'>25</span> 
     </span>
    </p>
   </div>
   <div class='ocr_carea' id='block_1_2' title="bbox 209 551 1513 2466">
    <p class='ocr_par' dir='ltr' id='par_1_2' title="bbox 257 551 1513 964">
     <span class='ocr_line' id='line_1_2' title="bbox 257 551 1506 640; baseline -0.005 -20"><span class='ocrx_word' id='word_1_2' title='bbox 257 559 297 620; x_wconf 82' lang='grc' dir='ltr'>Εί</span> <span class='ocrx_word' id='word_1_3' title='bbox 324 580 369 628; x_wconf 90' lang='grc' dir='ltr'>τις</span> <span class='ocrx_word' id='word_1_4' title='bbox 397 560 557 628; x_wconf 86' lang='grc' dir='ltr'>ἐπίσκοπος</span> <span class='ocrx_word' id='word_1_5' title='bbox 581 560 601 626; x_wconf 87' lang='grc' dir='ltr'>ή</span> <span class='ocrx_word' id='word_1_6' title='bbox 629 553 837 640; x_wconf 85' lang='grc' dir='ltr'>πρεσβύτερος</span> <span class='ocrx_word' id='word_1_7' title='bbox 864 559 883 626; x_wconf 75' lang='grc' dir='ltr'>ἡ</span> <span class='ocrx_word' id='word_1_8' title='bbox 918 552 1056 625; x_wconf 86' lang='grc' dir='ltr'>διάκονος</span> <span class='ocrx_word' id='word_1_9' title='bbox 1087 554 1294 640; x_wconf 84' lang='grc' dir='ltr'>καθαιρεθεὶς</span> <span class='ocrx_word' id='word_1_10' title='bbox 1323 551 1450 624; x_wconf 81' lang='grc' dir='ltr'>δικαίως</span> <span class='ocrx_word' id='word_1_11' title='bbox 1468 573 1506 638; x_wconf 76' lang='grc' dir='ltr'>κη</span> 
     </span>
     <span class='ocr_line' id='line_1_3' title="bbox 257 662 1451 751; baseline -0.003 -25"><span class='ocrx_word' id='word_1_12' title='bbox 257 668 305 728; x_wconf 84' lang='grc' dir='ltr'>ἐπί</span> <span class='ocrx_word' id='word_1_13' title='bbox 329 665 497 750; x_wconf 89' lang='grc' dir='ltr'>ἐγκλήμασι</span> <span class='ocrx_word' id='word_1_14' title='bbox 519 673 662 751; x_wconf 81' lang='grc' dir='ltr'><em>φανεροῖς</em></span> <span class='ocrx_word' id='word_1_15' title='bbox 683 662 856 745; x_wconf 78' lang='grc' dir='ltr'>τολμήσειεν</span> <span class='ocrx_word' id='word_1_16' title='bbox 873 663 1022 742; x_wconf 84' lang='grc' dir='ltr'>ἅψασθαι</span> <span class='ocrx_word' id='word_1_17' title='bbox 1039 673 1095 732; x_wconf 91' lang='grc' dir='ltr'>τής</span> <span class='ocrx_word' id='word_1_18' title='bbox 1114 669 1186 724; x_wconf 77' lang='grc' dir='ltr'>ποτε</span> <span class='ocrx_word' id='word_1_19' title='bbox 1202 662 1451 747; x_wconf 88' lang='grc' dir='ltr'>ἐγχειρισθείσης</span> 
     </span>
     <span class='ocr_line' id='line_1_4' title="bbox 257 768 1449 858; baseline -0.004 -24"><span class='ocrx_word' id='word_1_20' title='bbox 257 775 343 851; x_wconf 80' lang='grc' dir='ltr'>αὐτῷ</span> <span class='ocrx_word' id='word_1_21' title='bbox 376 773 582 858; x_wconf 82' lang='grc' dir='ltr'>λειτουργίας;</span> <span class='ocrx_word' id='word_1_22' title='bbox 616 771 705 843; x_wconf 79' lang='grc' dir='ltr'>οὗτος</span> <span class='ocrx_word' id='word_1_23' title='bbox 739 775 937 833; x_wconf 87' lang='grc' dir='ltr'>παντάπασιν</span> <span class='ocrx_word' id='word_1_24' title='bbox 973 770 1168 832; x_wconf 84' lang='grc' dir='ltr'>ἐκκοπείσθω</span> <span class='ocrx_word' id='word_1_25' title='bbox 1199 781 1255 841; x_wconf 90' lang='grc' dir='ltr'>τής</span> <span class='ocrx_word' id='word_1_26' title='bbox 1280 768 1449 840; x_wconf 74' lang='grc' dir='ltr'>ἐκκλησίας.</span> 
     </span>
     <span class='ocr_line' id='line_1_5' title="bbox 257 869 1513 964; baseline -0.006 -22"><span class='ocrx_word' id='word_1_27' title='bbox 257 881 297 942; x_wconf 79' lang='grc' dir='ltr'>Εἴ</span> <span class='ocrx_word' id='word_1_28' title='bbox 314 901 361 950; x_wconf 88' lang='grc' dir='ltr'>τις</span> <span class='ocrx_word' id='word_1_29' title='bbox 382 883 541 952; x_wconf 81' lang='grc' dir='ltr'><strong>ἐπίσκοπος</strong></span> <span class='ocrx_word' id='word_1_30' title='bbox 559 877 609 940; x_wconf 87' lang='grc' dir='ltr'>διὰ</span> <span class='ocrx_word' id='word_1_31' title='bbox 633 884 804 964; x_wconf 84' lang='grc' dir='ltr'>χρημάτων</span> <span class='ocrx_word' id='word_1_32' title='bbox 827 889 883 949; x_wconf 88' lang='grc' dir='ltr'>τής</span> <span class='ocrx_word' id='word_1_33' title='bbox 900 873 991 950; x_wconf 81' lang='grc' dir='ltr'>ἀξίας</span> <span class='ocrx_word' id='word_1_34' title='bbox 1013 883 1128 949; x_wconf 81' lang='grc' dir='ltr'><strong><em>ταύτης</em></strong></span> <span class='ocrx_word' id='word_1_35' title='bbox 1151 881 1304 962; x_wconf 83' lang='grc' dir='ltr'>ἐγκρατής</span> <span class='ocrx_word' id='word_1_36' title='bbox 1326 881 1451 960; x_wconf 90' lang='grc' dir='ltr'>γίνηται</span> <span class='ocrx_word' id='word_1_37' title='bbox 1470 869 1513 936; x_wconf 77' lang='grc' dir='ltr'>τό</span> 
     </span>
    </p>

    <p class='ocr_par' dir='ltr' id='par_1_3' title="bbox 227 969 1485 1500">
     <span class='ocr_line' id='line_1_6' title="bbox 227 969 1452 1072; baseline -0.004 -22"><span class='ocrx_word' id='word_1_38' title='bbox 227 1004 240 1042; x_wconf 71' lang='grc' dir='ltr'>ο</span> <span class='ocrx_word' id='word_1_39' title='bbox 256 992 275 1069; x_wconf 81' lang='grc' dir='ltr'>ή</span> <span class='ocrx_word' id='word_1_40' title='bbox 291 986 530 1072; x_wconf 77' lang='grc' dir='ltr'>πρεσβύτεροςή</span> <span class='ocrx_word' id='word_1_41' title='bbox 545 985 702 1057; x_wconf 76' lang='grc' dir='ltr'>διάκονοςτ</span> <span class='ocrx_word' id='word_1_42' title='bbox 724 985 946 1069; x_wconf 67' lang='grc' dir='ltr'>καθαιρείσθω</span> <span class='ocrx_word' id='word_1_43' title='bbox 959 991 1010 1047; x_wconf 84' lang='grc' dir='ltr'>καί</span> <span class='ocrx_word' id='word_1_44' title='bbox 1021 988 1116 1058; x_wconf 77' lang='grc' dir='ltr'>αὐτὸς</span> <span class='ocrx_word' id='word_1_45' title='bbox 1132 991 1182 1048; x_wconf 85' lang='grc' dir='ltr'>καί</span> <span class='ocrx_word' id='word_1_46' title='bbox 1197 969 1215 1047; x_wconf 88' lang='grc' dir='ltr'>ό</span> <span class='ocrx_word' id='word_1_47' title='bbox 1231 990 1452 1069; x_wconf 74' lang='grc' dir='ltr'>χειροτονήσας</span> 
     </span>
     <span class='ocr_line' id='line_1_7' title="bbox 256 1091 1453 1174; baseline -0.004 -17"><span class='ocrx_word' id='word_1_48' title='bbox 256 1103 306 1160; x_wconf 76' lang='grc' dir='ltr'>καί</span> <span class='ocrx_word' id='word_1_49' title='bbox 323 1097 578 1159; x_wconf 83' lang='grc' dir='ltr'>ἐκκοπτέσθωσαν</span> <span class='ocrx_word' id='word_1_50' title='bbox 595 1098 776 1156; x_wconf 86' lang='grc' dir='ltr'>παντάπασι</span> <span class='ocrx_word' id='word_1_51' title='bbox 791 1091 863 1154; x_wconf 64' lang='grc' dir='ltr'>καί*</span> <span class='ocrx_word' id='word_1_52' title='bbox 880 1103 933 1164; x_wconf 90' lang='grc' dir='ltr'>τής</span> <span class='ocrx_word' id='word_1_53' title='bbox 952 1099 1122 1172; x_wconf 74' lang='grc' dir='ltr'>κοινωνίας,</span> <span class='ocrx_word' id='word_1_54' title='bbox 1139 1095 1183 1164; x_wconf 88' lang='grc' dir='ltr'>ὡς</span> <span class='ocrx_word' id='word_1_55' title='bbox 1198 1093 1301 1174; x_wconf 86' lang='grc' dir='ltr'>Σίμων</span> <span class='ocrx_word' id='word_1_56' title='bbox 1318 1094 1333 1154; x_wconf 88' lang='grc' dir='ltr'>ό</span> <span class='ocrx_word' id='word_1_57' title='bbox 1350 1095 1453 1174; x_wconf 84' lang='grc' dir='ltr'>μάγος</span> 
     </span>
     <span class='ocr_line' id='line_1_8' title="bbox 256 1202 569 1287; baseline -0.01 -21"><span class='ocrx_word' id='word_1_58' title='bbox 256 1202 307 1266; x_wconf 81' lang='grc' dir='ltr'>ὑπ’</span> <span class='ocrx_word' id='word_1_59' title='bbox 324 1207 398 1286; x_wconf 81' lang='grc' dir='ltr'>ἐμοῦ</span> <span class='ocrx_word' id='word_1_60' title='bbox 415 1204 541 1287; x_wconf 79' lang='grc' dir='ltr'>Πέτρου.</span> <span class='ocrx_word' id='word_1_61' title='bbox 555 1211 569 1239; x_wconf 72' lang='lat'><em>²</em></span> 
     </span>
     <span class='ocr_line' id='line_1_9' title="bbox 257 1303 1485 1392; baseline -0.004 -20"><span class='ocrx_word' id='word_1_62' title='bbox 257 1313 295 1372; x_wconf 82' lang='grc' dir='ltr'>Εἰ</span> <span class='ocrx_word' id='word_1_63' title='bbox 309 1331 355 1380; x_wconf 87' lang='grc' dir='ltr'>τις</span> <span class='ocrx_word' id='word_1_64' title='bbox 378 1311 539 1380; x_wconf 79' lang='grc' dir='ltr'>ἐπίσκοπος</span> <span class='ocrx_word' id='word_1_65' title='bbox 561 1317 711 1391; x_wconf 81' lang='grc' dir='ltr'>κοσμικαῖς</span> <span class='ocrx_word' id='word_1_66' title='bbox 735 1310 865 1392; x_wconf 85' lang='grc' dir='ltr'>ἄρχουσι</span> <span class='ocrx_word' id='word_1_67' title='bbox 887 1303 1085 1390; x_wconf 79' lang='grc' dir='ltr'>χρησάμενος</span> <span class='ocrx_word' id='word_1_68' title='bbox 1109 1305 1146 1369; x_wconf 89' lang='grc' dir='ltr'>δι’</span> <span class='ocrx_word' id='word_1_69' title='bbox 1172 1309 1275 1368; x_wconf 79' lang='grc' dir='ltr'>αὐτῶν</span> <span class='ocrx_word' id='word_1_70' title='bbox 1300 1303 1485 1390; x_wconf 81' lang='grc' dir='ltr'>ἐγκρατήςλ</span> 
     </span>
     <span class='ocr_line' id='line_1_10' title="bbox 256 1414 1452 1500; baseline -0.004 -22"><span class='ocrx_word' id='word_1_71' title='bbox 256 1415 415 1486; x_wconf 67' lang='grc' dir='ltr'>ὺικλησίας</span> <span class='ocrx_word' id='word_1_72' title='bbox 432 1420 575 1500; x_wconf 78' lang='grc' dir='ltr'>γένηταιε</span> <span class='ocrx_word' id='word_1_73' title='bbox 601 1415 822 1499; x_wconf 70' lang='grc' dir='ltr'>καθαιρείσθω</span> <span class='ocrx_word' id='word_1_74' title='bbox 846 1419 895 1476; x_wconf 81' lang='grc' dir='ltr'>καί</span> <span class='ocrx_word' id='word_1_75' title='bbox 913 1414 1114 1500; x_wconf 82' lang='grc' dir='ltr'>ἀφοριζέσθω</span> <span class='ocrx_word' id='word_1_76' title='bbox 1133 1420 1182 1476; x_wconf 83' lang='grc' dir='ltr'>καί</span> <span class='ocrx_word' id='word_1_77' title='bbox 1199 1418 1228 1476; x_wconf 91' lang='grc' dir='ltr'>οί</span> <span class='ocrx_word' id='word_1_78' title='bbox 1243 1423 1452 1484; x_wconf 76' lang='grc' dir='ltr'>κοινωνοῦντες</span> 
     </span>
    </p>

    <p class='ocr_par' dir='ltr' id='par_1_4' title="bbox 214 1519 1511 2036">
     <span class='ocr_line' id='line_1_11' title="bbox 214 1519 514 1601; baseline -0.007 -15"><span class='ocrx_word' id='word_1_79' title='bbox 214 1538 239 1576; x_wconf 88' lang='lat'>¹⁰</span> <span class='ocrx_word' id='word_1_80' title='bbox 257 1526 345 1601; x_wconf 79' lang='grc' dir='ltr'>αὐτῷ</span> <span class='ocrx_word' id='word_1_81' title='bbox 362 1519 514 1594; x_wconf 76' lang='grc' dir='ltr'>πάντες.β</span> 
     </span>
     <span class='ocr_line' id='line_1_12' title="bbox 256 1625 1511 1717; baseline -0.004 -25"><span class='ocrx_word' id='word_1_82' title='bbox 256 1629 295 1692; x_wconf 77' lang='lat' dir='ltr'>Et</span> <span class='ocrx_word' id='word_1_83' title='bbox 304 1653 348 1702; x_wconf 90' lang='grc' dir='ltr'>τις</span> <span class='ocrx_word' id='word_1_84' title='bbox 362 1630 569 1715; x_wconf 79' lang='grc' dir='ltr'>πρεσβύτερος</span> <span class='ocrx_word' id='word_1_85' title='bbox 581 1638 821 1717; x_wconf 73' lang='grc' dir='ltr'>καταφρονήσας</span> <span class='ocrx_word' id='word_1_86' title='bbox 834 1638 887 1691; x_wconf 85' lang='grc' dir='ltr'>τοῦ</span> <span class='ocrx_word' id='word_1_87' title='bbox 904 1628 980 1692; x_wconf 82' lang='grc' dir='ltr'>ἰδίου</span> <span class='ocrx_word' id='word_1_88' title='bbox 997 1631 1157 1691; x_wconf 78' lang='grc' dir='ltr'>ἐπισκόπου</span> <span class='ocrx_word' id='word_1_89' title='bbox 1175 1636 1272 1714; x_wconf 85' lang='grc' dir='ltr'>χωρίς</span> <span class='ocrx_word' id='word_1_90' title='bbox 1286 1630 1451 1710; x_wconf 77' lang='grc' dir='ltr'>συναγάγῃ</span> <span class='ocrx_word' id='word_1_91' title='bbox 1469 1625 1511 1688; x_wconf 87' lang='grc' dir='ltr'>λα</span> 
     </span>
     <span class='ocr_line' id='line_1_13' title="bbox 255 1733 1450 1824; baseline -0.003 -26"><span class='ocrx_word' id='word_1_92' title='bbox 255 1743 304 1798; x_wconf 84' lang='grc' dir='ltr'>καί</span> <span class='ocrx_word' id='word_1_93' title='bbox 326 1737 548 1824; x_wconf 71' lang='grc' dir='ltr'>θυσιαστήριον</span> <span class='ocrx_word' id='word_1_94' title='bbox 573 1740 671 1823; x_wconf 75' lang='grc' dir='ltr'>ἕτερον</span> <span class='ocrx_word' id='word_1_95' title='bbox 696 1733 793 1820; x_wconf 79' lang='grc' dir='ltr'>πήξη,</span> <span class='ocrx_word' id='word_1_96' title='bbox 818 1736 914 1821; x_wconf 77' lang='grc' dir='ltr'>μηδὲν</span> <span class='ocrx_word' id='word_1_97' title='bbox 938 1742 1140 1820; x_wconf 81' lang='grc' dir='ltr'>κατεγνωκὼς</span> <span class='ocrx_word' id='word_1_98' title='bbox 1162 1747 1214 1798; x_wconf 82' lang='grc' dir='ltr'>τοῦ</span> <span class='ocrx_word' id='word_1_99' title='bbox 1240 1739 1400 1799; x_wconf 76' lang='grc' dir='ltr'>ἐπισκόπου</span> <span class='ocrx_word' id='word_1_100' title='bbox 1421 1737 1450 1796; x_wconf 90' lang='grc' dir='ltr'>ἐν</span> 
     </span>
     <span class='ocr_line' id='line_1_14' title="bbox 255 1843 1450 1932; baseline -0.004 -24"><span class='ocrx_word' id='word_1_101' title='bbox 255 1843 398 1927; x_wconf 82' lang='grc' dir='ltr'>εὐσεβείᾳ</span> <span class='ocrx_word' id='word_1_102' title='bbox 418 1851 468 1906; x_wconf 82' lang='grc' dir='ltr'>καί</span> <span class='ocrx_word' id='word_1_103' title='bbox 492 1844 680 1928; x_wconf 74' lang='grc' dir='ltr'>δικαιοσύνηι</span> <span class='ocrx_word' id='word_1_104' title='bbox 704 1845 925 1929; x_wconf 85' lang='grc' dir='ltr'>καθαιρείσθω</span> <span class='ocrx_word' id='word_1_105' title='bbox 949 1845 993 1916; x_wconf 87' lang='grc' dir='ltr'>ὡς</span> <span class='ocrx_word' id='word_1_106' title='bbox 1017 1844 1180 1932; x_wconf 89' lang='grc' dir='ltr'>φίλαρχος.</span> <span class='ocrx_word' id='word_1_107' title='bbox 1218 1850 1366 1928; x_wconf 82' lang='grc' dir='ltr'>τύραννος</span> <span class='ocrx_word' id='word_1_108' title='bbox 1388 1847 1450 1926; x_wconf 89' lang='grc' dir='ltr'>γὰρ</span> 
     </span>
     <span class='ocr_line' id='line_1_15' title="bbox 255 1951 1449 2036; baseline 0 -24"><span class='ocrx_word' id='word_1_109' title='bbox 255 1957 344 2014; x_wconf 81' lang='grc' dir='ltr'>ἔστιν.</span> <span class='ocrx_word' id='word_1_110' title='bbox 366 1957 517 2024; x_wconf 81' lang='grc' dir='ltr'>ὡσαύτως</span> <span class='ocrx_word' id='word_1_111' title='bbox 536 1953 568 2014; x_wconf 79' lang='grc' dir='ltr'>δὲ</span> <span class='ocrx_word' id='word_1_112' title='bbox 587 1960 636 2014; x_wconf 87' lang='grc' dir='ltr'>καί</span> <span class='ocrx_word' id='word_1_113' title='bbox 655 1958 684 2015; x_wconf 88' lang='grc' dir='ltr'>οί</span> <span class='ocrx_word' id='word_1_114' title='bbox 702 1953 797 2016; x_wconf 87' lang='grc' dir='ltr'>λοιποί</span> <span class='ocrx_word' id='word_1_115' title='bbox 817 1952 957 2036; x_wconf 82' lang='grc' dir='ltr'>κληρικοί,</span> <span class='ocrx_word' id='word_1_116' title='bbox 982 1955 1045 2015; x_wconf 83' lang='grc' dir='ltr'>ὅσοι</span> <span class='ocrx_word' id='word_1_117' title='bbox 1068 1954 1106 2014; x_wconf 87' lang='grc' dir='ltr'>ἂν</span> <span class='ocrx_word' id='word_1_118' title='bbox 1130 1954 1215 2031; x_wconf 76' lang='grc' dir='ltr'>αὐτῷ</span> <span class='ocrx_word' id='word_1_119' title='bbox 1236 1951 1449 2036; x_wconf 83' lang='grc' dir='ltr'>προσθῶνται.</span> 
     </span>
    </p>

    <p class='ocr_par' dir='ltr' id='par_1_5' title="bbox 209 2058 1510 2466">
     <span class='ocr_line' id='line_1_16' title="bbox 209 2058 1452 2147; baseline 0 -27"><span class='ocrx_word' id='word_1_120' title='bbox 209 2079 235 2120; x_wconf 83' lang='grc' dir='ltr'>1ο</span> <span class='ocrx_word' id='word_1_121' title='bbox 254 2063 281 2121; x_wconf 86' lang='grc' dir='ltr'>οἱ</span> <span class='ocrx_word' id='word_1_122' title='bbox 304 2059 336 2121; x_wconf 90' lang='grc' dir='ltr'>δέ</span> <span class='ocrx_word' id='word_1_123' title='bbox 359 2060 455 2122; x_wconf 85' lang='grc' dir='ltr'>λαίκοί</span> <span class='ocrx_word' id='word_1_124' title='bbox 480 2061 753 2147; x_wconf 81' lang='grc' dir='ltr'>ἀφοριζέσθωσαν.</span> <span class='ocrx_word' id='word_1_125' title='bbox 777 2069 878 2122; x_wconf 84' lang='grc' dir='ltr'>ταῦτα</span> <span class='ocrx_word' id='word_1_126' title='bbox 904 2058 936 2122; x_wconf 88' lang='grc' dir='ltr'>δέ</span> <span class='ocrx_word' id='word_1_127' title='bbox 958 2065 1037 2142; x_wconf 80' lang='grc' dir='ltr'>μετὰ</span> <span class='ocrx_word' id='word_1_128' title='bbox 1063 2067 1137 2143; x_wconf 86' lang='grc' dir='ltr'>μίαν</span> <span class='ocrx_word' id='word_1_129' title='bbox 1160 2067 1210 2123; x_wconf 82' lang='grc' dir='ltr'>καί</span> <span class='ocrx_word' id='word_1_130' title='bbox 1233 2058 1377 2142; x_wconf 74' lang='grc' dir='ltr'>δευτέραν</span> <span class='ocrx_word' id='word_1_131' title='bbox 1401 2064 1452 2120; x_wconf 82' lang='grc' dir='ltr'>καί</span> 
     </span>
     <span class='ocr_line' id='line_1_17' title="bbox 252 2167 995 2252; baseline 0 -24"><span class='ocrx_word' id='word_1_132' title='bbox 252 2167 353 2252; x_wconf 89' lang='grc' dir='ltr'>τρίτην</span> <span class='ocrx_word' id='word_1_133' title='bbox 367 2167 555 2250; x_wconf 87' lang='grc' dir='ltr'>παράκλησιν</span> <span class='ocrx_word' id='word_1_134' title='bbox 574 2177 625 2229; x_wconf 85' lang='grc' dir='ltr'>τοῦ</span> <span class='ocrx_word' id='word_1_135' title='bbox 643 2170 806 2230; x_wconf 76' lang='grc' dir='ltr'>ἐπισκόπου</span> <span class='ocrx_word' id='word_1_136' title='bbox 818 2167 967 2250; x_wconf 82' lang='grc' dir='ltr'>γινέσθω.</span> <span class='ocrx_word' id='word_1_137' title='bbox 982 2177 995 2220; x_wconf 74' lang='grc' dir='ltr'>ἵ</span> 
     </span>
     <span class='ocr_line' id='line_1_18' title="bbox 253 2267 1510 2359; baseline -0.004 -23"><span class='ocrx_word' id='word_1_138' title='bbox 253 2277 292 2336; x_wconf 69' lang='lat' dir='ltr'>Et</span> <span class='ocrx_word' id='word_1_139' title='bbox 312 2295 358 2345; x_wconf 91' lang='grc' dir='ltr'>τις</span> <span class='ocrx_word' id='word_1_140' title='bbox 379 2273 584 2358; x_wconf 77' lang='grc' dir='ltr'>πρεσβύτερος</span> <span class='ocrx_word' id='word_1_141' title='bbox 607 2279 626 2346; x_wconf 86' lang='grc' dir='ltr'>ή</span> <span class='ocrx_word' id='word_1_142' title='bbox 650 2274 790 2345; x_wconf 86' lang='grc' dir='ltr'>διάκονος</span> <span class='ocrx_word' id='word_1_143' title='bbox 810 2279 868 2338; x_wconf 82' lang='grc' dir='ltr'>ὑπό</span> <span class='ocrx_word' id='word_1_144' title='bbox 885 2277 1048 2336; x_wconf 84' lang='grc' dir='ltr'>ἐπισκόπου</span> <span class='ocrx_word' id='word_1_145' title='bbox 1070 2279 1197 2355; x_wconf 86' lang='grc' dir='ltr'>γένηται</span> <span class='ocrx_word' id='word_1_146' title='bbox 1221 2275 1252 2334; x_wconf 91' lang='grc' dir='ltr'>ἐν</span> <span class='ocrx_word' id='word_1_147' title='bbox 1276 2273 1451 2359; x_wconf 83' lang='grc' dir='ltr'>ἀφορισμῷ,</span> <span class='ocrx_word' id='word_1_148' title='bbox 1470 2267 1510 2352; x_wconf 77' lang='grc' dir='ltr'>λβ</span> 
     </span>
     <span class='ocr_line' id='line_1_19' title="bbox 254 2378 1452 2466; baseline -0.002 -24"><span class='ocrx_word' id='word_1_149' title='bbox 254 2391 359 2443; x_wconf 81' lang='grc' dir='ltr'>τοῦτον</span> <span class='ocrx_word' id='word_1_150' title='bbox 406 2390 447 2463; x_wconf 90' lang='grc' dir='ltr'>μή</span> <span class='ocrx_word' id='word_1_151' title='bbox 488 2378 596 2456; x_wconf 82' lang='grc' dir='ltr'>ἐξεῖναι</span> <span class='ocrx_word' id='word_1_152' title='bbox 635 2378 710 2466; x_wconf 85' lang='grc' dir='ltr'>παρ’</span> <span class='ocrx_word' id='word_1_153' title='bbox 744 2385 846 2466; x_wconf 79' lang='grc' dir='ltr'>ἐτέρου</span> <span class='ocrx_word' id='word_1_154' title='bbox 886 2380 1059 2465; x_wconf 86' lang='grc' dir='ltr'>δεχθήναι,</span> <span class='ocrx_word' id='word_1_155' title='bbox 1107 2379 1173 2444; x_wconf 80' lang='grc' dir='ltr'>ἀλλ’</span> <span class='ocrx_word' id='word_1_156' title='bbox 1212 2383 1231 2450; x_wconf 83' lang='grc' dir='ltr'>ή</span> <span class='ocrx_word' id='word_1_157' title='bbox 1271 2384 1359 2464; x_wconf 85' lang='grc' dir='ltr'>παρὰ</span> <span class='ocrx_word' id='word_1_158' title='bbox 1398 2387 1452 2440; x_wconf 89' lang='grc' dir='ltr'>τοῦ</span> 
     </span>
    </p>
   </div>
   <div class='ocr_carea' id='block_1_3' title="bbox 253 2498 1455 4475">
    <p class='ocr_par' dir='ltr' id='par_1_6' title="bbox 253 2498 1454 3380">
     <span class='ocr_line' id='line_1_20' title="bbox 253 2498 1452 2575; baseline -0.004 -19"><span class='ocrx_word' id='word_1_159' title='bbox 253 2503 395 2556; x_wconf 78' lang='grc' dir='ltr'>ὑπεναντία</span> <span class='ocrx_word' id='word_1_160' title='bbox 415 2508 496 2556; x_wconf 82' lang='grc' dir='ltr'>ποιῶν</span> <span class='ocrx_word' id='word_1_161' title='bbox 510 2507 547 2574; x_wconf 84' lang='grc' dir='ltr'>τῷ</span> <span class='ocrx_word' id='word_1_162' title='bbox 560 2504 690 2556; x_wconf 87' lang='grc' dir='ltr'>κελεύοντι</span> <span class='ocrx_word' id='word_1_163' title='bbox 705 2505 778 2574; x_wconf 80' lang='grc' dir='ltr'>νόμῳ</span> <span class='ocrx_word' id='word_1_164' title='bbox 798 2503 921 2575; x_wconf 83' lang='grc' dir='ltr'>παρέχειν</span> <span class='ocrx_word' id='word_1_165' title='bbox 939 2505 982 2554; x_wconf 86' lang='grc' dir='ltr'>καλ</span> <span class='ocrx_word' id='word_1_166' title='bbox 998 2505 1046 2564; x_wconf 85' lang='grc' dir='ltr'>τήν</span> <span class='ocrx_word' id='word_1_167' title='bbox 1064 2502 1159 2564; x_wconf 77' lang='grc' dir='ltr'>λοιπήν</span> <span class='ocrx_word' id='word_1_168' title='bbox 1174 2503 1287 2570; x_wconf 85' lang='grc' dir='ltr'>σιαγόνα</span> <span class='ocrx_word' id='word_1_169' title='bbox 1304 2501 1400 2569; x_wconf 79' lang='grc' dir='ltr'>τούτῳ,</span> <span class='ocrx_word' id='word_1_170' title='bbox 1422 2498 1452 2560; x_wconf 85' lang='grc' dir='ltr'>δς</span> 
     </span>
     <span class='ocr_line' id='line_1_21' title="bbox 253 2588 1451 2665; baseline -0.002 -21"><span class='ocrx_word' id='word_1_171' title='bbox 253 2589 282 2655; x_wconf 79' lang='grc' dir='ltr'>ἐξ</span> <span class='ocrx_word' id='word_1_172' title='bbox 293 2590 440 2650; x_wconf 75' lang='grc' dir='ltr'>αὐθαδείας</span> <span class='ocrx_word' id='word_1_173' title='bbox 452 2592 514 2659; x_wconf 74' lang='grc' dir='ltr'>ἡμῖν</span> <span class='ocrx_word' id='word_1_174' title='bbox 527 2592 594 2644; x_wconf 81' lang='grc' dir='ltr'>κατὰ</span> <span class='ocrx_word' id='word_1_175' title='bbox 608 2592 702 2665; x_wconf 81' lang='grc' dir='ltr'>κόρρης</span> <span class='ocrx_word' id='word_1_176' title='bbox 712 2592 832 2660; x_wconf 82' lang='grc' dir='ltr'>ἤνεγκεν,</span> <span class='ocrx_word' id='word_1_177' title='bbox 852 2591 1028 2660; x_wconf 83' lang='grc' dir='ltr'>ἀκατασχέτερ</span> <span class='ocrx_word' id='word_1_178' title='bbox 1038 2592 1120 2660; x_wconf 85' lang='grc' dir='ltr'>θυμῷ</span> <span class='ocrx_word' id='word_1_179' title='bbox 1133 2590 1262 2660; x_wconf 80' lang='grc' dir='ltr'>ληφθείς,</span> <span class='ocrx_word' id='word_1_180' title='bbox 1280 2592 1328 2650; x_wconf 86' lang='grc' dir='ltr'>τήν</span> <span class='ocrx_word' id='word_1_181' title='bbox 1339 2588 1451 2656; x_wconf 87' lang='grc' dir='ltr'>πληγήν.</span> 
     </span>
     <span class='ocr_line' id='line_1_22' title="bbox 255 2675 1452 2753; baseline -0.004 -19"><span class='ocrx_word' id='word_1_182' title='bbox 255 2681 268 2733; x_wconf 86' lang='grc' dir='ltr'><strong><em>ὁ</em></strong></span> <span class='ocrx_word' id='word_1_183' title='bbox 285 2685 403 2741; x_wconf 86' lang='grc' dir='ltr'>τοιοῦτος</span> <span class='ocrx_word' id='word_1_184' title='bbox 423 2675 469 2733; x_wconf 80' lang='grc' dir='ltr'>οὖν</span> <span class='ocrx_word' id='word_1_185' title='bbox 490 2679 584 2751; x_wconf 84' lang='grc' dir='ltr'>ἔνοχος</span> <span class='ocrx_word' id='word_1_186' title='bbox 604 2685 641 2750; x_wconf 86' lang='grc' dir='ltr'>τῷ</span> <span class='ocrx_word' id='word_1_187' title='bbox 662 2681 723 2753; x_wconf 86' lang='grc' dir='ltr'>ἱερῷ</span> <span class='ocrx_word' id='word_1_188' title='bbox 741 2683 827 2751; x_wconf 84' lang='grc' dir='ltr'>τούτῳ</span> <span class='ocrx_word' id='word_1_189' title='bbox 847 2683 937 2750; x_wconf 82' lang='grc' dir='ltr'>νόμῳ,</span> <span class='ocrx_word' id='word_1_190' title='bbox 962 2679 1027 2734; x_wconf 82' lang='grc' dir='ltr'>ἀλλ’</span> <span class='ocrx_word' id='word_1_191' title='bbox 1047 2678 1094 2733; x_wconf 79' lang='grc' dir='ltr'>οὐκ</span> <span class='ocrx_word' id='word_1_192' title='bbox 1111 2679 1207 2739; x_wconf 88' lang='grc' dir='ltr'>ἐκεῖνος</span> <span class='ocrx_word' id='word_1_193' title='bbox 1227 2679 1255 2738; x_wconf 81' lang='grc' dir='ltr'>ὃς</span> <span class='ocrx_word' id='word_1_194' title='bbox 1273 2681 1317 2732; x_wconf 90' lang='grc' dir='ltr'>τδν</span> <span class='ocrx_word' id='word_1_195' title='bbox 1337 2677 1374 2738; x_wconf 87' lang='grc' dir='ltr'>είς</span> <span class='ocrx_word' id='word_1_196' title='bbox 1395 2677 1452 2751; x_wconf 83' lang='grc' dir='ltr'>ἱερὰ</span> 
     </span>
     <span class='ocr_line' id='line_1_23' title="bbox 255 2765 1452 2842; baseline -0.003 -22"><span class='ocrx_word' id='word_1_197' title='bbox 255 2774 457 2842; x_wconf 80' lang='grc' dir='ltr'>παρανομοῦντα</span> <span class='ocrx_word' id='word_1_198' title='bbox 476 2771 593 2842; x_wconf 82' lang='grc' dir='ltr'>σώφρονι</span> <span class='ocrx_word' id='word_1_199' title='bbox 611 2771 726 2838; x_wconf 84' lang='grc' dir='ltr'>μεἰστιγι,</span> <span class='ocrx_word' id='word_1_200' title='bbox 745 2769 833 2829; x_wconf 85' lang='grc' dir='ltr'>καλῶς</span> <span class='ocrx_word' id='word_1_201' title='bbox 847 2788 875 2838; x_wconf 90' lang='grc' dir='ltr'>γε</span> <span class='ocrx_word' id='word_1_202' title='bbox 891 2775 982 2830; x_wconf 82' lang='grc' dir='ltr'>ποιῶν,</span> <span class='ocrx_word' id='word_1_203' title='bbox 1003 2770 1168 2841; x_wconf 82' lang='grc' dir='ltr'>σωφρονίζει,</span> <span class='ocrx_word' id='word_1_204' title='bbox 1190 2765 1261 2836; x_wconf 74' lang='grc' dir='ltr'>ε’χων</span> <span class='ocrx_word' id='word_1_205' title='bbox 1275 2765 1354 2818; x_wconf 79' lang='grc' dir='ltr'>αὐτόν</span> <span class='ocrx_word' id='word_1_206' title='bbox 1369 2783 1394 2818; x_wconf 86' lang='grc' dir='ltr'>τε</span> <span class='ocrx_word' id='word_1_207' title='bbox 1407 2767 1452 2818; x_wconf 89' lang='grc' dir='ltr'>τδν</span> 
     </span>
     <span class='ocr_line' id='line_1_24' title="bbox 255 2856 1454 2933; baseline -0.004 -20"><span class='ocrx_word' id='word_1_208' title='bbox 255 2862 343 2933; x_wconf 83' lang='grc' dir='ltr'>κύριον</span> <span class='ocrx_word' id='word_1_209' title='bbox 357 2861 499 2930; x_wconf 84' lang='grc' dir='ltr'>σύμφωνον</span> <span class='ocrx_word' id='word_1_210' title='bbox 512 2879 549 2928; x_wconf 86' lang='grc' dir='ltr'>τῳ</span> <span class='ocrx_word' id='word_1_211' title='bbox 564 2857 647 2931; x_wconf 75' lang='grc' dir='ltr'>ἔργῳ,</span> <span class='ocrx_word' id='word_1_212' title='bbox 669 2859 781 2919; x_wconf 81' lang='grc' dir='ltr'>ὁπηνίκα</span> <span class='ocrx_word' id='word_1_213' title='bbox 794 2863 831 2928; x_wconf 84' lang='grc' dir='ltr'>τῷ</span> <span class='ocrx_word' id='word_1_214' title='bbox 846 2860 873 2911; x_wconf 87' lang='grc' dir='ltr'>ἐκ</span> <span class='ocrx_word' id='word_1_215' title='bbox 888 2860 1010 2926; x_wconf 83' lang='grc' dir='ltr'>σχοινίου</span> <span class='ocrx_word' id='word_1_216' title='bbox 1024 2858 1174 2929; x_wconf 83' lang='grc' dir='ltr'>ρραγελλίῳ</span> <span class='ocrx_word' id='word_1_217' title='bbox 1188 2859 1248 2916; x_wconf 81' lang='grc' dir='ltr'>τοὺς</span> <span class='ocrx_word' id='word_1_218' title='bbox 1262 2856 1454 2928; x_wconf 89' lang='grc' dir='ltr'>ίεροκαπήλους</span> 
     </span>
     <span class='ocr_line' id='line_1_25' title="bbox 255 2946 1452 3020; baseline -0.006 -17"><span class='ocrx_word' id='word_1_219' title='bbox 255 2951 376 3014; x_wconf 79' lang='grc' dir='ltr'>ἀπήλασε</span> <span class='ocrx_word' id='word_1_220' title='bbox 394 2951 441 3002; x_wconf 87' lang='grc' dir='ltr'>τοῦ</span> <span class='ocrx_word' id='word_1_221' title='bbox 459 2951 567 3018; x_wconf 83' lang='grc' dir='ltr'>νομικοῠ</span> <span class='ocrx_word' id='word_1_222' title='bbox 587 2949 657 3020; x_wconf 81' lang='grc' dir='ltr'>ἱεροῦ</span> <span class='ocrx_word' id='word_1_223' title='bbox 676 2951 719 3000; x_wconf 82' lang='grc' dir='ltr'>καὶ</span> <span class='ocrx_word' id='word_1_224' title='bbox 739 2951 783 3001; x_wconf 92' lang='grc' dir='ltr'>τδν</span> <span class='ocrx_word' id='word_1_225' title='bbox 802 2947 1007 3020; x_wconf 66' lang='grc' dir='ltr'>ἐπιστρέφεσθαι</span> <span class='ocrx_word' id='word_1_226' title='bbox 1026 2949 1082 3007; x_wconf 75' lang='grc' dir='ltr'>τοῖς</span> <span class='ocrx_word' id='word_1_227' title='bbox 1102 2946 1275 3018; x_wconf 72' lang='grc' dir='ltr'>φοβουμένοις</span> <span class='ocrx_word' id='word_1_228' title='bbox 1294 2948 1338 2999; x_wconf 86' lang='grc' dir='ltr'>τόν</span> <span class='ocrx_word' id='word_1_229' title='bbox 1362 2947 1452 3017; x_wconf 83' lang='grc' dir='ltr'>κύριον</span> 
     </span>
     <span class='ocr_line' id='line_1_26' title="bbox 256 3033 1452 3115; baseline -0.005 -21"><span class='ocrx_word' id='word_1_230' title='bbox 256 3045 299 3095; x_wconf 83' lang='grc' dir='ltr'>καί</span> <span class='ocrx_word' id='word_1_231' title='bbox 312 3041 487 3109; x_wconf 80' lang='grc' dir='ltr'>γινώσκουσιν</span> <span class='ocrx_word' id='word_1_232' title='bbox 498 3038 579 3092; x_wconf 76' lang='grc' dir='ltr'>αὐτοῦ</span> <span class='ocrx_word' id='word_1_233' title='bbox 593 3040 626 3090; x_wconf 85' lang='grc' dir='ltr'>εά</span> <span class='ocrx_word' id='word_1_234' title='bbox 640 3040 771 3111; x_wconf 85' lang='grc' dir='ltr'>μαρτύρια</span> <span class='ocrx_word' id='word_1_235' title='bbox 786 3042 891 3110; x_wconf 80' lang='grc' dir='ltr'>(Ρεείυε.</span> <span class='ocrx_word' id='word_1_236' title='bbox 906 3057 950 3109; x_wconf 86' lang='grc' dir='ltr'>ρεη</span> <span class='ocrx_word' id='word_1_237' title='bbox 967 3038 1033 3115; x_wconf 73' lang='grc' dir='ltr'>[αφ]</span> <span class='ocrx_word' id='word_1_238' title='bbox 1055 3040 1099 3106; x_wconf 82' lang='grc'>79)</span> <span class='ocrx_word' id='word_1_239' title='bbox 1119 3037 1335 3108; x_wconf 88' lang='grc' dir='ltr'>προσευχόμενον,</span> <span class='ocrx_word' id='word_1_240' title='bbox 1354 3039 1398 3088; x_wconf 80' lang='grc' dir='ltr'>καί</span> <span class='ocrx_word' id='word_1_241' title='bbox 1419 3033 1452 3097; x_wconf 79' lang='grc' dir='ltr'>δή</span> 
     </span>
     <span class='ocr_line' id='line_1_27' title="bbox 256 3123 1452 3198; baseline -0.006 -15"><span class='ocrx_word' id='word_1_242' title='bbox 256 3129 353 3190; x_wconf 80' lang='grc' dir='ltr'>αὐτοὺς</span> <span class='ocrx_word' id='word_1_243' title='bbox 374 3131 435 3189; x_wconf 75' lang='grc' dir='ltr'>τοὺς</span> <span class='ocrx_word' id='word_1_244' title='bbox 457 3129 690 3190; x_wconf 76' lang='grc' dir='ltr'>ἐκκλησιαστικοὺς</span> <span class='ocrx_word' id='word_1_245' title='bbox 709 3128 904 3198; x_wconf 85' lang='grc' dir='ltr'>νομοφύλακας,</span> <span class='ocrx_word' id='word_1_246' title='bbox 931 3124 976 3186; x_wconf 79' lang='grc' dir='ltr'>οδς</span> <span class='ocrx_word' id='word_1_247' title='bbox 998 3125 1116 3186; x_wconf 81' lang='grc' dir='ltr'>ἐκδίκους</span> <span class='ocrx_word' id='word_1_248' title='bbox 1136 3125 1266 3193; x_wconf 74' lang='grc' dir='ltr'>λέγουσιν,</span> <span class='ocrx_word' id='word_1_249' title='bbox 1293 3123 1398 3176; x_wconf 76' lang='grc' dir='ltr'>ἀνωθεν</span> <span class='ocrx_word' id='word_1_250' title='bbox 1423 3123 1452 3177; x_wconf 84' lang='grc' dir='ltr'>ἐκ</span> 
     </span>
     <span class='ocr_line' id='line_1_28' title="bbox 257 3212 1453 3291; baseline -0.006 -19"><span class='ocrx_word' id='word_1_251' title='bbox 257 3221 375 3291; x_wconf 85' lang='grc' dir='ltr'>πατέρων</span> <span class='ocrx_word' id='word_1_252' title='bbox 388 3217 497 3272; x_wconf 84' lang='grc' dir='ltr'>ἐκδικεῖν</span> <span class='ocrx_word' id='word_1_253' title='bbox 508 3221 540 3270; x_wconf 78' lang='grc' dir='ltr'>τέι</span> <span class='ocrx_word' id='word_1_254' title='bbox 551 3222 661 3270; x_wconf 82' lang='grc' dir='ltr'>τοιαῦτα</span> <span class='ocrx_word' id='word_1_255' title='bbox 669 3218 850 3286; x_wconf 79' lang='grc' dir='ltr'>τεταγμένους.</span> <span class='ocrx_word' id='word_1_256' title='bbox 860 3236 884 3268; x_wconf 74' lang='grc' dir='ltr'>σ»</span> <span class='ocrx_word' id='word_1_257' title='bbox 891 3213 959 3269; x_wconf 81' lang='grc' dir='ltr'>Ἰδοὺ</span> <span class='ocrx_word' id='word_1_258' title='bbox 969 3215 1087 3269; x_wconf 81' lang='grc' dir='ltr'>ίντειῦθα</span> <span class='ocrx_word' id='word_1_259' title='bbox 1098 3214 1145 3269; x_wconf 83' lang='grc' dir='ltr'>δύο</span> <span class='ocrx_word' id='word_1_260' title='bbox 1157 3213 1271 3281; x_wconf 86' lang='grc' dir='ltr'>ἐπιτίμια</span> <span class='ocrx_word' id='word_1_261' title='bbox 1281 3212 1396 3282; x_wconf 77' lang='grc' dir='ltr'>ἐσήγαγε</span> <span class='ocrx_word' id='word_1_262' title='bbox 1406 3219 1453 3275; x_wconf 79' lang='grc' dir='ltr'>τῆς</span> 
     </span>
     <span class='ocr_line' id='line_1_29' title="bbox 258 3303 1452 3380; baseline -0.003 -19"><span class='ocrx_word' id='word_1_263' title='bbox 258 3309 440 3380; x_wconf 83' lang='grc' dir='ltr'>καθαιρέσεως</span> <span class='ocrx_word' id='word_1_264' title='bbox 452 3311 495 3361; x_wconf 85' lang='grc' dir='ltr'>καὶ</span> <span class='ocrx_word' id='word_1_265' title='bbox 506 3313 552 3368; x_wconf 73' lang='grc' dir='ltr'>τῆς</span> <span class='ocrx_word' id='word_1_266' title='bbox 561 3307 764 3368; x_wconf 87' lang='grc' dir='ltr'>ἀκοινωνησίας.</span> <span class='ocrx_word' id='word_1_267' title='bbox 772 3310 834 3360; x_wconf 86' lang='lat' dir='ltr'>inde</span> <span class='ocrx_word' id='word_1_268' title='bbox 843 3325 859 3358; x_wconf 80' lang='lat' dir='ltr'><strong>a</strong></span> <span class='ocrx_word' id='word_1_269' title='bbox 868 3311 972 3374; x_wconf 53' lang='lat' dir='ltr'>signo*</span> <span class='ocrx_word' id='word_1_270' title='bbox 982 3309 1062 3359; x_wconf 77' lang='lat' dir='ltr'>habet</span> <span class='ocrx_word' id='word_1_271' title='bbox 1070 3325 1102 3371; x_wconf 86' lang='lat' dir='ltr'>m,</span> <span class='ocrx_word' id='word_1_272' title='bbox 1111 3307 1157 3358; x_wconf 75' lang='lat' dir='ltr'>sed</span> <span class='ocrx_word' id='word_1_273' title='bbox 1166 3303 1224 3357; x_wconf 82' lang='grc' dir='ltr'>ἰδοῦ</span> <span class='ocrx_word' id='word_1_274' title='bbox 1231 3313 1258 3359; x_wconf 81' lang='grc' dir='ltr'>εί</span> <span class='ocrx_word' id='word_1_275' title='bbox 1265 3303 1394 3373; x_wconf 82' lang='grc' dir='ltr'>ἐπήγαγεν</span> <span class='ocrx_word' id='word_1_276' title='bbox 1402 3324 1452 3357; x_wconf 84' lang='grc' dir='ltr'>εστ.</span> 
     </span>
    </p>

    <p class='ocr_par' dir='ltr' id='par_1_7' title="bbox 258 3392 1455 3918">
     <span class='ocr_line' id='line_1_30' title="bbox 348 3392 1452 3467; baseline -0.001 -19"><span class='ocrx_word' id='word_1_277' title='bbox 348 3403 381 3467; x_wconf 78' lang='grc' dir='ltr'>α)</span> <span class='ocrx_word' id='word_1_278' title='bbox 401 3401 430 3449; x_wconf 87' lang='lat' dir='ltr'>in</span> <span class='ocrx_word' id='word_1_279' title='bbox 448 3417 528 3464; x_wconf 82' lang='lat' dir='ltr'>marg.</span> <span class='ocrx_word' id='word_1_280' title='bbox 553 3395 718 3464; x_wconf 79' lang='grc' dir='ltr'>ἀναγίνωσκε</span> <span class='ocrx_word' id='word_1_281' title='bbox 737 3392 785 3458; x_wconf 76' lang='grc' dir='ltr'>τῆς</span> <span class='ocrx_word' id='word_1_282' title='bbox 804 3395 830 3448; x_wconf 85' lang='grc' dir='ltr'>ἐν</span> <span class='ocrx_word' id='word_1_283' title='bbox 852 3395 998 3458; x_wconf 78' lang='grc' dir='ltr'>Χαλκηδόνι</span> <span class='ocrx_word' id='word_1_284' title='bbox 1017 3397 1113 3448; x_wconf 91' lang='grc' dir='ltr'>κανόνα</span> <span class='ocrx_word' id='word_1_285' title='bbox 1126 3393 1159 3466; x_wconf 81' lang='grc' dir='ltr'>β,</span> <span class='ocrx_word' id='word_1_286' title='bbox 1179 3400 1225 3458; x_wconf 85' lang='grc' dir='ltr'>τής</span> <span class='ocrx_word' id='word_1_287' title='bbox 1240 3393 1266 3448; x_wconf 89' lang='grc' dir='ltr'>ἐν</span> <span class='ocrx_word' id='word_1_288' title='bbox 1280 3398 1318 3464; x_wconf 85' lang='grc' dir='ltr'>τῷ</span> <span class='ocrx_word' id='word_1_289' title='bbox 1331 3395 1452 3466; x_wconf 85' lang='grc' dir='ltr'>τρούλλῳ</span> 
     </span>
     <span class='ocr_line' id='line_1_31' title="bbox 258 3482 1455 3561; baseline -0.003 -20"><span class='ocrx_word' id='word_1_290' title='bbox 258 3487 292 3561; x_wconf 83' lang='grc' dir='ltr'>κβ</span> <span class='ocrx_word' id='word_1_291' title='bbox 306 3507 350 3556; x_wconf 89' lang='grc' dir='ltr'>κγ.</span> <span class='ocrx_word' id='word_1_292' title='bbox 375 3493 422 3549; x_wconf 85' lang='grc' dir='ltr'>τῆς</span> <span class='ocrx_word' id='word_1_293' title='bbox 444 3487 471 3539; x_wconf 93' lang='grc' dir='ltr'>ἐν</span> <span class='ocrx_word' id='word_1_294' title='bbox 489 3487 586 3554; x_wconf 83' lang='grc' dir='ltr'>Νικαίᾳ</span> <span class='ocrx_word' id='word_1_295' title='bbox 605 3487 634 3538; x_wconf 87' lang='grc' dir='ltr'>τό</span> <span class='ocrx_word' id='word_1_296' title='bbox 652 3484 679 3556; x_wconf 86' lang='grc' dir='ltr'>β,</span> <span class='ocrx_word' id='word_1_297' title='bbox 700 3486 743 3539; x_wconf 91' lang='grc' dir='ltr'>δε</span> <span class='ocrx_word' id='word_1_298' title='bbox 764 3487 795 3538; x_wconf 87' lang='grc' dir='ltr'>ιθ</span> <span class='ocrx_word' id='word_1_299' title='bbox 814 3489 857 3538; x_wconf 84' lang='grc' dir='ltr'>καί</span> <span class='ocrx_word' id='word_1_300' title='bbox 879 3489 925 3546; x_wconf 83' lang='grc' dir='ltr'>τήν</span> <span class='ocrx_word' id='word_1_301' title='bbox 952 3489 1015 3557; x_wconf 86' lang='grc' dir='ltr'>πρός</span> <span class='ocrx_word' id='word_1_302' title='bbox 1039 3487 1101 3545; x_wconf 75' lang='grc' dir='ltr'>τοὺς</span> <span class='ocrx_word' id='word_1_303' title='bbox 1120 3482 1168 3555; x_wconf 83' lang='grc' dir='ltr'>ὑφ’</span> <span class='ocrx_word' id='word_1_304' title='bbox 1188 3483 1268 3538; x_wconf 85' lang='grc' dir='ltr'>αὑτόν</span> <span class='ocrx_word' id='word_1_305' title='bbox 1296 3485 1455 3544; x_wconf 80' lang='grc' dir='ltr'>ἐπισκόπους</span> 
     </span>
     <span class='ocr_line' id='line_1_32' title="bbox 260 3575 1453 3648; baseline -0.004 -17"><span class='ocrx_word' id='word_1_306' title='bbox 260 3578 400 3639; x_wconf 80' lang='grc' dir='ltr'>ἐπιστολήν</span> <span class='ocrx_word' id='word_1_307' title='bbox 420 3579 466 3629; x_wconf 89' lang='grc' dir='ltr'>τοῦ</span> <span class='ocrx_word' id='word_1_308' title='bbox 492 3575 570 3646; x_wconf 73' lang='grc' dir='ltr'>ἁγίου</span> <span class='ocrx_word' id='word_1_309' title='bbox 593 3577 744 3628; x_wconf 87' lang='grc' dir='ltr'>Βασελείου.</span> <span class='ocrx_word' id='word_1_310' title='bbox 775 3579 894 3646; x_wconf 79' lang='lat' dir='ltr'><strong>sequitur</strong></span> <span class='ocrx_word' id='word_1_311' title='bbox 919 3586 979 3643; x_wconf 78' lang='lat' dir='ltr'><strong>post</strong></span> <span class='ocrx_word' id='word_1_312' title='bbox 1003 3577 1117 3648; x_wconf 80' lang='grc' dir='ltr'>Πέτρουε</span> <span class='ocrx_word' id='word_1_313' title='bbox 1152 3576 1273 3645; x_wconf 83' lang='grc' dir='ltr'>Σχόλιον.</span> <span class='ocrx_word' id='word_1_314' title='bbox 1301 3577 1453 3644; x_wconf 83' lang='grc' dir='ltr'>Σημείωσαι</span> 
     </span>
     <span class='ocr_line' id='line_1_33' title="bbox 259 3665 1453 3740; baseline -0.003 -20"><span class='ocrx_word' id='word_1_315' title='bbox 259 3668 317 3740; x_wconf 84' lang='grc' dir='ltr'>περί</span> <span class='ocrx_word' id='word_1_316' title='bbox 330 3667 514 3738; x_wconf 79' lang='grc' dir='ltr'>καθαιρέσεως</span> <span class='ocrx_word' id='word_1_317' title='bbox 527 3669 570 3718; x_wconf 86' lang='grc' dir='ltr'>καὶ</span> <span class='ocrx_word' id='word_1_318' title='bbox 584 3665 733 3738; x_wconf 84' lang='grc' dir='ltr'>ἀφορισμοῦ</span> <span class='ocrx_word' id='word_1_319' title='bbox 745 3671 798 3718; x_wconf 82' lang='grc' dir='ltr'>τῶν</span> <span class='ocrx_word' id='word_1_320' title='bbox 812 3665 857 3720; x_wconf 84' lang='grc' dir='ltr'>διὰ</span> <span class='ocrx_word' id='word_1_321' title='bbox 870 3665 1016 3737; x_wconf 74' lang='grc' dir='ltr'>χρημάτων</span> <span class='ocrx_word' id='word_1_322' title='bbox 1033 3666 1256 3738; x_wconf 78' lang='grc' dir='ltr'>χειροτονούντων</span> <span class='ocrx_word' id='word_1_323' title='bbox 1270 3669 1314 3718; x_wconf 81' lang='grc' dir='ltr'>καὶ</span> <span class='ocrx_word' id='word_1_324' title='bbox 1331 3683 1453 3737; x_wconf 90' lang='grc' dir='ltr'>χειροτο-</span> 
     </span>
     <span class='ocr_line' id='line_1_34' title="bbox 258 3755 1452 3828; baseline -0.003 -18"><span class='ocrx_word' id='word_1_325' title='bbox 258 3758 391 3826; x_wconf 84' lang='grc' dir='ltr'>νουμένων</span> <span class='ocrx_word' id='word_1_326' title='bbox 410 3759 453 3808; x_wconf 88' lang='grc' dir='ltr'>καί</span> <span class='ocrx_word' id='word_1_327' title='bbox 472 3759 523 3806; x_wconf 86' lang='grc' dir='ltr'>τῶν</span> <span class='ocrx_word' id='word_1_328' title='bbox 543 3756 661 3827; x_wconf 82' lang='grc' dir='ltr'>μεσιτείᾳ</span> <span class='ocrx_word' id='word_1_329' title='bbox 680 3755 817 3828; x_wconf 85' lang='grc' dir='ltr'>ἀρχόντων</span> <span class='ocrx_word' id='word_1_330' title='bbox 837 3761 969 3824; x_wconf 84' lang='grc' dir='ltr'>κοσμικῶν</span> <span class='ocrx_word' id='word_1_331' title='bbox 988 3758 1129 3826; x_wconf 81' lang='grc' dir='ltr'>γινομένων</span> <span class='ocrx_word' id='word_1_332' title='bbox 1149 3756 1282 3828; x_wconf 84' lang='grc' dir='ltr'>ἐγκρατῶν</span> <span class='ocrx_word' id='word_1_333' title='bbox 1302 3755 1452 3816; x_wconf 84' lang='grc' dir='ltr'>ἐκκλησίας.</span> 
     </span>
     <span class='ocr_line' id='line_1_35' title="bbox 263 3844 1380 3918; baseline -0.002 -18"><span class='ocrx_word' id='word_1_334' title='bbox 263 3847 331 3900; x_wconf 82' lang='grc' dir='ltr'>Ἰδοὺ</span> <span class='ocrx_word' id='word_1_335' title='bbox 346 3846 464 3899; x_wconf 80' lang='grc' dir='ltr'>ἐνταῦθα</span> <span class='ocrx_word' id='word_1_336' title='bbox 477 3844 525 3898; x_wconf 83' lang='grc' dir='ltr'>δύο</span> <span class='ocrx_word' id='word_1_337' title='bbox 540 3845 656 3914; x_wconf 87' lang='grc' dir='ltr'>ἐπιτίμια</span> <span class='ocrx_word' id='word_1_338' title='bbox 671 3845 785 3914; x_wconf 83' lang='grc' dir='ltr'>ἐπήγαγε</span> <span class='ocrx_word' id='word_1_339' title='bbox 804 3851 850 3906; x_wconf 85' lang='grc' dir='ltr'>τής</span> <span class='ocrx_word' id='word_1_340' title='bbox 864 3847 1046 3918; x_wconf 73' lang='grc' dir='ltr'>καθαιρέσεως</span> <span class='ocrx_word' id='word_1_341' title='bbox 1058 3849 1102 3898; x_wconf 85' lang='grc' dir='ltr'>καὶ</span> <span class='ocrx_word' id='word_1_342' title='bbox 1115 3852 1162 3907; x_wconf 75' lang='grc' dir='ltr'>τής</span> <span class='ocrx_word' id='word_1_343' title='bbox 1176 3844 1380 3906; x_wconf 86' lang='grc' dir='ltr'>ἀκοινωνησίας.</span> 
     </span>
    </p>

    <p class='ocr_par' dir='ltr' id='par_1_8' title="bbox 349 3931 1373 4008">
     <span class='ocr_line' id='line_1_36' title="bbox 349 3931 1373 4008; baseline -0.003 -20"><span class='ocrx_word' id='word_1_344' title='bbox 349 3935 382 4008; x_wconf 85' lang='grc' dir='ltr'>β)</span> <span class='ocrx_word' id='word_1_345' title='bbox 401 3955 475 4004; x_wconf 66' lang='grc' dir='ltr'>σαμε</span> <span class='ocrx_word' id='word_1_346' title='bbox 496 3938 548 3989; x_wconf 85' lang='grc' dir='ltr'>Καὶ</span> <span class='ocrx_word' id='word_1_347' title='bbox 562 3935 680 3988; x_wconf 83' lang='grc' dir='ltr'>ἐνταῦθα</span> <span class='ocrx_word' id='word_1_348' title='bbox 693 3935 801 4004; x_wconf 83' lang='grc' dir='ltr'>ὁμοίως.</span> <span class='ocrx_word' id='word_1_349' title='bbox 814 3938 843 3986; x_wconf 87' lang='lat' dir='ltr'>in</span> <span class='ocrx_word' id='word_1_350' title='bbox 857 3955 921 4003; x_wconf 59' lang='grc' dir='ltr'>πυρα</span> <span class='ocrx_word' id='word_1_351' title='bbox 941 3935 984 3989; x_wconf 83' lang='grc' dir='ltr'>καί</span> <span class='ocrx_word' id='word_1_352' title='bbox 998 3942 1044 3998; x_wconf 80' lang='grc' dir='ltr'>τῆς</span> <span class='ocrx_word' id='word_1_353' title='bbox 1057 3935 1085 3989; x_wconf 84' lang='grc' dir='ltr'>ἐν</span> <span class='ocrx_word' id='word_1_354' title='bbox 1101 3935 1196 4003; x_wconf 81' lang='grc' dir='ltr'>Νικαίᾳ</span> <span class='ocrx_word' id='word_1_355' title='bbox 1209 3937 1237 3986; x_wconf 84' lang='grc' dir='ltr'>τό</span> <span class='ocrx_word' id='word_1_356' title='bbox 1251 3931 1277 4005; x_wconf 85' lang='grc' dir='ltr'>β,</span> <span class='ocrx_word' id='word_1_357' title='bbox 1292 3952 1333 3987; x_wconf 84' lang='grc' dir='ltr'>κα.</span> <span class='ocrx_word' id='word_1_358' title='bbox 1346 3953 1373 4002; x_wconf 93' lang='grc' dir='ltr'>γ.</span> 
     </span>
    </p>

    <p class='ocr_par' dir='ltr' id='par_1_9' title="bbox 260 4021 1455 4187">
     <span class='ocr_line' id='line_1_37' title="bbox 349 4021 1455 4099; baseline -0.004 -22"><span class='ocrx_word' id='word_1_359' title='bbox 349 4026 381 4099; x_wconf 89' lang='grc' dir='ltr'>γ)</span> <span class='ocrx_word' id='word_1_360' title='bbox 398 4029 469 4097; x_wconf 85' lang='grc' dir='ltr'>Ὅρα</span> <span class='ocrx_word' id='word_1_361' title='bbox 489 4032 535 4088; x_wconf 84' lang='grc' dir='ltr'>τής</span> <span class='ocrx_word' id='word_1_362' title='bbox 563 4023 589 4078; x_wconf 91' lang='grc' dir='ltr'>ἐν</span> <span class='ocrx_word' id='word_1_363' title='bbox 609 4027 716 4098; x_wconf 81' lang='grc' dir='ltr'>Γαγγρᾳ</span> <span class='ocrx_word' id='word_1_364' title='bbox 739 4027 835 4078; x_wconf 83' lang='grc' dir='ltr'>κανόνα</span> <span class='ocrx_word' id='word_1_365' title='bbox 858 4046 887 4088; x_wconf 91' lang='grc' dir='ltr'>ς·</span> <span class='ocrx_word' id='word_1_366' title='bbox 909 4033 956 4090; x_wconf 85' lang='grc' dir='ltr'>τής</span> <span class='ocrx_word' id='word_1_367' title='bbox 978 4026 1004 4078; x_wconf 87' lang='grc' dir='ltr'>ἐν</span> <span class='ocrx_word' id='word_1_368' title='bbox 1032 4025 1184 4094; x_wconf 76' lang='grc' dir='ltr'>Ἀντιοχείᾳ</span> <span class='ocrx_word' id='word_1_369' title='bbox 1203 4023 1301 4076; x_wconf 90' lang='grc' dir='ltr'>κανόνα</span> <span class='ocrx_word' id='word_1_370' title='bbox 1323 4040 1349 4076; x_wconf 90' lang='grc' dir='ltr'>ε·</span> <span class='ocrx_word' id='word_1_371' title='bbox 1367 4028 1414 4085; x_wconf 88' lang='grc' dir='ltr'>τής</span> <span class='ocrx_word' id='word_1_372' title='bbox 1428 4021 1455 4074; x_wconf 88' lang='grc' dir='ltr'>ἐν</span> 
     </span>
     <span class='ocr_line' id='line_1_38' title="bbox 260 4112 1454 4187; baseline -0.003 -19"><span class='ocrx_word' id='word_1_373' title='bbox 260 4115 404 4184; x_wconf 79' lang='grc' dir='ltr'>Λαοδικείᾳ</span> <span class='ocrx_word' id='word_1_374' title='bbox 417 4116 513 4168; x_wconf 88' lang='grc' dir='ltr'>κανόνα</span> <span class='ocrx_word' id='word_1_375' title='bbox 522 4134 564 4177; x_wconf 91' lang='grc' dir='ltr'>νη·</span> <span class='ocrx_word' id='word_1_376' title='bbox 578 4121 624 4176; x_wconf 77' lang='grc' dir='ltr'>τῆς</span> <span class='ocrx_word' id='word_1_377' title='bbox 638 4115 663 4166; x_wconf 90' lang='grc' dir='ltr'>ἐν</span> <span class='ocrx_word' id='word_1_378' title='bbox 674 4119 710 4184; x_wconf 76' lang='grc' dir='ltr'>τῷ</span> <span class='ocrx_word' id='word_1_379' title='bbox 721 4115 841 4187; x_wconf 76' lang='grc' dir='ltr'>τρούλλγι</span> <span class='ocrx_word' id='word_1_380' title='bbox 852 4118 950 4168; x_wconf 80' lang='grc' dir='ltr'>κανόνα</span> <span class='ocrx_word' id='word_1_381' title='bbox 960 4115 995 4168; x_wconf 86' lang='grc' dir='ltr'>λα</span> <span class='ocrx_word' id='word_1_382' title='bbox 1004 4114 1048 4166; x_wconf 84' lang='grc' dir='ltr'>καί</span> <span class='ocrx_word' id='word_1_383' title='bbox 1057 4120 1104 4176; x_wconf 75' lang='grc' dir='ltr'>τῆς</span> <span class='ocrx_word' id='word_1_384' title='bbox 1116 4112 1141 4166; x_wconf 84' lang='grc' dir='ltr'>ἐν</span> <span class='ocrx_word' id='word_1_385' title='bbox 1153 4113 1312 4185; x_wconf 82' lang='grc' dir='ltr'>Καρθαγένῃ</span> <span class='ocrx_word' id='word_1_386' title='bbox 1325 4114 1423 4164; x_wconf 86' lang='grc' dir='ltr'>κανόνα</span> <span class='ocrx_word' id='word_1_387' title='bbox 1437 4131 1454 4166; x_wconf 93' lang='grc' dir='ltr'>ι.</span> 
     </span>
    </p>

    <p class='ocr_par' dir='ltr' id='par_1_10' title="bbox 261 4201 1454 4475">
     <span class='ocr_line' id='line_1_39' title="bbox 341 4201 1454 4258; baseline -0.002 -14"><span class='ocrx_word' id='word_1_388' title='bbox 341 4207 353 4244; x_wconf 76' lang='lat'><strong>2</strong></span> <span class='ocrx_word' id='word_1_389' title='bbox 365 4201 488 4258; x_wconf 68' lang='grc' dir='ltr'>ἐφάψασθαι</span> <span class='ocrx_word' id='word_1_390' title='bbox 498 4208 524 4257; x_wconf 82' lang='lat' dir='ltr'>C,</span> <span class='ocrx_word' id='word_1_391' title='bbox 540 4201 636 4258; x_wconf 71' lang='grc' dir='ltr'>δρεεδει</span> <span class='ocrx_word' id='word_1_392' title='bbox 646 4217 664 4244; x_wconf 93' lang='grc' dir='ltr'>ε.</span> <span class='ocrx_word' id='word_1_393' title='bbox 677 4227 703 4236; x_wconf 93' lang='lat'>-</span> <span class='ocrx_word' id='word_1_394' title='bbox 713 4203 799 4251; x_wconf 66' lang='grc' dir='ltr'>Βοῦτος</span> <span class='ocrx_word' id='word_1_395' title='bbox 808 4217 834 4246; x_wconf 77' lang='grc' dir='ltr'>ιν</span> <span class='ocrx_word' id='word_1_396' title='bbox 845 4208 891 4246; x_wconf 81' lang='grc' dir='ltr'>ΗΡ.</span> <span class='ocrx_word' id='word_1_397' title='bbox 904 4227 930 4236; x_wconf 88' lang='lat'><em>-</em></span> <span class='ocrx_word' id='word_1_398' title='bbox 939 4208 952 4246; x_wconf 82' lang='grc'>6</span> <span class='ocrx_word' id='word_1_399' title='bbox 967 4201 1109 4247; x_wconf 78' lang='grc' dir='ltr'>ἐκκοκτέσδω</span> <span class='ocrx_word' id='word_1_400' title='bbox 1118 4204 1199 4246; x_wconf 81' lang='grc' dir='ltr'>ΗΡΟτ.</span> <span class='ocrx_word' id='word_1_401' title='bbox 1210 4225 1237 4234; x_wconf 91' lang='grc'>-</span> <span class='ocrx_word' id='word_1_402' title='bbox 1248 4203 1306 4246; x_wconf 61' lang='grc' dir='ltr'>ἐκεί</span> <span class='ocrx_word' id='word_1_403' title='bbox 1315 4215 1341 4245; x_wconf 86' lang='grc' dir='ltr'>ιν</span> <span class='ocrx_word' id='word_1_404' title='bbox 1351 4205 1416 4244; x_wconf 77' lang='lat' dir='ltr'>Hm.</span> <span class='ocrx_word' id='word_1_405' title='bbox 1428 4223 1454 4234; x_wconf 91' lang='lat'>·-</span> 
     </span>
     <span class='ocr_line' id='line_1_40' title="bbox 261 4271 1452 4332; baseline -0.002 -16"><span class='ocrx_word' id='word_1_406' title='bbox 261 4274 392 4316; x_wconf 75' lang='grc' dir='ltr'>παντάπασιν</span> <span class='ocrx_word' id='word_1_407' title='bbox 403 4279 453 4316; x_wconf 73' lang='lat' dir='ltr'>ante</span> <span class='ocrx_word' id='word_1_408' title='bbox 464 4271 495 4320; x_wconf 83' lang='grc' dir='ltr'>ὼς</span> <span class='ocrx_word' id='word_1_409' title='bbox 506 4283 629 4328; x_wconf 71' lang='lat' dir='ltr'>posuerunt</span> <span class='ocrx_word' id='word_1_410' title='bbox 638 4278 687 4316; x_wconf 79' lang='grc' dir='ltr'>ΗΡ.</span> <span class='ocrx_word' id='word_1_411' title='bbox 699 4299 725 4308; x_wconf 87' lang='lat'>-</span> <span class='ocrx_word' id='word_1_412' title='bbox 735 4279 747 4317; x_wconf 80' lang='grc'>9</span> <span class='ocrx_word' id='word_1_413' title='bbox 757 4276 846 4332; x_wconf 77' lang='grc' dir='ltr'>γίνηται</span> <span class='ocrx_word' id='word_1_414' title='bbox 856 4275 971 4330; x_wconf 78' lang='grc' dir='ltr'>ἐκκλησίας</span> <span class='ocrx_word' id='word_1_415' title='bbox 982 4277 1009 4316; x_wconf 77' lang='grc'>11.</span> <span class='ocrx_word' id='word_1_416' title='bbox 1023 4297 1046 4306; x_wconf 85' lang='grc'>-·</span> <span class='ocrx_word' id='word_1_417' title='bbox 1058 4273 1238 4330; x_wconf 73' lang='grc' dir='ltr'>ἀφοριζέεδωεαν</span> <span class='ocrx_word' id='word_1_418' title='bbox 1248 4272 1305 4315; x_wconf 78' lang='grc' dir='ltr'>Ηέ.</span> <span class='ocrx_word' id='word_1_419' title='bbox 1317 4297 1343 4305; x_wconf 95' lang='grc'><strong>-</strong></span> <span class='ocrx_word' id='word_1_420' title='bbox 1354 4276 1379 4314; x_wconf 93' lang='grc'>11</span> <span class='ocrx_word' id='word_1_421' title='bbox 1390 4285 1452 4315; x_wconf 86' lang='grc' dir='ltr'>συνα·</span> 
     </span>
     <span class='ocr_line' id='line_1_41' title="bbox 261 4342 1454 4404; baseline -0.002 -16"><span class='ocrx_word' id='word_1_422' title='bbox 261 4346 337 4404; x_wconf 81' lang='grc' dir='ltr'>γωγήν</span> <span class='ocrx_word' id='word_1_423' title='bbox 352 4347 381 4386; x_wconf 81' lang='lat' dir='ltr'>H.</span> <span class='ocrx_word' id='word_1_424' title='bbox 397 4367 423 4376; x_wconf 84' lang='lat'>-</span> <span class='ocrx_word' id='word_1_425' title='bbox 439 4349 464 4386; x_wconf 70' lang='lat'>12</span> <span class='ocrx_word' id='word_1_426' title='bbox 479 4343 553 4400; x_wconf 85' lang='grc' dir='ltr'>Ιτερον</span> <span class='ocrx_word' id='word_1_427' title='bbox 566 4361 593 4389; x_wconf 66' lang='grc' dir='ltr'>ιν</span> <span class='ocrx_word' id='word_1_428' title='bbox 607 4349 636 4398; x_wconf 84' lang='grc' dir='ltr'>Η,</span> <span class='ocrx_word' id='word_1_429' title='bbox 652 4348 735 4397; x_wconf 72' lang='lat' dir='ltr'>legitur</span> <span class='ocrx_word' id='word_1_430' title='bbox 749 4342 823 4400; x_wconf 81' lang='grc' dir='ltr'>ίτερον</span> <span class='ocrx_word' id='word_1_431' title='bbox 838 4349 861 4387; x_wconf 86' lang='lat' dir='ltr'>ln</span> <span class='ocrx_word' id='word_1_432' title='bbox 876 4359 904 4388; x_wconf 84' lang='lat' dir='ltr'>m.</span> <span class='ocrx_word' id='word_1_433' title='bbox 920 4369 947 4378; x_wconf 89' lang='lat'>-</span> <span class='ocrx_word' id='word_1_434' title='bbox 962 4346 1023 4400; x_wconf 78' lang='grc' dir='ltr'>πήξει</span> <span class='ocrx_word' id='word_1_435' title='bbox 1037 4349 1102 4398; x_wconf 71' lang='lat' dir='ltr'>Mur.</span> <span class='ocrx_word' id='word_1_436' title='bbox 1118 4347 1174 4400; x_wconf 74' lang='grc' dir='ltr'>πήξη</span> <span class='ocrx_word' id='word_1_437' title='bbox 1189 4359 1219 4388; x_wconf 81' lang='lat' dir='ltr'>m.</span> <span class='ocrx_word' id='word_1_438' title='bbox 1234 4367 1261 4376; x_wconf 94' lang='lat'><em>-</em></span> <span class='ocrx_word' id='word_1_439' title='bbox 1275 4345 1414 4400; x_wconf 77' lang='grc' dir='ltr'>κατεγνωκδς</span> <span class='ocrx_word' id='word_1_440' title='bbox 1428 4347 1454 4394; x_wconf 86' lang='grc' dir='ltr'>Ρ,</span> 
     </span>
     <span class='ocr_line' id='line_1_42' title="bbox 263 4413 1453 4475; baseline -0.003 -16"><span class='ocrx_word' id='word_1_441' title='bbox 263 4416 382 4475; x_wconf 78' lang='grc' dir='ltr'>καταγνοὺς</span> <span class='ocrx_word' id='word_1_442' title='bbox 388 4419 417 4464; x_wconf 78' lang='lat'>11.</span> <span class='ocrx_word' id='word_1_443' title='bbox 428 4415 573 4474; x_wconf 79' lang='grc' dir='ltr'>κατεγνωκὼς</span> <span class='ocrx_word' id='word_1_444' title='bbox 584 4421 650 4460; x_wconf 66' lang='lat' dir='ltr'><strong>etism</strong></span> <span class='ocrx_word' id='word_1_445' title='bbox 660 4431 689 4460; x_wconf 85' lang='lat' dir='ltr'>m.</span> <span class='ocrx_word' id='word_1_446' title='bbox 697 4441 720 4448; x_wconf 88' lang='lat'>-</span> <span class='ocrx_word' id='word_1_447' title='bbox 732 4418 766 4460; x_wconf 80' lang='grc' dir='ltr'>ιλ.</span> <span class='ocrx_word' id='word_1_448' title='bbox 774 4419 809 4459; x_wconf 83' lang='grc' dir='ltr'>καί</span> <span class='ocrx_word' id='word_1_449' title='bbox 820 4413 867 4458; x_wconf 84' lang='grc' dir='ltr'>όσοι</span> <span class='ocrx_word' id='word_1_450' title='bbox 875 4420 938 4459; x_wconf 78' lang='grc' dir='ltr'>Μ.-</span> <span class='ocrx_word' id='word_1_451' title='bbox 949 4421 975 4460; x_wconf 75' lang='lat'>1³</span> <span class='ocrx_word' id='word_1_452' title='bbox 984 4416 999 4471; x_wconf 74' lang='grc' dir='ltr'><strong>ὴ</strong></span> <span class='ocrx_word' id='word_1_453' title='bbox 1009 4429 1050 4470; x_wconf 73' lang='grc' dir='ltr'>μευ</span> <span class='ocrx_word' id='word_1_454' title='bbox 1060 4420 1097 4460; x_wconf 81' lang='grc' dir='ltr'>καί</span> <span class='ocrx_word' id='word_1_455' title='bbox 1107 4431 1126 4459; x_wconf 84' lang='grc' dir='ltr'>ε.</span> <span class='ocrx_word' id='word_1_456' title='bbox 1136 4421 1194 4460; x_wconf 80' lang='grc'>-14</span> <span class='ocrx_word' id='word_1_457' title='bbox 1203 4413 1243 4460; x_wconf 82' lang='grc' dir='ltr'>ιίιε.</span> <span class='ocrx_word' id='word_1_458' title='bbox 1252 4415 1340 4466; x_wconf 60' lang='lat' dir='ltr'>bimo.</span> <span class='ocrx_word' id='word_1_459' title='bbox 1351 4419 1419 4458; x_wconf 65' lang='lat' dir='ltr'>hebet</span> <span class='ocrx_word' id='word_1_460' title='bbox 1429 4429 1453 4456; x_wconf 83' lang='lat' dir='ltr'>o:</span> 
     </span>
    </p>
   </div>
   <div class='ocr_carea' id='block_1_4' title="bbox 263 4487 1455 4616">
    <p class='ocr_par' dir='ltr' id='par_1_11' title="bbox 263 4487 1455 4616">
     <span class='ocr_line' id='line_1_43' title="bbox 263 4487 1455 4545; baseline -0.001 -15"><span class='ocrx_word' id='word_1_461' title='bbox 263 4488 317 4530; x_wconf 74' lang='grc' dir='ltr'>δίεν</span> <span class='ocrx_word' id='word_1_462' title='bbox 324 4487 500 4532; x_wconf 74' lang='grc' dir='ltr'>ΗΡ.-15δευτ,</span> <span class='ocrx_word' id='word_1_463' title='bbox 510 4489 525 4542; x_wconf 78' lang='grc' dir='ltr'>ἢ</span> <span class='ocrx_word' id='word_1_464' title='bbox 535 4492 603 4542; x_wconf 69' lang='lat' dir='ltr'>uic,</span> <span class='ocrx_word' id='word_1_465' title='bbox 615 4492 655 4532; x_wconf 82' lang='grc' dir='ltr'>εοό</span> <span class='ocrx_word' id='word_1_466' title='bbox 665 4502 677 4530; x_wconf 90' lang='grc' dir='ltr'>ο</span> <span class='ocrx_word' id='word_1_467' title='bbox 687 4501 730 4530; x_wconf 82' lang='lat' dir='ltr'>non</span> <span class='ocrx_word' id='word_1_468' title='bbox 740 4491 841 4540; x_wconf 72' lang='grc' dir='ltr'>εςεοεείί</span> <span class='ocrx_word' id='word_1_469' title='bbox 851 4488 1139 4545; x_wconf 75' lang='grc' dir='ltr'>ίίίιεδή,-16ιεερείκληειν</span> <span class='ocrx_word' id='word_1_470' title='bbox 1149 4487 1455 4541; x_wconf 61' lang='lat' dir='ltr'>mmmmm-1712</span> 
     </span>
     <span class='ocr_line' id='line_1_44' title="bbox 264 4557 1454 4616; baseline -0.003 -16"><span class='ocrx_word' id='word_1_471' title='bbox 264 4559 484 4614; x_wconf 77' lang='grc' dir='ltr'>ἀφοριτμῷεεὶεεπευ,</span> <span class='ocrx_word' id='word_1_472' title='bbox 494 4557 1182 4616; x_wconf 45' lang='lat' dir='ltr'>&amp;mmmmnc,mamona-18iffiuuR-quam</span> <span class='ocrx_word' id='word_1_473' title='bbox 1190 4563 1232 4611; x_wconf 78' lang='lat' dir='ltr'>Hc.</span> <span class='ocrx_word' id='word_1_474' title='bbox 1242 4557 1454 4614; x_wconf 76' lang='grc' dir='ltr'>δεχδήνειείίειοικ,</span> 
     </span>
    </p>
   </div>
   <div class='ocr_carea' id='block_1_5' title="bbox 0 0 1596 4976">
    <p class='ocr_par' dir='ltr' id='par_1_12' title="bbox 0 0 1596 4976">
     <span class='ocr_line' id='line_1_45' title="bbox 0 0 1596 4976; baseline 0 0"><span class='ocrx_word' id='word_1_475' title='bbox 0 0 1596 4976; x_wconf 95' lang='lat' dir='ltr'> </span> 
     </span>
    </p>
   </div>
  </div>
 </body>
</html>
