3160 4976
1394 364 1443 432 43

251 542 402 622 ἐκκλησίᾳ,
428 543 519 604 ὁπότε
535 546 635 628 σαρές
653 544 730 602 ἐστιν
754 544 894 625 έκὰτερον
910 546 1075 627 μυστήριον
1091 553 1145 602 τού
1168 539 1386 624 βαπτίσματος
1401 546 1451 601 καί

252 653 306 714 τοῦ
334 657 510 733 πνεύματος
538 648 597 712 δεῖν
627 653 740 720 αὐτοὺς
763 647 1015 732 ἁναγεννηθήναε
1037 651 1066 709 ἰν
1091 659 1127 727 τῇ
1151 647 1303 726 ἐκκλησίᾳ,
1320 649 1370 709 ίνα
1392 650 1450 708 υίοί

254 763 403 844 γένωνται
420 759 508 829 θεοῦ,
524 756 666 840 λέγοντος
681 757 735 818 τοῦ
754 754 923 819 ἀποστόλου
940 753 1082 818 Παύλου·
1108 754 1333 829 σπουδάζοντες
1349 765 1449 838 τηρεῖν

252 871 306 934 τήν
326 868 454 934 ένότητα
469 865 522 926 τού
539 869 713 944 πνεύματος
729 867 759 925 ἐν
776 871 819 941 τῷ
838 861 996 946 συνδέσμῳ
1013 874 1069 934 τής
1087 866 1225 947 εἰρήνης,
1243 864 1273 923 ἐν
1291 870 1383 942 σῶμα
1399 867 1449 922 καί

219 991 233 1030 ε
253 977 283 1034 ἐν
308 973 439 1054 πνεῦμα,
464 972 578 1043 καθὼς
598 977 648 1033 καί
673 970 823 1041 ἐκλήθητε
839 973 868 1032 ἐν
885 979 943 1052 μιᾷ
958 968 1054 1033 ἐλπίδι
1071 983 1126 1041 τής
1142 969 1277 1041 κλήσεως
1292 973 1389 1049 ὑμῶν.
1407 967 1450 1039 είς

250 1086 363 1165 κύριος,
389 1086 445 1162 μία
468 1085 577 1156 πίστις,
600 1081 630 1140 ἐν
654 1076 835 1161 βάπτισμα,
859 1079 958 1140 ταῦτα
980 1083 1084 1141 πάντα
1100 1082 1130 1138 ἐν
1146 1089 1182 1158 τῇ
1200 1075 1339 1156 ἐκκλησίᾳ
1359 1074 1449 1158 λέγει.

252 1195 302 1250 καί
323 1186 412 1250 πὰλιν
426 1190 456 1248 ἐν
468 1195 512 1265 τῷ
530 1183 699 1269 εὐαγγελίῳ
715 1185 794 1268 λέγει
811 1188 826 1248 ό
842 1192 954 1270 κύριος·
972 1189 1005 1246 τό
1023 1192 1238 1270 γεγεννημένον
1255 1187 1286 1246 ἐκ
1302 1195 1358 1255 τῆς
1375 1204 1450 1266 σαρ-

252 1299 304 1365 κός
320 1291 401 1378 σάρξ
421 1297 484 1355 ἐστι
504 1299 554 1356 καί
568 1298 601 1354 τό
618 1298 834 1376 γεγεννημένον
858 1295 889 1354 ἐκ
911 1293 964 1356 τοῦ
989 1300 1160 1374 πνεύματος
1177 1292 1296 1374 πνεῦμά
1321 1287 1448 1376 ἐστι[ν]·

253 1402 372 1482 πνεῦμα
388 1402 404 1462 ό
420 1401 509 1479 θεός,
527 1403 605 1462 ὥστε
621 1405 723 1463 πάντα
739 1406 779 1463 τά
792 1404 849 1464 ὐπό
861 1411 922 1463 τῶν
936 1403 1092 1486 αἰρετεκῶν
1108 1404 1304 1485 πραττόμενα
1321 1403 1450 1484 σαρκικὰ

207 1529 233 1564 ιο
252 1511 326 1586 ἐστι,
350 1507 492 1590 λέγοντος
515 1517 568 1570 τοῦ
593 1508 776 1571 ἀποστόλου·
800 1513 919 1595 ρανερὰ
943 1505 976 1570 δέ
997 1511 1059 1570 ἐστι
1082 1513 1121 1570 τὰ
1144 1511 1222 1592 ἐργα
1244 1519 1301 1578 τής
1323 1509 1448 1590 σαρκός,

252 1617 347 1678 ἁτινὰ·
372 1619 434 1677 ἐστι
467 1622 607 1700 πορνεία,
641 1617 843 1701 ἀκαθαρσία,
869 1613 1022 1699 ἀσέλγεια,
1040 1613 1289 1700 εἰδωλολατρεία,
1320 1635 1449 1700 φαρμα-

252 1729 328 1802 κεία,
346 1723 477 1807 ἐχθραι,
499 1726 587 1808 ἐρεις,
613 1722 712 1799 ζῆλοι,
732 1724 842 1806 θυμοί,
867 1721 1074 1806 διχοστασίαι,
1098 1723 1222 1809 ρθόνσι,
1248 1727 1379 1807 αἰρέσεις
1400 1728 1449 1784 καί

252 1835 293 1892 τά
304 1832 395 1912 ὅμοια
408 1837 537 1901 τούτοις.
557 1836 728 1915 κατακρίνει
746 1831 795 1892 οὖν
809 1833 824 1892 ό
840 1835 993 1915 μακάριος
1009 1829 1184 1910 ἀπόστολοςν
1196 1836 1248 1893 σὺν
1266 1833 1370 1900 αὐτοῖς
1386 1839 1450 1898 τοῖς

253 1937 452 2021 ἁμαρτωλοῖς
475 1945 526 1999 καί
548 1945 620 2009 τούς
636 1941 812 2022 αἰρετικούς.
836 1944 885 2000 καί
904 1937 955 2000 διὰ
971 1939 1077 2017 τοῦτο,
1102 1939 1140 1999 ἀν
1156 1944 1199 2019 μή
1216 1943 1335 2022 τύχωσι
1349 1937 1402 1998 τοῦ
1419 1938 1449 1996 ἐν

206 2063 231 2102 ιε
251 2056 288 2126 τῇ
307 2044 448 2124 ἐκκλησίᾳ
465 2048 556 2128 ἁγίου
572 2045 811 2129 βαπτίσματος,
838 2051 993 2129 σωτηρίας
1009 2056 1110 2128 τυχεῖν
1128 2047 1162 2106 οὐ
1187 2043 1346 2122 δύνανται,
1369 2041 1448 2106 ἀλλά

250 2157 329 2234 μετὰ
345 2162 407 2214 τῶν
423 2150 536 2214 λοιπῶν
553 2152 748 2236 ἁμαρτωλῶν
764 2159 813 2216 καί
833 2157 989 2238 αι’ρετικυῖν
1007 2156 1087 2214 εἰσιν.
1106 2155 1136 2213 ἐν
1152 2157 1254 2236 ἡμέρα
1276 2153 1295 2233 ᾗ
1319 2163 1411 2236 κρινεῖ
1432 2154 1448 2213 ό

251 2264 351 2342 κύριος
368 2260 659 2345 κατακριθήσονται.

251 2365 442 2452 Ἰανουάριος
464 2368 527 2429 ἀπό
543 2365 659 2450 Λαβής
688 2365 816 2454 εἷπε[ν]·
846 2369 938 2430 Κατὰ
959 2373 999 2428 τά
1024 2373 1251 2452 προστάγματα
1273 2377 1334 2428 τῶν
1350 2357 1490 2449 ἁγίωνζ

252 2482 383 2561 γραῳῶν
406 2481 497 2557 κρίνω
520 2475 580 2538 δεῖν
607 2480 729 2547 πάντας
752 2481 823 2544 τούς
845 2479 1015 2559 αίρεεεκούς
1037 2472 1251 2557 βαπτίζεσθαι
1273 2481 1324 2536 καί
1349 2477 1447 2544 οὕτως

205 2603 232 2640 ιο
252 2583 297 2652 εἰς
311 2587 365 2652 τήν
383 2584 477 2663 ἁγίαν
493 2581 648 2655 ἐκκλησίαν
665 2581 908 2668 προσδέχεσθαι.

251 2689 382 2760 Λούκιος
399 2693 460 2752 ἀπό
477 2689 730 2774 Καστρογοίλβας
746 2689 836 2752 εἶπεν·
863 2688 900 2752 ‘0
922 2695 1022 2773 κύριος
1039 2692 1068 2750 ἐν
1084 2697 1128 2768 τῷ
1145 2689 1314 2773 εὐαγγελίῳ
1331 2688 1445 2751 είπεν’·
1465 2705 1485 2769 ῳ

251 2800 337 2879 ὑμεῖς
353 2799 420 2858 ἐστε
435 2801 469 2858 τό
486 2796 568 2868 ἁλας
583 2809 640 2868 τῆς
655 2809 725 2880 γῆς·
743 2801 796 2859 έάν
814 2795 846 2860 δέ
863 2801 897 2859 τό
914 2796 995 2867 ἅλας
1011 2797 1179 2881 μωρανθῇ,
1198 2801 1227 2858 ἐν
1241 2803 1295 2858 τίνι
1312 2796 1447 2868 ἁλισθή-

252 2923 357 2976 σεται;
382 2908 426 2976 είς
447 2903 532 2967 οὐδέν
557 2907 654 2988 ἰσχύει
681 2908 742 2983 ἐτι,
766 2909 792 2966 εἰ
812 2911 855 2986 μή
873 2903 1035 2987 βληθῆναι
1052 2901 1110 2978 ἐξω
1126 2912 1176 2967 καί
1193 2907 1447 2968 καταπατεῖσθαι

250 3013 308 3072 ὑπό
330 3021 392 3073 τῶν
414 3013 605 3097 ἀνθρώπων.
629 3019 679 3076 καί
705 3012 796 3075 πάλιν
812 3017 891 3094 μετὰ
907 3015 961 3082 τήν
979 3015 1148 3074 ἀνάστασιν
1165 3019 1219 3083 τήν
1237 3014 1348 3075 ἑαυτοῦ
1366 3014 1446 3074 ἀπο-

205 3139 232 3178 ιε
252 3117 380 3182 στέλλων
412 3125 484 3191 τούς
512 3119 609 3192 ἰδίους
639 3121 829 3191 ἀποστόλους
855 3119 945 3203 λέγει·
969 3119 1068 3191 ἐδόθη
1091 3141 1141 3202 μοι
1162 3129 1250 3182 πᾶσα
1273 3116 1394 3193 ἐξουσία
1417 3124 1447 3182 έν

251 3227 373 3310 οὐρανῷ
400 3232 450 3288 καί
468 3230 514 3288 ἐπί
538 3240 608 3311 γής·
633 3228 838 3312 πορευθέντες
862 3226 914 3289 οὖν
935 3229 1157 3308 μαθητεύσατε
1173 3233 1275 3290 πάντα
1298 3233 1338 3290 τὰ
1355 3228 1446 3306 ἐθνη,

251 3331 457 3416 βαπτίζοντες
479 3337 591 3405 αὐτούς
618 3339 663 3407 εἰς
691 3339 724 3396 τό
749 3338 847 3416 ὄνομα
867 3333 920 3396 τοῦ
945 3339 1063 3417 πατρός
1084 3341 1134 3396 καί
1157 3336 1210 3398 εσυ
1233 3337 1298 3397 υίσῦ
1321 3342 1371 3398 καί
1394 3338 1447 3399 τοῦ

251 3442 342 3524 ἁγίου
365 3447 549 3524 πνεύματος.
568 3444 658 3504 όπότε
674 3442 724 3505 οὐν
747 3445 846 3527 σαρίς
873 3444 935 3503 ἐστι
957 3446 1028 3512 τούς
1055 3445 1241 3526 οιίρετικούς,
1265 3444 1350 3524 ὁτοῦτ’
1366 3448 1446 3506 ἐστιν

251 3549 391 3633 ἐχθρούς
418 3558 471 3610 τοῦ
498 3551 652 3634 χριστοῦ·
679 3556 722 3633 μή
749 3549 848 3632 ὀρθήν
871 3552 950 3632 ἐχειν
968 3562 1021 3614 τοῦ
1039 3556 1190 3634 σωτηρίου
1206 3557 1375 3636 μυστηρίου
1392 3557 1446 3620 τήν

206 3683 233 3721 εο
252 3655 449 3741 παράδοσιν·
471 3655 594 3740 μηδέ”
618 3655 775 3721 δύνασθαι
792 3658 981 3729 ζωοποιήσαί
997 3680 1066 3720 τινα
1083 3673 1269 3741 πνευματική
1287 3661 1446 3744 ὁμολογίᾳ,

252 3764 484 3848 μωρανθέντας
503 3769 616 3836 αὐτοὺς
636 3773 687 3828 καί
703 3761 761 3840 ἐξω
778 3769 872 3837 ὄντας
887 3777 943 3837 τής
959 3766 1118 3838 ἐκκλησίας
1146 3769 1225 3849 ἁγίῳ
1254 3765 1447 3850 βαπτίσματι

252 3871 412 3954 βαπτίζειν
426 3875 613 3958 ἐρχομένους
629 3873 796 3960 ὀφείλομεν.

254 3983 395 4064 Κρήσκης
428 3985 489 4044 ἀπό
510 3971 643 4066 ’Κρήτης
677 3982 768 4044 εἶπεν·
805 3982 858 4044 Ἐν
887 3991 1020 4062 τοσούτῳ
1054 3983 1166 4053 πλήθει
1205 3985 1302 4067 ἁγίων
1341 3987 1485 4069 ίερέωνβ

252 4089 522 4173 ἀναγνωσθέντων
551 4093 745 4174 γραμμάτων
773 4100 827 4153 τοῦ
856 4091 1019 4176 ἀγαπητοῦ
1046 4097 1133 4173 ήμῶν
1155 4097 1206 4152 καί
1228 4097 1444 4156 συνεπισκόπου

333 4193 346 4232 ό
361 4193 443 4244 Ρρίεεε.
459 4196 482 4233 lv
497 4195 510 4234 8
524 4197 545 4234 4.
560 4215 587 4224 -
606 4196 620 4234 8
634 4195 731 4235 Johnnn.
747 4197 772 4236 111
786 4197 808 4236 ό.
824 4217 850 4226 -
871 4200 897 4236 10
916 4196 990 4238 θείω.
1007 4207 1022 4234 v
1037 4199 1125 4236 ιύ-ῖῖ.
1141 4217 1168 4226 -
1189 4199 1214 4238 18
1229 4193 1365 4250 ίτννουόρισς
1378 4199 1404 4238 Ρ.
1419 4219 1445 4228 -

252 4261 300 4304 εἰπε
314 4265 339 4304 Ρ.
355 4285 382 4294 -
395 4266 421 4304 11
437 4261 603 4319 Γετετρογιιλβής
618 4268 642 4306 Ρ.
654 4287 681 4298 -
692 4267 779 4321 ’φησίν
794 4269 820 4308 Ρ.
831 4289 858 4300 -
871 4270 898 4309 ²2
913 4269 991 4309 mh.
1002 4279 1016 4306 v
1028 4269 1061 4309 1³.
1077 4289 1104 4298 -
1118 4271 1145 4310 ²⁸
1159 4279 1216 4318 qm
1230 4271 1289 4310 ίειῖετ
1303 4269 1334 4314 εἰς
1348 4267 1410 4310 οὐδόν
1424 4276 1447 4311 οῖ

251 4335 371 4391 πνεύματος
380 4347 440 4377 εστι.
451 4339 478 4378 2⁸
493 4339 567 4378 σισόίε
580 4345 640 4387 nunt,
655 4351 701 4380 non
716 4343 821 4389 leguntur
830 4342 854 4380 ίιι
863 4341 888 4380 Ρ.
899 4361 926 4370 -
936 4341 963 4381 25
977 4341 1054 4380 mah.
1066 4342 1137 4381 ιτείίί
1149 4343 1174 4382 18
1190 4343 1222 4381 1⁹.
1234 4361 1261 4371 -
1270 4338 1378 4382 δυ’δεοῡ
1388 4343 1445 4392 Ρύς,

252 4413 324 4452 verba
337 4412 440 4462 proxim
454 4408 585 4464 μὴψτεσρόό.
601 4423 623 4450 τ.
634 4413 669 4461 νυ,
692 4423 749 4462 quw
764 4415 846 4455 εῐιειειιῖ
859 4423 873 4454 ε
886 4415 912 4464 Ρ,
927 4415 1032 4462 leguntur
1046 4415 1070 4454 ίιι
1083 4415 1121 4464 hg.
1132 4434 1160 4444 —
1174 4415 1201 4455 νύ
1211 4411 1356 4468 ’φαιίρωσιν
1370 4415 1408 4463 hg.
1419 4437 1446 4446 -

252 4481 316 4536 ’.μὴ
336 4481 382 4524 δεῖν
401 4484 427 4523 Ρ.
443 4505 471 4513 -
491 4485 517 4524 88
533 4481 552 4535 β.
568 4480 647 4529 αὐτοὺς
661 4481 792 4539 ἐρχσμίνευς
805 4486 831 4525 Ρ.
847 4505 874 4516 -
893 4487 920 4528 ⁸⁸
935 4483 1030 4540 Κρίσκητ
1045 4487 1070 4528 Ρ.
1087 4507 1113 4518 -·
1132 4483 1180 4528 εἰπε
1200 4487 1226 4526 Ρ.
1241 4509 1269 4518 -
1288 4483 1355 4542 Ιερῶν
1373 4490 1404 4528 Μ.
1422 4511 1445 4519 -

252 4567 309 4606 qm
323 4558 381 4598 ίιεῖετ
396 4553 436 4597 Ἐν
450 4560 473 4598 σί
487 4567 509 4608 p.
525 4557 552 4596 44
567 4569 588 4596 τ.
604 4557 617 4596 ¹
632 4557 701 4610 κρίνω
716 4557 791 4598 modi·
804 4567 830 4598 τυ
845 4557 870 4597 Ρ.
