3120 4980
1396 359 1440 414 IX

248 531 496 620 comprehensas
520 531 601 596 alius
623 531 719 596 stiam
743 531 950 596 octateuchus
968 531 1181 596 cl'ementinus
1203 541 1340 596 aetatem
1358 531 1442 612 tulit,

243 663 311 706 non
330 652 438 706 tamen
453 639 486 704 in
504 637 662 720 Graecia,
686 639 745 704 sed
766 639 799 704 in
815 639 939 705 oriente
954 649 1134 727 superstes,
1165 639 1254 704 cuius
1274 639 1443 704 versiones

247 748 458 838 aegyptiacas
490 749 646 814 babemus
674 747 769 831 dnos,
802 749 936 814 alteram
965 747 1102 814 dialecto
1135 747 1342 836 memphitica
1369 769 1444 812 con·

246 857 400 946 scriptam
417 869 450 921 et
468 857 508 920 ab
525 855 569 922 H.
585 856 734 922 Tattamo
752 857 923 944 editam1),
948 856 1081 922 alteram
1105 857 1290 922 thebanam.
1331 855 1442 920 theba·

248 989 310 1032 nae
326 964 474 1031 editionis
498 965 684 1052 exemplum
708 987 807 1030 unum
831 973 956 1030 tantum
978 963 1117 1030 innotuit
1140 963 1445 1031 aNorthumbrien.

248 1074 332 1140 sium
346 1074 428 1138 duco
445 1074 477 1138 in
487 1071 688 1138 Britanniam
701 1072 871 1138 advectum
884 1081 917 1137 et
926 1071 1076 1138 Tattamo
1093 1072 1260 1137 donatum:
1278 1071 1446 1136 Tattamus

251 1181 329 1246 mibi
358 1180 655 1246 transscribendum
680 1180 847 1246 concessit.
885 1179 990 1246 codex
1013 1191 1063 1246 est
1091 1179 1347 1261 recentissimus,
1381 1201 1446 1245 non

251 1289 481 1376 bombycinus,
510 1288 568 1354 sod
591 1311 810 1376 papyraceus,
841 1289 969 1378 paginis
992 1298 1142 1354 constans
1167 1299 1295 1354 centum
1318 1297 1350 1352 et
1371 1311 1445 1368 una,

249 1398 362 1462 formis
378 1397 543 1462 literarum
561 1396 605 1461 cis
622 1397 777 1485 scriptus,
802 1419 882 1484 quas
899 1396 1012 1483 Zoega
1026 1397 1140 1462 ultima
1155 1407 1260 1462 aetate
1277 1407 1446 1483 usurpatos

251 1507 356 1575 fuisso,
368 1504 495 1570 docuit·
512 1503 616 1570 codici
631 1505 839 1592 memphitico
855 1505 981 1570 adiecta
997 1515 1046 1572 est
1060 1505 1167 1571 versio
1183 1504 1328 1585 arabica,
1351 1526 1446 1590 quam

255 1635 360 1701 neque
377 1611 559 1678 Tattamnm
578 1613 710 1678 editioni
726 1621 803 1678 suae
818 1612 974 1680 adiecisse
991 1635 1097 1700 neque
1117 1615 1169 1679 me
1190 1612 1450 1699 transscripsisse

252 1721 462 1787 vehementer
477 1720 582 1786 doleo.
620 1720 729 1786 notavi
751 1732 859 1788 tamen
882 1743 956 1788 eum
977 1722 1142 1786 hominem
1165 1721 1220 1809 qui
1239 1720 1316 1786 satis
1339 1721 1448 1808 inepte

253 1831 302 1920 (ut
322 1827 515 1917 aegyptiace
537 1828 738 1916 loqueretur)
762 1851 797 1894 se
820 1843 914 1910 <pata
939 1855 996 1892 sos
1015 1853 1118 1912 aquae
1134 1828 1272 1911 vocavit,
1290 1829 1447 1918 appellari

255 1935 327 2030 Mo
343 1937 390 2042 ,fi
419 1938 558 2014 arabice.
598 1949 661 2014 alia
684 1947 826 2012 ciusdem
854 1947 928 2012 libri
952 1947 1102 2035 exempla
1125 1945 1286 2013 exstitisse
1313 1947 1389 2010 olim
1416 1945 1449 2010 in

254 2046 412 2151 A'egypto
438 2063 585 2128 videmus
614 2065 733 2153 pagina
759 2089 822 2144 poa
843 2062 999 2146 Tattami,
1031 2064 1088 2129 ubi
1119 2063 1204 2128 male
1230 2063 1313 2151 legit
1344 2063 1450 2129 editor

255 2181 401 2267 anglicus
420 2172 494 2275 ³2⁵*
515 2189 597 2264 κ’,
620 2205 718 2269 quum
735 2182 911 2268 legendum
929 2182 970 2246 sit
985 2169 1061 2273 ijsi
1081 2171 1165 2244 [4¹⁴
1190 2181 1210 2244 i.
1222 2201 1249 2245 e.
1268 2183 1451 2266 ememplrum

255 2300 358 2364 aliud.
398 2321 503 2385 neque
530 2299 593 2363 hoc
623 2323 642 2362 a
664 2299 772 2364 verbis
800 2321 1070 2380 asposaaaonaa
1089 2312 1185 2376 naon
1214 2297 1449 2384 seiungendum

255 2419 333 2492 crat,
351 2431 448 2495 quum
466 2407 597 2472 minimo
614 2409 655 2472 sit
671 2407 784 2472 horum
802 2406 1033 2470 vocabulorum
1050 2405 1155 2471 versio
1166 2406 1311 2488 arabica,
1335 2404 1393 2470 scd
1410 2407 1450 2469 ab

255 2525 325 2590 aliis
338 2541 378 2586 w·
389 2539 415 2586 a
427 2524 491 2612 logi
507 2523 600 2628 dicat.
614 2526 658 2588 ita
669 2525 702 2589 in
717 2523 827 2590 codice
840 2523 981 2588 thebano
994 2547 1025 2610 p.
1041 2525 1080 2587 71
1096 2543 1251 2585 nasonem
1271 2511 1348 2617 ijai
1369 2497 1448 2585 μὲι-3

255 2635 385 2730 iegitur.
423 2653 454 2706 ct
478 2631 559 2703 ἴθ’
581 2641 660 2706 nihil
677 2640 765 2706 alind
788 2651 835 2704 cst
857 2663 894 2704 ac
912 2643 1060 2711 ώωιυ
1085 2651 1116 2706 et
1138 2657 1242 2726 ψη,
1268 2640 1354 2728 quod
1379 2640 1452 2705 vide

256 2781 333 2823 num
350 2759 579 2846 aegyptiacum
596 2759 645 2823 sit.
670 2781 745 2823 nam
762 2770 797 2824 ut
816 2785 909 2838 sapsa
927 2768 1032 2822 ortum
1048 2769 1097 2822 est
1113 2779 1153 2822 ox
1170 2769 1277 2838 n-moa
1293 2757 1346 2821 vel
1365 2782 1458 2839 aoap

256 2891 297 2933 cx
316 2882 429 2950 ,ἐι-ιη
444 2868 496 2931 vol
520 2863 610 2948 napi
630 2888 671 2931 ex
696 2892 822 2952 asa-poa,
851 2876 978 2957 poterat
1000 2867 1095 2931 otiam
1118 2889 1136 2929 a
1159 2865 1269 2930 radice
1290 2885 1353 2928 aas
1373 2885 1450 2927 assas

256 2973 426 3062 (scribere)
444 2973 517 3037 duci
534 2986 633 3035 n-eaa
655 2984 686 3038 et
699 2974 816 3040 deinde
830 2993 911 3038 sota
930 2973 983 3037 vel
996 2994 1091 3056 aare,
1112 2983 1148 3036 ut
1159 2972 1315 3036 habemus
1332 2981 1449 3033 n-eoar

256 3088 357 3144 abab
378 3089 515 3172 ὑφαντὸς
544 3082 678 3147 Iohann.
703 3083 760 3147 xix
784 3083 837 3148 23.
876 3082 1035 3147 vocabula
1059 3080 1215 3146 nonnulla
1239 3103 1257 3142 a
1280 3077 1387 3143 Persis
1412 3079 1453 3143 ad

258 3190 504 3280 Aegyptios'et
528 3193 568 3256 ab
597 3189 771 3278 Aegyptiis
796 3192 836 3296 ²¹‚d
860 3189 977 3254 Persas
1000 3188 1158 3276 migrasse
1182 3198 1304 3252 certum
1329 3197 1391 3270 ost,
1420 3198 1455 3252 ut

260 3312 325 3370 &Cu
365 3341 403 3364 =
438 3333 516 3389 ungu
555 3331 713 3395 quercus,
750 3273 878 3400 σῆς)
912 3319 964 3406 ²,
984 3326 1206 3386 §apamenam
1245 3325 1453 3386 capedinem

258 3398 365 3512 lepUS,
407 3417 474 3496 &a
510 3459 548 3479 =
584 3435 686 3487 cadosa
726 3449 869 3514 paucus,
907 3389 1003 3526 absi
1035 3455 1072 3478 =
1115 3433 1284 3486 adamanus
1325 3423 1452 3487 vitrum.

261 3542 371 3606 talium
399 3525 628 3608 vobabulorum
660 3552 695 3606 nt
726 3541 862 3629 patriam
890 3541 945 3606 vix
976 3540 1112 3630 indicari
1142 3565 1238 3630 posse
1266 3551 1453 3612 monstrem,

260 3652 367 3738 placet
390 3649 431 3714 od
454 3650 619 3715 Dosiadae
643 3673 731 3713 aram
759 3649 938 3738 (antholog.
965 3673 1073 3736 graec.
1098 3647 1163 3714 XV
1184 3649 1243 3730 25,
1269 3651 1298 3712 7.
1318 3650 1352 3734 8)
1382 3672 1453 3735 pro-

261 3781 377 3824 vocure
402 3769 476 3822 torn.
497 3757 534 3821 H
557 3781 593 3847 p.¹
609 3758 673 3822 606
698 3757 748 3823 ed.
774 3757 811 3821 F.
836 3757 969 3841 Jacobs,
994 3757 1050 3823 ubi
1073 3758 1208 3845 legitur:

479 3872 511 3942 ἐς
535 3874 597 3952 γὰρ
622 3867 729 3951 βωμὸν
754 3871 828 3954 όρής
852 3891 901 3950 με,
925 3875 1002 3951 μήτε
1026 3875 1205 3954 ταγχοὺρου
1258 3933 1270 3952 .

477 3976 628 4050 πλίνθοις,
653 3975 724 4058 μήτ’
752 3975 892 4059 Ἀλύβης
915 3983 1056 4060 παγέντα
1080 3975 1205 4058 βώλοις.

261 4083 316 4148 ubi
347 4081 543 4150 Jacobsius:
583 4091 682 4168 μήτε
718 4085 745 4146 τ’
774 4088 900 4168 αὐροῦ
936 4081 996 4147 Br.
1031 4108 1056 4146 o.
1091 4081 1191 4146 Salm.
1226 4082 1312 4144 Fort.
1353 4089 1456 4165 μήτε

262 4189 335 4254 boo
343 4203 437 4277 ρίου.
464 4200 496 4254 et
511 4190 683 4255 scholiasta
698 4201 774 4254 tom.
793 4189 849 4254 III
867 4214 898 4278 p.
914 4191 994 4255 626:
1022 4195 1036 4253 ὁ
1061 4190 1093 4252 δὲ
1117 4201 1205 4261 νοῦς·
1233 4195 1266 4252 od
1291 4195 1352 4276 γὰρ
1380 4193 1457 4274 ὁρᾷς

261 4323 298 4382 με
316 4305 384 4364 οὔτε
406 4311 553 4386 χρυσοῦν,
578 4304 645 4362 οὔτε
668 4305 836 4386 ἀργυροῦν·
863 4306 1041 4386 τάγχουρος
1058 4304 1120 4382 γὰρ
1139 4301 1154 4360 ὁ
1171 4303 1299 4383 χρυσός.
1336 4303 1354 4370 ἡ
1378 4295 1456 4371 λέξις

344 4495 362 4546 ¹)
378 4501 412 4537 the
434 4500 569 4548 apostolicae
588 4501 741 4536 comitantium
761 4511 786 4536 or
805 4509 889 4536 sonoras
908 4497 934 4546 υ]
953 4499 988 4536 tte
1007 4499 1103 4547 opoatles
1123 4499 1145 4534 r'n
1164 4500 1241 4546 capeto.
1259 4499 1307 4535 eset
1328 4508 1357 4534 on
1376 4481 1457 4545 inqiut

262 4573 398 4608 trutinhusen
414 4571 439 4618 oy
456 4571 530 4617 Heus-y
549 4569 642 4608 Turtam.
666 4571 755 4610 houden
771 4571 840 4610 1818.
