3128 4972
686 457 901 518 ..19-

189 643 254 708 nisi
277 663 335 726 per
357 661 462 703 unum
477 637 563 702 diem
581 625 643 722 (τὴν
662 633 749 718 αὐτὴν
765 637 834 718 μίαν
851 637 958 720 ἡμέραν
974 638 1155 714 νηστεύοντες
1172 634 1221 702 καὶ
1237 639 1275 703 acl
1293 639 1397 722 μεστή·

189 785 239 845 ρει
262 747 487 839 ἐπιτελοῦντες);
510 759 643 824 eosdem
666 765 778 823 autom
801 760 988 844 Polycratis
1011 767 1122 824 aetate
1146 761 1243 826 aliter
1264 761 1394 842 fecisse,

190 887 331 960 nonest,
349 886 616 945 curstatuamus.
641 877 752 943 Quare
763 881 894 943 Sra1ra¹
912 879 1032 965 aliique
1044 887 1135 945 recte
1148 881 1306 946 statuisse
1317 881 1397 946 mibi

191 1003 363 1080 videntur,
395 999 537 1063 Asianos
560 999 631 1063 solo
655 999 708 1063 dis
733 1005 852 1082 quarto
876 999 1003 1065 decimo
1021 1001 1192 1086 jejunasse
1216 1002 1397 1086 eodemque

192 1125 255 1189 sub
277 1141 452 1206 vesperum
475 1141 601 1183 sacram
625 1139 762 1183 coenam
789 1119 1049 1185 administrasse.
1095 1121 1249 1185 Quocum
1274 1122 1398 1206 optime

192 1240 377 1320 consentit,
412 1239 499 1323 quod
527 1239 716 1303 Iaassaus'
746 1238 844 1317 dicit,
879 1239 1097 1325 multiplicem
1128 1253 1201 1306 'esse
1223 1241 1398 1326 jejunandi

192 1363 345 1441 sormam,
367 1357 399 1421 oi
414 1353 474 1438 μὲν
491 1354 555 1440 γὰρ
570 1353 708 1421 οἴονται
723 1356 806 1436 μίαν
822 1357 954 1440 ἡμέραν
972 1362 1044 1420 δεῖν
1062 1356 1191 1429 αὐτοὺς
1207 1357 1399 1440 νηστεύειν,

193 1491 221 1554 oi
245 1485 274 1552 di
296 1487 361 1561 δύο,
385 1484 412 1548 oi
429 1481 458 1548 di
476 1479 525 1547 sui
542 1484 690 1555 πλείονας·
713 1484 740 1547 οἱ
758 1481 787 1548 di
804 1483 1023 1567 τεσσαράκοντα
1046 1482 1126 1568 ὥρας
1147 1485 1281 1569 ἡμερινάς
1303 1481 1399 1550 τεκαὶ

192 1605 356 1690 νυκτερινὰς
373 1608 563 1687 ranunculus
579 1602 629 1685 τὴν
645 1603 753 1688 ἡμέραν
772 1603 875 1668 αὐτῶν.
907 1607 1040 1693 Etenim
1062 1607 1096 1687 ii,
1119 1608 1175 1691 qui
1193 1630 1295 1670 uuum
1311 1607 1399 1671 diem

188 1730 401 1815 jejunabant,
426 1726 542 1791 Asiani
564 1726 719 1790 videntur
742 1725 879 1790 fuisse⁸.

281 1849 375 1912 Quae
404 1847 513 1911 adhuc
536 1845 577 1908 de
600 1845 965 1929 quartodecimanorum
994 1845 1078 1910 ritus
1101 1853 1219 1910 natura
1243 1845 1399 1929 cognovi·

194 1993 286 2048 mus,
311 1971 392 2032 haec
416 1973 506 2030 sunt.
553 1966 786 2029 Observabant
808 1966 915 2029 solum
940 1973 1093 2050 quartum
1117 1964 1279 2029 decimum
1303 1965 1401 2049 primi

194 2090 317 2156 mensis
346 2087 445 2152 diem.
491 2086 589 2150 Hunc
614 2084 700 2149 diem
725 2085 918 2169 jejunantes
947 2085 1110 2169 agebant3
1140 2086 1200 2148 sub
1226 2107 1400 2169 vesperum

194 2219 307 2274 autem
336 2229 471 2272 coenam
499 2204 778 2269 administrabant
806 2227 944 2269 sacram.
996 2205 1060 2268 Hic
1089 2205 1159 2268 dies
1188 2213 1259 2269 erat
1287 2226 1401 2269 eorum

193 2325 277 2410 ἑορτὴ
293 2327 345 2390 τοῦ
363 2324 471 2406 πάσχα.
491 2363 533 2374 -
553 2325 618 2389 Sed
630 2326 701 2410 jam
719 2324 868 2408 quaestio
886 2324 1000 2402 oritur,
1024 2324 1058 2388 in
1075 2325 1125 2408 cuj
1132 2347 1170 2386 us
1185 2324 1234 2388 rei
1248 2326 1301 2388 vel
1318 2322 1400 2388 facti

194 2448 386 2513 memoriam
410 2448 496 2510 hunc
520 2445 607 2509 diem
625 2444 875 2509 celebraverint.
909 2445 1064 2508 Afferunt
1081 2443 1141 2506 viri
1157 2443 1249 2507 docti
1264 2442 1401 2508 Eusebii

196 2569 297 2633 verba
319 2567 363 2630 H.
388 2567 427 2630 Ε.
452 2565 496 2644 V,
526 2568 577 2644 23,
604 2569 633 2643 l,
664 2563 824 2647 equibus
846 2585 1002 2648 apparere
1025 2563 1153 2642 dicunt,
1180 2563 1281 2627 etiam
1305 2562 1400 2626 Asia·

195 2710 313 2752 norum
335 2688 459 2771 pascha
481 2684 582 2748 fuisse
606 2678 704 2764 ἑορτὴν
732 2681 886 2763 corvinus,-
921 2683 1125 2747 celebratum
1157 2703 1236 2766 ergo
1266 2703 1338 2746 esse
1368 2682 1402 2746 in

195 2806 386 2871 memoriam
416 2803 617 2880 Servatoris5
651 2803 763 2887 quaeri
794 2810 923 2882 autem,
953 2803 1070 2886 cujus
1102 2801 1276 2886 praecipue
1305 2801 1352 2865 rei
1384 2824 1403 2866 a

195 2927 337 2990 Domino
359 2932 472 2989 nostro
489 2934 605 3008 gestae
629 2926 693 2987 hoc
709 2923 762 2987 die
784 2921 1011 3000 meminerint,
1036 2929 1147 2985 utrum
1171 2921 1308 2985 ultimae
1332 2921 1402 3004 ejus

193 3067 333 3123 coenae,
365 3067 407 3108 au
435 3043 552 3108 mortis
582 3044 654 3128 ejus
682 3041 849 3106 salutaris.
897 3041 962 3104 Sed
995 3040 1149 3104 videntur
1177 3039 1259 3103 mihi
1286 3039 1404 3104 Asiani

195 3166 294 3249 hujus
316 3164 381 3228 diei
402 3163 659 3228 celebrationem
679 3161 812 3226 omnino
835 3183 901 3225 non
925 3159 1109 3223 instituisse
1132 3158 1167 3222 in
1190 3158 1272 3223 certi
1294 3159 1403 3243 cujus·

196 3285 272 3349 dam
296 3283 378 3348 facti
399 3283 434 3346 iu
457 3282 639 3366 evangeliis
662 3281 760 3346 relati
783 3279 986 3345 memoriam.
1020 3279 1054 3342 Si
1078 3277 1165 3342 enim
1184 3280 1249 3343 hoc
1265 3279 1403 3344 consilio

195 3404 358 3468 sollemne
374 3401 631 3466 anniversarium
647 3400 883 3479 instituissent,
902 3408 991 3464 certe
1002 3398 1286 3478 resurrectionem,
1305 3405 1405 3483 caput

197 3529 233 3587 et
261 3545 422 3586 summam
443 3519 556 3609 {totius
584 3520 740 3585 historiae
770 3518 997 3604 evangelicae,
1026 3519 1123 3603 plane
1146 3519 1316 3603 negligere
1339 3541 1406 3582 non

197 3649 364 3728 poterant.
397 3641 572 3706 Quomodo
596 3640 683 3704 enim
707 3638 778 3704 fieri
798 3639 919 3724 potuit,
944 3646 982 3703 ut
1004 3645 1130 3704 certum
1153 3639 1296 3722 aliquem
1318 3637 1406 3702 diem

199 3763 234 3826 iu
256 3761 446 3826 memoriam
469 3761 522 3826 vel
546 3760 683 3825 ultimae
708 3781 828 3824 coenae
851 3758 905 3824 vel
928 3758 1044 3822 mortis
1067 3757 1296 3822 JesuChristi
1320 3757 1405 3822 cele·

200 3883 351 3960 brarent,
386 3903 461 3944 oum
489 3879 738 3944 resurrectionis
769 3879 901 3943 omuino
930 3901 997 3942 non
1025 3879 1296 3942 recordarentur?
1341 3879 1406 3942 Re·

290 4164 300 4198 ¹
325 4164 415 4226 trad.
432 4188 464 4226 a.
481 4163 567 4226 Krit.
587 4171 681 4241 1856,
703 4189 732 4247 p.
750 4167 812 4228 ’797
828 4189 873 4246 sq.

290 4249 301 4282 ⁸
323 4255 435 4314 Eussb.
451 4255 493 4313 H.
511 4257 546 4313 Ε.
565 4255 601 4327 V,
624 4257 675 4326 24,
693 4257 742 4312 12.

291 4335 301 4369 ⁸
326 4341 363 4399 es
380 4342 609 4413 Hruoasrnau
626 4333 847 4411 Paschaatres't,
865 4359 894 4417 p.
912 4339 984 4398 309.

1175 4434 1213 4485 20
