3120 4980
1413 359 1458 413 XI

264 530 487 620 aegyptissare
510 553 576 598 non
599 531 688 597 videt
711 542 743 598 ot
766 501 807 599 eri
826 531 971 596 sohidico
994 537 1234 610 (surperfluam
1254 555 1291 592 ns
1318 553 1459 610 xcpas

264 659 362 713 mccii
384 657 538 737 expressa
553 671 624 714 esse
641 650 692 714 vel
708 649 801 715 toties
819 649 991 736 repetitum
1008 659 1104 719 117111·
1116 677 1123 712 =
1134 661 1219 718 316³:
1240 670 1281 712 ex
1298 657 1374 709 scor
1393 673 1460 709 ms:

267 779 341 822 eum
365 777 472 843 neque
495 757 527 820 in
547 755 728 844 aethiopica
751 779 857 842 neque
880 757 913 821 in
930 756 1122 843 aegyptiaca
1138 756 1251 842 lingue
1274 755 1367 819 nimis
1391 777 1459 820 rer-

265 875 369 930 satum
386 864 533 930 dixerim.

356 971 454 1038 editio
477 972 686 1060 memphitica
706 973 740 1036 in
756 983 878 1060 septem
897 973 999 1036 libros
1016 970 1119 1036 divisa
1135 981 1200 1036 estc
1225 971 1316 1036 initio
1337 981 1460 1036 tantum

266 1101 406 1144 canones
423 1090 643 1160 numerantur,
661 1079 719 1146 sed
735 1081 821 1145 ultra
837 1101 994 1146 canonem
1010 1078 1383 1166 undequadragesimum
1400 1078 1460 1143 isto

267 1187 439 1252 dirimendi
464 1186 562 1252 modo
589 1209 657 1252 non
683 1187 881 1274 proceditur.
929 1186 1054 1251 numeri
1083 1209 1241 1252 canonum
1272 1210 1291 1249 a
1313 1185 1461 1251 'Iettamo

265 1295 398 1361 editioni
413 1293 567 1382 adscripti
590 1315 608 1360 e
629 1294 740 1360 codice
756 1293 900 1359 sahidico
916 1293 1007 1381 petiti
1026 1304 1100 1358 sunt
1114 1293 1151 1381 ¹).

361 1403 445 1468 liber
465 1402 605 1489 primus,
629 1408 690 1488 qai
707 1404 791 1468 silem
808 1417 857 1467 cst
872 1402 958 1466 liber
972 1403 1151 1484 eomedas,
1173 1425 1205 1489 p.
1222 1425 1327 1464 a-ac
1348 1400 1462 1466 cedem

267 1509 411 1575 continet
425 1532 509 1596 quae
520 1533 639 1597 graece
651 1511 685 1575 in
695 1509 796 1576 nostri
809 1509 979 1576 voluminis
993 1509 1098 1598 capite
1111 1510 1282 1578 undecimo
1294 1510 1461 1596 leguntur.

356 1617 440 1683 libor
455 1617 628 1700 secundus,
650 1623 710 1704 qni
721 1618 805 1682 idem
821 1632 869 1682 est
885 1617 971 1682 tiber
986 1623 1120 1698 tertias,
1138 1623 1171 1704 p'.
1186 1623 1325 1696 lta—qa.

356 1726 439 1791 liber
457 1726 584 1807 tertius,
611 1731 671 1812 φιτ·
684 1727 768 1791 rilem
785 1741 834 1790 est
853 1725 937 1790 ls'der
955 1741 1108 1812 quartus,
1134 1749 1164 1814 p.
1188 1735 1327 1806 (ιθ-για
1348 1724 1461 1791 cadem

267 1833 409 1900 continet
432 1855 515 1920 quae
538 1855 657 1920 graece
678 1833 713 1898 in
734 1832 835 1898 nostri
856 1832 1028 1900 voluminis
1052 1833 1157 1922 capite
1181 1831 1284 1922 primo
1309 1834 1462 1922 leguntur

269 1940 288 2004 i.
307 1963 333 2006 e.
353 1941 515 2008 constitut.
533 1953 635 2029 apost.
653 1941 741 2006 VIII
760 1944 775 2005 l
795 1953 828 2008 et
843 1942 873 2006 2.

356 2049 442 2114 liber
456 2059 605 2136 quartus,
625 2056 685 2136 qm'
696 2051 779 2114 sidem
794 2064 842 2115 cat
858 2049 943 2114 la'ber
958 2053 1110 2136 quintus,
1125 2073 1156 2138 p.
1171 2054 1343 2130 prr-plis.
1362 2059 1463 2113 const.

267 2167 368 2244 apost.
391 2157 479 2221 VIII
502 2158 612 2222 3-27
638 2157 696 2224 sed
719 2157 828 2222 multis
849 2157 1100 2246 praetermissis,
1126 2179 1192 2223 nou
1216 2157 1311 2221 nullis
1335 2155 1463 2222 additis.

268 2264 455 2350 neutiquam
475 2288 551 2330 vero
571 2265 668 2330 editio
685 2266 879 2354 aegyptiaca
901 2266 947 2331 eis
968 2267 1117 2330 omnibus
1135 2275 1236 2347 caret,
1261 2288 1344 2351 quae
1365 2265 1463 2352 patri-

267 2373 384 2438 archae
409 2373 746 2460 constantinopolitani
770 2396 834 2438 non
859 2384 1065 2461 receperunt,
1091 2373 1148 2438 sed
1173 2396 1244 2438 eam
1268 2372 1376 2460 legem
1401 2372 1460 2437 sibi

268 2480 433 2568 scripsisse
461 2481 604 2562 videtur,
634 2491 669 2544 ut
695 2480 789 2545 eiciet
815 2480 965 2568 liturgias
993 2503 1119 2562 omncs,
1148 2481 1285 2546 retineat
1312 2503 1395 2568 quae
1422 2481 1463 2545 de

270 2588 451 2653 cerimoniis
467 2588 622 2653 faciendis
639 2589 851 2654 inveniantur.
877 2588 985 2676 itaque
1001 2609 1019 2654 c
1036 2588 1192 2676 capitibus
1209 2589 1230 2654 5
1247 2599 1279 2655 ct
1295 2591 1335 2654 12
1352 2588 1466 2655 editio-

269 2719 344 2760 num
367 2706 550 2761 nostrarum
574 2697 714 2761 servavit
734 2699 836 2762 verba
857 2705 899 2782 μή
922 2721 969 2771 τις
991 2710 1051 2763 τῶν
1075 2699 1227 2780 ἀπίστων,
1256 2708 1289 2762 et
1311 2720 1393 2783 quae
1415 2697 1465 2762 his

268 2803 416 2870 similias
433 2804 567 2869 diacono
584 2815 658 2868 ante
675 2827 807 2870 coenam
824 2829 949 2871 sacrem
965 2804 1134 2870 clamanda
1149 2816 1232 2870 sunt.
1249 2805 1290 2869 cf.
1304 2828 1335 2892 p.
1349 2804 1448 2868 XIII.

358 2911 441 2977 liber
463 2912 607 2998 quintus,
633 2913 789 2998 quiritem
804 2927 852 2978 est
868 2913 953 2978 liber
968 2927 1094 2994 sectus,
1116 2935 1148 3000 p.
1167 2919 1342 2995 pits-pgr.
1361 2922 1463 2976 const.

269 3029 370 3108 apost.
388 3019 476 3084 VIII
498 3020 551 3084 28.
575 3021 628 3085 30.
654 3021 707 3086 31.
732 3022 791 3104 32,
821 3031 858 3084 11
884 3035 947 3096 πᾶς
969 3021 1002 3086 δὲ
1020 3027 1126 3094 πιστὸς
1144 3058 1187 3069 —-
1208 3028 1247 3080 12
1269 3018 1464 3104 ἐδιδάξαμεν.

270 3128 323 3192 33.
341 3128 394 3191 34.
413 3129 558 3194 42-46.

358 3233 441 3299 liber
457 3245 584 3318 sextus,
603 3241 663 3322 qut
675 3235 758 3300 cidem
774 3250 823 3302 est
839 3236 922 3301 liber
938 3239 1104 3321 septrirraa,
1122 3257 1153 3323 p.
1173 3257 1344 3318 ppt-poa.
1363 3244 1463 3299 const.

273 3351 375 3429 apost.
393 3341 481 3408 VIH
497 3345 551 3426 32,
572 3356 585 3408 1
607 3351 635 3408 oi
649 3350 781 3431 πρώτως
799 3349 1034 3431 προσιόντες-
1056 3352 1094 3406 10
1113 3344 1248 3408 διδακτοὶ
1264 3345 1343 3408 esce
1356 3343 1393 3433 ²).

361 3448 444 3516 liber
460 3453 623 3540 septimus
643 3457 703 3537 qai
715 3453 798 3516 silem
814 3465 862 3516 est
877 3451 962 3514 liber
978 3465 1121 3534 octavus,
1139 3475 1171 3539 p.
1188 3475 1353 3531 poc-mr.
1372 3475 1465 3516 cano·

273 3578 333 3622 nes
350 3559 532 3644 apostolici,
550 3560 643 3624 liuius
659 3559 831 3624 voluminis
847 3583 916 3646 cap.
933 3557 993 3622 IV.

239 3653 244 3664 ⁹
361 3665 462 3732 editio
490 3667 630 3732 thebana
657 3667 691 3732 in
715 3689 854 3732 canones
878 3667 981 3732 divisa
1002 3678 1049 3732 est
1071 3677 1168 3755 atque
1189 3667 1234 3732 ita
1257 3668 1403 3754 quidem,
1433 3677 1467 3732 ut

272 3773 405 3860 regulae
431 3776 541 3840 1-30
566 3797 648 3862 quse
670 3785 879 3840 numerentur
901 3797 941 3840 cx
965 3774 1059 3840 huius
1082 3776 1256 3840 voluminis
1281 3775 1384 3862 capite
1406 3799 1467 3840 un-

272 3876 396 3946 decimo
423 3882 570 3970 intellegi
592 3883 706 3969 possit:
739 3906 813 3948 narn
845 3883 988 3948 codicem
1013 3881 1192 3948 sahidicum
1215 3883 1248 3946 in
1272 3883 1381 3948 libello
1406 3884 1466 3948 isto

272 3985 451 4056 dirimendo
469 4001 622 4077 sequutus
639 4013 720 4054 sum.
1461 4059 1466 4069 ,

287 4101 345 4157 λα.
364 4104 442 4157 arna
455 4124 475 4158 n
488 4120 673 4160 anienonoc.
693 4098 832 4187 eetlriop.
850 4104 869 4182 ξ
887 4099 947 4182 21,
975 4095 1098 4164 Ludolf
1110 4122 1141 4186 p.
1160 4099 1242 4180 323,
1266 4097 1321 4164 ubi
1337 4099 1468 4186 liturgia

364 4202 531 4290 integrior.

291 4315 345 4372 aa.
365 4320 440 4374 ardo
454 4338 491 4373 na
507 4321 741 4393 upscfiorcpoc.
760 4315 899 4402 eetlriop.
917 4321 936 4398 ξ
954 4315 1006 4396 22,
1025 4313 1107 4378 Lud.
1126 4337 1156 4401 p.
1175 4315 1251 4380 327.

289 4425 345 4481 ns.
365 4429 441 4482 erne
454 4447 473 4482 n
490 4445 669 4486 msancnoc.
694 4422 831 4511 nethlep.
850 4427 869 4504 ἓ
888 4423 941 4504 23,
958 4421 1041 4487 Lod.
1059 4445 1090 4510 p.
1109 4423 1185 4488 328.

354 4541 371 4595 'l
386 4550 477 4596 presure
493 4561 515 4599 p.
528 4550 572 4588 xlv.
589 4571 615 4578 —
629 4545 647 4599 ²)
662 4551 690 4588 ad
706 4551 755 4595 110
768 4551 798 4589 cl.
815 4550 875 4589 l’etrl
890 4549 1007 4600 oplstclsm
1022 4550 1050 4589 ad
1064 4549 1173 4589 Iacobum
1189 4549 1262 4590 datam
1278 4559 1312 4599 cp.
1327 4553 1359 4588 1³.
