3160 4976
116 337 164 406 :22

109 517 258 593 μένοντας
270 511 303 575 δέ
315 525 351 595 πρ
365 525 520 600 προσευχῇ
533 519 582 577 καί
596 525 632 595 ru
647 515 725 597 ἁγία
736 513 914 596 μεταλήψει,
932 513 976 586 ὡς
989 511 1122 589 ἀταξίας
1138 521 1297 597 ἐμποιοῦν-

108 639 167 690 εας
183 632 219 702 τῇ
237 620 376 702 ἐκκλησίᾳ
393 622 601 710 ἀφορίζεσθαι
617 628 690 706 χρη.
704 630 718 658 ²

79 751 88 786 ι
110 729 147 788 E?
161 750 206 800 τις
223 718 416 810 οίκοινωνητῳ
433 733 488 792 κᾶν
505 734 535 791 έν
553 734 622 810 οἴκῳ
641 725 831 806 συνείξοεαι,
856 727 945 802 οὗτος
962 728 1199 816 ἀροριζέσθω.ί

57 857 88 894 ιιι
109 837 146 898 Εἴ
164 857 210 907 τις
225 837 436 922 καθρρημένῳ
453 837 590 920 κληρικδς
607 839 648 899 ὢν
672 840 716 908 ὡς
739 837 867 922 κληροιῷ
885 834 1063 912 συνεὺξηεαι
1077 841 1108 901 *τ
1134 839 1296 924 καθαιρεί-

108 944 179 1004 σθω
203 951 253 1007 καί
276 948 381 1016 αὐτὸς.
1314 967 1328 1005 ν

56 1049 88 1130 ιβ
107 1051 146 1110 El
159 1073 205 1122 τις
220 1051 357 1136 κληρικός
372 1057 391 1124 ἢ
408 1051 511 1123 λαίκδς
529 1055 739 1139 ἀφωρισμένος
758 1057 824 1124 ἤτοι
842 1051 970 1125 οίδεκτος
993 1053 1140 1116 ἀπελθὼν
1157 1057 1188 1116 έν
1206 1058 1295 1139 ἑτέρᾳ

106 1158 186 1219 πέλει
201 1157 304 1243 (λεχθῇ
318 1163 389 1220 ἄνευ
403 1165 599 1244 γραμμάτων
613 1171 812 1230 συστατικῶν.
828 1160 1029 1246 ἀρομιζέσθω
1041 1169 1091 1224 καί
1104 1163 1119 1224 δ
1133 1158 1296 1244 δεξάμενος

105 1272 154 1328 καί
171 1267 186 1327 δ
204 1265 369 1350 δεχθείς.ί

56 1397 86 1454 ιγ
104 1375 142 1434 Ee
163 1372 196 1435 δέ
220 1376 434 1461 ἀφωρισμένος
456 1379 519 1454 εἴη,
550 1375 747 1438 έπιτεινέσθω
778 1379 863 1456 ου’τῷ
888 1378 904 1438 δ
929 1380 1099 1462 σίρορισμδς
1117 1378 1162 1448 ὡς
1177 1379 1295 1457 ψευσα-

102 1486 183 1562 μένῳ
200 1490 250 1544 καί
268 1487 463 1554 οίπατήοαντι
480 1492 533 1553 τὴν
551 1483 708 1552 ἐκκλησίαν
723 1493 776 1545 τοῦ
793 1484 883 1546 θεοῦ.
1317 1506 1341 1539 1⁰

53 1589 85 1650 ιδ
105 1589 285 1655 Ἐπίσκοπον
302 1599 345 1673 μὴ
362 1589 469 1666 ἐξεῖναι
482 1591 710 1673 καταλείψαντα
723 1600 777 1660 τὴν
790 1595 900 1654 έαυτοῡ
912 1598 1072 1676 παροικίαν
1085 1593 1175 1676 ε’τέρορ
1186 1595 1294 1661 ἐπιπη-

103 1696 233 1778 δᾰν,κᾶν
247 1703 304 1762 ὑπὸ
317 1699 459 1762 πλειόνων
469 1702 696 1783 ἀναγκάζηται,
705 1701 732 1760 εί
741 1705 784 1781 μή
794 1721 839 1771 τις
852 1699 975 1783 εὔλογος
988 1703 1073 1761 αίτία
1085 1701 1104 1780 ᾗ
1117 1709 1206 1764 τοῦτο
1219 1697 1295 1782 βια-

102 1807 212 1886 ζομένη
236 1811 327 1869 αὐτόν
344 1818 454 1886 ποιεῖν,
481 1810 525 1879 ὡς
548 1807 636 1870 πλέον
653 1829 681 1868 τι
697 1805 802 1892 κέρδος
821 1806 990 1889 δυναμένου
1008 1811 1104 1870 αὐτοῦ
1124 1819 1185 1879 τοῖς
1204 1811 1296 1869 ἐκεῖσε

101 1915 184 1999 λίγῳ
207 1913 367 1998 εὐσεβείας
389 1914 641 1998 συμβάλλεσθαι·
666 1921 715 1979 καί
739 1925 828 1978 τοῦτο
852 1914 884 1979 δέ
912 1919 964 1978 οιίκ
986 1917 1043 2002 ἀρ’
1062 1920 1192 1996 ἑαυτοῦ,
1217 1915 1309 2004 οἰλλοίι

101 2030 191 2108 κρίσει
208 2023 325 2086 πολλῶν
343 2027 509 2086 ἐπισκόπων
526 2031 575 2086 καί
593 2024 779 2110 παρακλήσει
796 2031 923 2108 μεγίστῃ
942 2025 1096 2107 γίνεσθαι.
1314 2041 1341 2078 τε»

65 2173 79 2194 ι
103 2133 140 2192 ut
160 2152 205 2202 τις
226 2130 432 2216 πρεσβύτερος
448 2135 466 2200 ἢ
485 2129 656 2203 διάκονοςῆ
675 2131 755 2204 ὅλως
777 2142 830 2194 τοῦ
853 2132 1026 2217 καταλόγου
1050 2143 1110 2194 τῶν
1137 2132 1293 2217 κληρικῶν,

102 2239 271 2320 ἀπολείψεις
287 2248 341 2308 τὴν
365 2243 476 2302 ἑαυτοῦ
498 2247 677 2325 παροινίαν,
703 2246 791 2325 παρὰ
813 2245 938 2325 γνώμην
962 2251 1015 2304 τοῦ
1040 2240 1116 2303 ίδιου
1133 2229 1294 2304 έπισκόπου

102 2349 145 2419 είς
161 2350 269 2434 ἑτέραν
287 2346 419 2410 ἀπέλθοι
442 2356 491 2410 καί
514 2349 671 2420 παντελῶς
690 2353 851 2430 μεταστὰς
868 2347 1022 2434 διατρίβοι
1042 2352 1072 2409 ἐν
1089 2347 1164 2431 σίλλη
1181 2370 1293 2432 παροι·

102 2461 167 2535 κέορτ
192 2465 297 2518 τοῦτον
313 2455 467 2535 κελεύομεν
484 2463 589 2538 μηκέτι
606 2456 796 2541 λειτουργεῖν,
822 2459 847 2516 εἰ
869 2456 1004 2539 μάλιστα
1026 2455 1293 2540 προσκαλουμένου

104 2565 195 2624 αιίεδν
210 2573 272 2624 ,τοῦ
291 2565 459 2624 Ιἐπισκόπου
485 2565 579 2626 αὐτοῦ
599 2563 778 2628 ἐπανελθεῖν
797 2567 855 2647 οὐχ
877 2568 1059 2640 ὑπηκουσεν,
1089 2565 1236 2645 ἐπιμένων
1257 2573 1294 2642 τῇ
1314 2579 1342 2616 νο

103 2666 228 2750 ἀταξίᾳ.
248 2675 291 2741 ὡς
303 2669 405 2741 λαίκδς
417 2676 518 2752 μέντοι
535 2673 627 2732 ἐκεῖσε
642 2677 830 2733 κοινωνείτω.

193 2847 227 2920 α)
247 2847 296 2920 ὅροι
314 2851 358 2900 καί
376 2849 421 2900 τδν
439 2846 458 2918 β
477 2853 524 2910 τῆς
543 2848 570 2901 έν
593 2847 755 2919 Ἀντιοχείᾳ.

193 2936 229 3010 β)
248 2938 297 3010 ὅροι
315 2939 359 2990 τδν
378 2936 397 3009 β
416 2945 463 3001 τῆς
482 2935 507 2990 ίν
531 2938 693 3010 Ἀντιοχείᾳ.

193 3032 225 3096 γ)
245 3033 362 3096 sequitur
375 3033 403 3081 ίιι
416 3033 522 3082 codiee:
538 3030 659 3098 Σχέλιον.
674 3032 820 3101 Γρσίμμοιτοί
831 3029 882 3083 ιίσι
896 3031 1050 3090 σνσταεικά,
1064 3027 1136 3082 ἃκοιί
1150 3026 1297 3080 ἁπολνεικοί

103 3117 216 3185 λέγεται,
224 3119 258 3169 τέι
266 3124 431 3171 συνισεῶντα
442 3123 488 3182 τὴν
500 3119 646 3192 ἱερωσύνην
656 3123 694 3188 τῷ
707 3122 897 3192 προκομίζονει·
908 3119 926 3181 ἢ
936 3122 1080 3180 συστατικίη
1091 3117 1216 3180 ίπιστολὴ
1226 3117 1296 3169 έσειν

104 3207 121 3268 ἡ
140 3209 301 3268 κινηθεισῶν
319 3227 397 3260 τινων
416 3215 579 3282 κατηγοριῶν
599 3213 642 3261 καὶ
657 3210 694 3269 είς
707 3211 884 3280 συκοφαντίαν
903 3209 1191 3282 οίπελε[γ]χθιιοῶντδ
1205 3206 1295 3260 ἀνεπί-

104 3298 202 3359 ληπτον
213 3301 250 3366 τῷ
264 3297 437 3368 ε’πιρερομένῳ
447 3302 700 3371 προσμαρτυροῦσα·
716 3299 831 3372 εἰρηνικὴ
842 3298 869 3353 δέ
884 3298 953 3352 ἔστιν
966 3300 1054 3362 ἡᾶνιυ
1062 3297 1213 3352 σκανδάλου
1226 3299 1296 3358 τινδς

105 3392 150 3439 τοῦ
171 3387 383 3456 ίπικομιζομίνου
403 3387 598 3460 ι’γχιιρεζομίνη
618 3387 668 3441 ὑπὸ
688 3393 734 3441 τοῦ
754 3389 912 3461 προέχοντος
929 3391 994 3461 πρδς
1012 3390 1086 3450 τινὰς
1104 3389 1296 3461 ἀποφέρεσθαι.

187 3536 196 3571 1
213 3528 245 3576 ὡς
255 3529 280 3572 δν
290 3529 377 3582 ἀταξίαν
387 3531 413 3581 0,
428 3527 460 3577 ὡς
471 3530 557 3583 ἀταξίαν
567 3535 614 3572 ΗΡ.
631 3535 653 3572 lu
665 3545 686 3572 m
696 3538 744 3573 οταῖ
754 3534 841 3584 ἀταξίας
852 3535 921 3586 (quod
931 3536 1025 3584 praebet
1034 3535 1099 3574 etium
1110 3534 1141 3584 e),
1156 3534 1197 3574 εοιί
1206 3545 1236 3573 m.
1248 3543 1294 3572 τοο.

104 3617 137 3645 ·αν
153 3606 286 3645 οωοπιίινίί.
297 3626 324 3634 -
334 3607 346 3644 2
357 3606 396 3658 τῆς
406 3602 521 3657 ίικλησίας
535 3617 577 3656 cm,
593 3607 632 3645 τοι]
648 3607 671 3644 Ιιι
680 3617 702 3644 m
712 3605 800 3646 dussvuu
815 3606 988 3656 superinductus
998 3609 1039 3647 σεδ.
1050 3627 1076 3634 -
1086 3607 1099 3646 3
1109 3601 1250 3659 προσεύξηται
1266 3616 1295 3654 επ,

106 3678 145 3718 sed
160 3688 173 3717 α
188 3682 314 3718 correctore
334 3678 393 3716 ίᾱοιπ
415 3673 549 3728 ουνεὺξηταε.
565 3698 592 3706 -
606 3680 642 3716 καί
660 3674 724 3722 αὑτὸς
746 3689 786 3728 pro
805 3675 869 3722 οῡτυς
889 3678 915 3726 G,
936 3678 972 3719 καί
993 3674 1056 3722 οὗτος
1076 3677 1103 3716 οῖ
1120 3699 1143 3706 -
1163 3681 1177 3718 έ
1197 3675 1296 3730 ιληριιῷ

104 3762 146 3800 pru
166 3749 269 3804 κληρικίς
288 3747 344 3789 wc.
366 3770 392 3777 -
417 3744 448 3789 ὧν
463 3761 488 3788 τυ
502 3749 531 3788 Η.
548 3771 573 3778 -
593 3744 625 3794 ὡς
638 3762 664 3789 ιν
679 3751 716 3789 Pu.
734 3772 760 3779 -
781 3749 879 3790 *ίίίυτεο
894 3763 908 3802 η
924 3750 946 3790 ln
960 3751 983 3788 Μ
997 3761 1026 3788 m.
1042 3761 1077 3799 pr.
1094 3760 1104 3788 ε
1120 3750 1296 3800 superscriptum

105 3827 150 3871 ost,
170 3828 231 3875 πίνη.
248 3843 274 3851 -
293 3823 303 3862 ί
324 3816 512 3875 δρωριξίσδωταν
527 3819 547 3860 ul
561 3817 674 3873 δεξάμενοι
689 3822 719 3862 Οτ
742 3823 782 3862 aud
797 3821 870 3870 0:³1.
895 3822 939 3860 πίσί
954 3822 1014 3871 quod
1028 3817 1122 3874 έρωριῑ.
1139 3820 1255 3860 οσείίιίιιιτ.
1271 3841 1297 3849 -

104 3897 117 3934 9
132 3890 146 3957 ᾖ
162 3906 204 3944 pru
218 3892 253 3947 τίη
268 3895 293 3944 O,
310 3893 345 3946 εἴη
361 3907 379 3932 ε.
391 3915 417 3922 -
433 3889 582 3934 ίποτεινέαδιυ
598 3893 622 3933 1‘.
634 3915 661 3923 -
676 3891 804 3948 ἀρωρισμδς
819 3895 843 3934 l’.
859 3905 916 3944 ιμιιο
931 3895 990 3933 inter
1004 3889 1030 3933 El
1044 3898 1067 3934 οῖ
1081 3889 1201 3946 έφορισμίε
1215 3893 1296 3938 media,

105 3967 183 4006 ειευοπί
199 3963 219 4017 ιβ
233 3967 340 4006 adnexuit
354 3966 382 4004 11.
400 3977 455 4016 quae
470 3965 492 4004 ln
509 3966 551 4005 hoc
566 3977 649 4006 οοηοπο
665 3979 685 4022 ιγ
700 3971 750 4016 post
765 3963 884 4020 ἀροριεμδς
899 3969 1058 4015 οεουυοέυτιυ
1068 3965 1098 4010 Η.
1114 3964 1228 4013 discrepat
1238 3963 1265 4003 ub
1276 3961 1298 4002 H

104 4039 147 4076 hoc
157 4040 206 4076 loco
216 4049 245 4087 m,
261 4049 304 4089 quo
319 4043 370 4088 pout
383 4035 469 4092 δεχθεὶς
484 4050 566 4089 „noum
581 4037 665 4076 σαποιέ*
675 4037 710 4076 hle
721 4039 765 4087 leg!
777 4039 871 4078 dicitur:
889 4035 908 4077 εί
917 4033 940 4076 δέ
951 4034 1103 4091 οίψωριαμίνος
1113 4034 1155 4087 εἴη,
1167 4030 1299 4075 ίπιτινίαδιυ

105 4107 165 4162 αὐτῷ
181 4106 193 4149 ὁ
207 4108 343 4162 ἀγωριαμδτ,
360 4103 391 4153 ὼς
405 4106 534 4164 ψευσαμένῳ
549 4110 585 4148 καί
600 4105 741 4162 ἀπαντήσαντι
755 4107 795 4161 τὴν
810 4106 926 4160 ίκιληαίαν
941 4107 980 4148 τοῦ
994 4104 1056 4149 θεοῦ.
1068 4129 1094 4137 -·
1111 4109 1135 4147 10
1150 4104 1190 4158 τὴν
1204 4119 1230 4146 ιν
1240 4106 1298 4146 ΟΡτ.

104 4204 131 4212 ·-
146 4181 184 4221 τοῦ
198 4182 261 4221 ΝΟ.
273 4201 299 4210 -
315 4184 338 4220 11
355 4193 395 4231 pro
411 4179 489 4221 ἑαυτοῦ
506 4182 526 4220 ίί
541 4179 621 4232 αὐτοῦ,
642 4179 748 4222 Ραὺτοῠ.
770 4178 848 4221 ίπυτοῠ
863 4193 892 4220 m.
908 4203 934 4210 —
953 4178 1003 4232 ἦτοι
1019 4185 1041 4220 οδ
1056 4181 1190 4220 vocabulum
1204 4181 1299 4219 ultorum

106 4255 263 4294 brevissimum
278 4254 414 4303 adscriptum
429 4255 451 4292 ln
467 4264 511 4301 mg.
528 4254 562 4300 M,
582 4255 640 4303 quud
656 4254 759 4303 equidem
774 4255 848 4303 lugere
864 4264 908 4292 nou
923 4257 1031 4304 poteram.
1048 4274 1073 4281 -
1095 4254 1118 4292 12
1134 4248 1149 4310 ᾗ
1165 4250 1179 4303 ἡ
1194 4263 1213 4290 τ.
1230 4250 1256 4290 C.
1273 4271 1299 4278 -

108 4329 132 4367 13
147 4327 234 4378 ποιῆται
250 4327 276 4366 G.
292 4345 318 4354 —
333 4319 364 4369 ιίιτ
379 4324 410 4370 είς
424 4323 489 4366 πλέον
505 4327 529 4364 Ρ.
541 4347 567 4354 -
582 4325 657 4366 πλιίίν
674 4325 699 4366 0.
715 4348 736 4354 -
752 4338 773 4365 τι
787 4339 813 4366 ιν
828 4338 846 4377 c,
863 4327 997 4367 οοέσεεεδί.
1012 4347 1038 4354 —
1054 4325 1079 4366 15
1093 4324 1136 4380 γίν·
1149 4336 1175 4363 ιν
1189 4323 1256 4363 ΠΡΟ.
1272 4344 1299 4352 --

108 4402 131 4438 Π
147 4397 203 4449 παρὰ
216 4411 248 4452 γν.
261 4410 280 4436 τ,
293 4395 320 4436 ίδ.
337 4395 404 4436 έπιοκ.
420 4401 472 4448 pout
486 4397 587 4452 παροικίᾳ
598 4399 677 4439 fluct.
688 4418 714 4427 -
725 4401 751 4439 18
766 4394 850 4452 έπίλδγ
862 4398 911 4448 ΗΟ,
927 4394 1018 4438 ἁπέλθοι
1028 4399 1094 4438 ouum
1104 4407 1132 4436 m.
1145 4417 1171 4424 -
1182 4391 1268 4438 διαστὰς
1279 4407 1298 4433 ε.

106 4492 131 4499 -
142 4467 240 4524 διετρίβη
257 4469 282 4518 C,
298 4465 402 4520 διατρίβει
417 4469 446 4516 Η,
461 4465 567 4522 διατρίβοι
581 4471 748 4520 Spangonuorg.
760 4473 822 4510 -19
833 4468 926 4522 μάλιστα
936 4468 955 4510 εί
964 4471 993 4510 ίί.
1006 4491 1029 4498 —-
1045 4471 1072 4508 ²0
1080 4466 1119 4508 τοῦ
1129 4471 1152 4508 οδ
1161 4463 1227 4507 αὑτοῦ
1236 4475 1262 4505 ιν
1272 4467 1298 4514 0,

108 4535 233 4577 ἐπανελθεῖν
249 4541 299 4586 μοιτί
314 4535 378 4576 αὐτὸν
394 4537 419 4587 G,
436 4539 475 4578 ευιί
492 4549 502 4577 ο
518 4543 541 4578 ut
555 4551 603 4579 που.
621 4561 646 4568 -
661 4538 699 4580 οὐκ
714 4540 742 4578 Η.
759 4561 785 4570 -
799 4537 869 4592 Ἐπιμ.
887 4551 938 4581 cum
951 4552 1004 4581 κοιν.
1022 4551 1041 4580 v.
1059 4541 1083 4579 21
1100 4539 1217 4587 conjunxit
1230 4535 1260 4575 11.
