3128 4972
693 452 907 514 ..23-

196 620 366 686 tentiones
384 619 549 698 excitent3
574 643 670 704 quam
687 641 755 685 rem
775 620 870 684 venia
885 641 957 684 esse
973 620 1119 704 dignam,
1139 621 1292 705 quoniam
1309 613 1404 706 igno-

197 739 306 804 rantia
321 763 388 806 non
411 739 569 804 admittat
592 739 849 818 accusationem,
875 741 933 804 sed
957 747 1055 824 egeat
1071 741 1235 806 doctrina.
1270 741 1403 805 Clarum

199 867 262 938 est,
286 859 335 924 ita
358 882 434 924 eum
450 859 558 925 dicere
580 883 647 924 non
668 860 828 944 potuisse,
854 859 973 924 sicum
996 860 1172 926 haereticis
1195 885 1247 926 res
1270 860 1402 926 fuisset.

199 979 310 1043 Quare
326 980 541 1044 statuendum
565 979 629 1044 erit
643 979 750 1057 nobie,
771 979 847 1043 illos
866 975 898 1040 δι’
919 974 1035 1060 ἄγνοιαν
1052 981 1281 1059 φιλονεικοῦντας
1299 981 1404 1044 eccle·

199 1097 266 1162 aiae
283 1099 468 1164 catholicae
492 1099 593 1164 luisse
616 1100 759 1164 sodales.
793 1099 858 1164 Sed
876 1121 1049 1183 quamnam
1066 1101 1265 1164 sententiam
1289 1122 1404 1185 seque·

198 1217 341 1282 bantur?
369 1219 584 1302 Apolinarius
607 1219 690 1284 nihil
714 1219 806 1283 aliud
828 1218 941 1298 refert,
965 1219 1029 1283 nisi
1053 1219 1174 1284 dixisse
1198 1241 1265 1299 eos,
1290 1220 1404 1284 Domi·

198 1359 278 1400 num
307 1346 424 1422 quarto
452 1339 579 1404 decimo
608 1339 661 1404 die
689 1341 813 1423 pascha
841 1338 966 1423 egisse,
997 1339 1113 1423 quinto
1136 1339 1264 1404 decimo
1293 1344 1406 1404 autem

199 1457 288 1522 cruci
312 1457 449 1522 affixum
465 1481 555 1536 esse3
580 1460 675 1544 cujus
691 1459 853 1543 opinionis
869 1466 993 1524 testem
1008 1459 1219 1524 Matthaeum
1243 1481 1299 1523 eos
1315 1466 1404 1524 attu-

198 1575 288 1641 lisse.
335 1577 402 1641 Sed
419 1579 490 1662 jam
514 1579 698 1663 quaeritur,
729 1601 793 1667 quo
816 1577 952 1642 tandem
976 1577 1114 1642 consilio
1137 1581 1201 1642 hoo
1225 1579 1404 1643 contende·

198 1695 277 1760 rint.
323 1695 392 1760 Vix
428 1698 600 1782 quisquam
638 1697 786 1777 dubitet,
826 1697 905 1781 quin
941 1689 1127 1780 apolinarii
1163 1707 1196 1761 et
1228 1697 1405 1783 Hippolyti

200 1815 378 1880 adversarii
415 1817 538 1882 luerint
573 1818 686 1882 iidem.
741 1819 862 1882 Parum
900 1816 987 1882 enim
1023 1816 1195 1900 probabile
1232 1827 1299 1895 est,
1333 1818 1405 1901 jam

199 1936 345 2000 secundo
368 1961 400 2022 p.
427 1937 505 2002 Chr.
530 1960 563 2002 n.
594 1937 727 2003 saeculo
752 1936 911 2001 historiae
940 1937 1048 2001 solum
1076 1936 1283 2021 indagandae
1307 1959 1406 2000 eausa

199 2053 241 2118 de
279 2057 525 2139 evangeliorum
564 2057 781 2142 chronologia
811 2055 1019 2140 disputatum
1057 2078 1140 2121 esse.
1187 2057 1297 2121 Quare
1328 2057 1404 2140 jure

152 2165 154 2168 ¹
198 2181 313 2238 nostro
330 2183 527 2256 statuemus,
550 2176 736 2261 Apolinarii
752 2198 882 2261 quoque
898 2175 986 2240 sicut
1002 2176 1178 2261 Hippolyti
1200 2176 1404 2240 adversarios

199 2293 252 2359 die
282 2305 399 2380 quarto
428 2295 555 2360 decimo
586 2297 762 2381 quotannis
791 2297 916 2380 pascha
944 2296 1128 2361 celebrasse
1137 2321 1146 2372 ;
1178 2318 1275 2380 quem
1303 2295 1405 2360 ritum

197 2414 246 2478 ita
268 2415 503 2494 defendebant,
527 2424 566 2479 ut
580 2417 756 2480 Matthaeo
781 2424 915 2480 auctore
939 2415 1039 2479 etiam
1061 2415 1240 2480 Dominum
1263 2418 1327 2479 hoc
1350 2415 1403 2480 dic

197 2537 321 2617 pascha
350 2535 456 2600 edisse
480 2535 640 2599 dicerent.
687 2536 795 2599 Quam
825 2557 937 2600 eorum
965 2537 1163 2600 sententiam
1189 2535 1402 2619 Apolinarius

197 2653 297 2718 simili
313 2655 410 2719 modo
427 2679 491 2739 quo
509 2654 712 2740 Hippolytus
736 2655 879 2718 refutare
904 2662 1042 2719 conatus
1066 2662 1129 2718 cst.
1162 2655 1281 2719 Monet
1305 2655 1402 2734 enim,

197 2773 378 2853 Christum,
404 2774 524 2859 quippe
541 2775 597 2858 qui
619 2777 715 2838 verus
739 2773 783 2837 sit
806 2797 911 2858 agnus
934 2775 1111 2858 paschalis,
1136 2775 1228 2837 nullo
1252 2773 1317 2838 alio
1340 2773 1404 2838 nisi

197 2894 312 2957 eodem
329 2893 393 2972 die,
419 2918 483 2979 quo
503 2901 541 2958 ut
564 2917 670 2977 agnus
693 2894 920 2958 immolaretur
935 2900 1148 2978 praeceptum
1163 2893 1293 2972 fuisset,
1318 2916 1404 2957 mor·

196 3021 264 3078 tcm
281 3013 391 3078 subire
406 3016 566 3098 potuisse.
591 3015 713 3092 Quare,
731 3014 759 3076 si
775 3014 847 3099 quis
864 3013 1063 3104 contendat,
1074 3013 1126 3076 die
1143 3013 1258 3096 quinto
1276 3013 1403 3076 decimo

195 3133 377 3197 Dominum
399 3133 432 3197 in
454 3134 559 3198 crucis
578 3134 671 3218 ligno
693 3133 902 3197 immolatum
923 3153 1006 3210 csse,
1032 3131 1232 3196 sententiam
1249 3132 1319 3216 ejus
1335 3131 1403 3216 legi

195 3274 391 3336 repugnare,
414 3254 534 3338 quippe
551 3277 615 3337 qua
634 3253 874 3337 praescriptum
888 3251 999 3329 luerit,
1019 3259 1058 3314 ut
1072 3250 1125 3315 die
1142 3259 1258 3335 quarto
1275 3251 1403 3316 decimo
1427 3241 1432 3252 ¹

196 3394 302 3454 agnus
327 3372 563 3436 immolaretur.
605 3373 745 3456 (Eodem
769 3373 869 3437 modo
889 3372 1074 3456 Apolinarii
1094 3373 1195 3436 verba
1219 3371 1278 3436 illa
1300 3371 1402 3435 inter-

195 3491 320 3575 pretati
336 3499 414 3555 sunt
429 3493 595 3556 Naanoan
603 3493 625 3572 ¹,
643 3491 769 3570 Bauu¹,
787 3493 975 3570 Wurrzuffl,
993 3493 1131 3557 Eanann
1138 3493 1161 3570 ⁴,
1180 3491 1400 3570 Souuamuu',

196 3737 626 3746 ———-.-———-—--—-—

285 3903 295 3934 ¹
320 3902 562 3966 Kircltcnhiator.
581 3903 706 3976 Archiv,
725 3911 818 3980 1823,
835 3909 905 3968 fasc.
923 3911 952 3982 2,
969 3930 996 3988 p.
1015 3911 1066 3968 98.

284 3987 296 4020 ³
323 3987 423 4051 Theoi.
441 3989 566 4050 Jalrlh.
586 3997 681 4066 1844,
700 4015 728 4073 p.
746 3998 809 4054 640
829 4001 894 4054 not.
907 3999 947 4068 3.,
970 4015 998 4073 p.
1010 3997 1082 4053 643.
1098 4025 1140 4036 -
1157 3987 1242 4051 Krit.
1265 3987 1399 4051 Ueteres.

197 4072 271 4136 iiber
286 4073 317 4136 d.
335 4073 447 4136 darcon.
463 4073 538 4137 Eoo.
556 4100 585 4158 p.
598 4079 670 4139 337.

285 4159 296 4191 ⁸
326 4159 452 4221 Chriall.
469 4159 651 4243 Paaaqfeier
666 4187 695 4244 p.
713 4167 753 4226 39
769 4187 813 4244 sq.

285 4245 297 4277 ⁴
328 4243 571 4330 Wlasenachayll.
589 4245 709 4319 Kritik,
734 4251 781 4310 ed.
798 4255 828 4324 2,
851 4271 881 4330 p.
898 4253 969 4310 941.
994 4250 1040 4309 ed.
1061 4254 1090 4323 3,
1113 4271 1142 4328 p.
1160 4252 1252 4308 1209.

286 4329 298 4362 ⁵
321 4329 384 4392 Die
399 4331 524 4394 Aeolid.
542 4331 572 4392 cl.
582 4330 715 4416 johann.
732 4332 789 4395 Eo.
807 4359 838 4415 p.
857 4339 907 4396 56.
