3128 4972
692 442 904 503 ..66-

161 593 164 600 ’
194 621 305 678 eutem
335 611 427 676 illem
459 610 591 674 omnino
623 631 690 674 non
720 607 849 693 proprie
880 629 942 672 nec
972 605 1146 692 praecipue
1178 605 1398 685 celebrarent,

195 733 254 798 sed
281 731 393 817 potius
422 731 456 796 id
479 730 566 815 quod
595 728 801 794 ostendimus
824 729 963 814 pascha,
989 729 1062 813 jem
1084 748 1206 792 nomen
1228 726 1276 792 rei
1297 725 1400 792 fuisse

194 875 270 918 vere
302 859 561 918 consentaneum
594 848 675 914 satis
706 847 891 934 apparebit.
925 887 958 898 -
990 845 1235 913 Posterioribus
1266 825 1400 932 quidem

193 973 399 1057 temporibus
430 967 679 1036 resurrectionis
712 968 869 1034 memoria
907 968 1013 1052 magis
1045 968 1217 1051 magisque
1253 966 1403 1032 obtinuit

193 1092 334 1178 primum
357 1094 480 1157 locum.
525 1090 599 1154 Hoc
628 1099 740 1154 autern
768 1089 809 1154 ab
837 1087 932 1153 initio
956 1095 1046 1152 certe
1074 1111 1141 1152 uon
1168 1086 1216 1152 ita
1239 1109 1274 1152 se
1296 1088 1402 1153 habe·

193 1215 263 1278 bat.
309 1213 383 1277 Imo
412 1234 453 1276 ex
475 1208 613 1274 Eusebii
635 1210 676 1273 de
699 1211 857 1294 paschate
880 1208 966 1274 libro
989 1207 1071 1272 satis
1094 1217 1257 1293 'superque
1279 1207 1398 1292 liquet,

193 1355 234 1398 ne
263 1333 336 1418 ejus
360 1331 493 1416 quidem
515 1328 720 1414 temporibus
748 1327 999 1394 resurrectionis
1023 1327 1214 1393 memorium
1237 1350 1402 1392 summum

194 1451 426 1517 celebrationis
451 1471 523 1516 esse
546 1450 731 1515 habitam¹.

279 1572 362 1636 Cum
390 1571 494 1656 igitur
520 1572 560 1635 de
589 1568 807 1635 sollemnibus
837 1568 1094 1633 occidentalium
1119 1567 1263 1633 breviter
1285 1567 1401 1652 dispu-

193 1692 389 1771 taverimus,
428 1692 528 1756 etiem
560 1690 600 1754 de
626 1689 765 1775 jejuniis
797 1712 910 1754 eorum
941 1711 1046 1774 pauca
1076 1695 1155 1753 sunt
1191 1688 1399 1773 exponenda.

192 1815 305 1898 Atque
329 1835 370 1876 ex
391 1813 531 1876 lassam
555 1809 687 1894 quidem
710 1808 831 1888 verbis,
861 1830 944 1893 quae
967 1808 1053 1894 apud
1077 1806 1257 1874 Eusebium
1279 1809 1399 1893 legun·

191 1938 261 2011 tur,
291 1933 459 2011 videmus,
490 1931 560 2014 ejus
589 1899 699 1994 aetate
722 1951 877 2013 magnum
900 1928 1003 1994 luisse
1026 1929 1125 2013 hujus
1149 1928 1400 1994 consuetudinis

191 2051 399 2116 varietatem.
442 2051 533 2115 Dicit
557 2049 681 2114 enim²z
714 2044 788 2111 Ouidi
809 2045 863 2130 γὰρ
884 2045 972 2128 μόνον
994 2041 1059 2129 arpi
1079 2047 1130 2128 rip,-
1152 2044 1261 2130 ἡμέρας
1282 2040 1398 2130 ioririp

192 2174 408 2261 ἀμφισβήτησις,
426 2173 502 2240 ἀλλὰ
520 2171 569 2241 καὶ
587 2171 651 2258 aspi
667 2179 719 2240 rori
735 2171 827 2248 εἴδους
850 2173 941 2240 αὐτοῦ
958 2177 1009 2256 τῆς
1026 2174 1164 2254 νηστείας.
1219 2175 1257 2240 Oi
1272 2172 1324 2257 pir
1340 2174 1399 2261 γὰρ

193 2303 305 2371 οἴονται
330 2304 398 2386 μίαν
410 2305 517 2389 ἡμέραν
534 2311 590 2370 δεῖν
609 2301 715 2375 adroic
732 2304 885 2386 νηστεύειν,
908 2303 937 2368 oi
953 2300 983 2368 di
1000 2303 1065 2381 dio,
1079 2302 1120 2368 oi
1136 2299 1165 2367 di
1183 2297 1232 2368 uui
1249 2303 1399 2376 πλείονας·

193 2434 221 2498 oi
237 2431 267 2498 di
286 2433 505 2515 τεσσαράκοντα
522 2431 603 2516 ὥρας
621 2432 755 2514 ἡμερινάς
771 2458 802 2497 τε
819 2427 867 2496 καὶ
885 2430 1048 2516 νυκτερινὰς
1060 2437 1254 2514 συμμετροῦσι
1270 2415 1319 2514 air
1336 2432 1402 2514 ἡμέ·

194 2581 249 2637 ραν
268 2553 370 2617 αὐτῶν.
415 2557 509 2620 Quae
533 2556 633 2621 verbe
656 2556 794 2634 docent,
822 2563 893 2619 tum
916 2555 1076 2640 temporis
1099 2555 1246 2620 nondum
1269 2555 1403 2620 firmum

194 2699 301 2761 neque
325 2677 367 2740 ab
391 2675 544 2740 omnibus
567 2684 738 2760 receptum
762 2675 930 2739 exstitisse
948 2674 1125 2760 jejunandi
1148 2697 1284 2740 morem.
1330 2674 1402 2740 Alii

196 2797 282 2860 enim
306 2819 498 2881 perunum,
529 2795 585 2860 alii
608 2819 666 2881 per
689 2797 783 2874 duos,
814 2795 870 2858 alii
894 2796 1083 2880 perplures
1107 2795 1208 2859 etiam
1231 2795 1312 2874 dies,
1343 2797 1402 2860 alii

196 2915 337 3000 denique
371 2939 429 3002 per
457 2916 677 3000 quadraginta
707 2917 805 2979 horas
826 2915 989 2979 'solebant
1012 2916 1177 3000 jejunare.
1224 2915 1252 2978 Ε
1279 2915 1401 2999 quibus

194 3036 271 3100 illos
295 3037 443 3120 quidem,
474 3036 529 3120 qui
551 3059 609 3122 per
633 3057 734 3099 unum
757 3043 888 3099 tantum
913 3034 999 3098 diem
1016 3035 1231 3118 jejunabant,
1257 3035 1401 3100 Asianos

194 3157 296 3220 fuisse
321 3157 392 3241 jam
421 3180 519 3242 supra
548 3156 658 3220 consti
688 3177 800 3218 sumus
830 3155 980 3240 probare.
1028 3155 1095 3218 Qui
1125 3163 1237 3219 autem
1263 3155 1399 3235 fuerint,

194 3277 251 3359 qui
274 3285 402 3340 ceteros
420 3276 595 3360 jejunandi
611 3277 727 3339 modos
744 3275 850 3340 secuti
866 3275 943 3353 sint,
969 3275 1113 3339 testibus
1130 3277 1229 3339 certis
1246 3275 1400 3339 deficien-

194 3396 285 3460 tibus
309 3395 365 3459 vix
383 3397 456 3480 jam
478 3397 602 3480 poterit
626 3396 800 3480 explorari.
847 3396 922 3459 Nisi
946 3396 1031 3460 forte
1055 3418 1072 3460 e
1096 3396 1293 3479 quibusdam
1315 3395 1400 3460 Tuu-

194 3535 349 3580 runmm
372 3515 481 3579 verbis
511 3515 544 3578 id
568 3515 663 3578 nobis
689 3516 846 3599 colligere
876 3516 972 3595 licet,
1004 3515 1074 3599 ejus
1102 3523 1213 3580 aetate
1242 3516 1401 3602 plurimes

195 3636 351 3701 ecclesias
375 3657 432 3720 per
455 3635 537 3698 duos
561 3635 631 3698 dies
650 3635 824 3718 jejunandi
847 3657 972 3700 morem
995 3637 1199 3700 observasse.
1230 3635 1291 3700 Ait
1314 3636 1401 3700 enim

194 3757 234 3821 de
259 3755 432 3821 catholicis
457 3754 576 3818 aetatis
600 3777 678 3819 suae
702 3755 851 3819 ecclesiis
875 3756 926 3840 (de
944 3757 1050 3840 jejun.
1077 3778 1105 3819 c.
1132 3758 1179 3839 2lr
1217 3755 1343 3836 „Certe
1367 3755 1402 3820 in

194 3875 367 3960 evangelio
401 3875 477 3940 illos
510 3874 580 3939 dies
607 3875 744 3960 jejuniis
776 3876 1014 3940 determinatos
1046 3883 1182 3960 putant,
1215 3875 1250 3940 in
1281 3875 1402 3960 quibus

440 4053 625 4060 —--·---------

280 4151 289 4184 ¹
315 4157 360 4214 Cf.
378 4177 454 4234 quae
475 4157 564 4216 initio
584 4159 673 4235 hujus
695 4156 915 4216 dissertationis
932 4156 969 4215 de
985 4157 1111 4215 notione
1127 4154 1267 4216 vocabuli
1290 4155 1401 4231 pascha

193 4243 348 4321 explicavi.

279 4323 289 4355 ²
314 4330 424 4388 Euseb.
442 4331 482 4388 H.
502 4332 535 4388 E.
553 4331 590 4401 V,
608 4332 658 4400 24,
677 4331 724 4387 12.
