3160 4976
1404 419 1451 486 77

260 601 435 685 διφυχήσῃς
452 605 577 687 πότερον
600 606 685 664 ἐσται
708 606 727 672 ή
748 603 791 662 ού.
817 607 859 682 μή
877 605 962 683 γίνου
978 602 1056 683 πρός
1071 604 1126 677 μέν
1143 600 1177 658 τό
1193 595 1300 679 λαβεῖν
1318 599 1453 656 ἐκτείνων

259 715 317 781 τάς
334 720 455 794 χεῖρας,
474 715 550 794 πρός
567 707 600 771 δέ
617 713 650 771 τό
668 708 774 772 δοῦναι
791 717 926 770 συσπῶν.
946 709 999 767 ἐὰν
1016 709 1104 790 ἐχῃς,
1123 702 1175 765 διά
1192 715 1252 766 τῶν
1270 707 1381 786 χειρῶν
1399 721 1453 762 σον

260 816 367 888 δώσεις
390 817 536 901 λύτρωσιν
560 827 620 878 τῶν
646 819 807 900 άμαρτιῶν
828 837 893 878 σου.
913 818 946 876 ού
963 812 1116 882 διατάσεις
1135 809 1250 872 διδόναι
1267 808 1336 876 οὑδὲ
1352 808 1455 878 διδούς

259 929 433 1007 γογγὺσεις.
465 929 569 1007 γνώσῃ
594 929 656 1009 γάρ
682 931 729 996 τίς
752 927 831 986 ἐστιν
854 925 870 985 ό
892 931 946 984 τοῦ
969 921 1086 1002 μισθοῦ
1110 918 1203 990 καλός
1225 915 1453 986 ἀνταποδότης.

227 1034 311 1092 οούκ
339 1032 565 1118 ἀποστραφήσῃ
594 1031 783 1113 ἐνδεόμενον,
817 1036 1007 1100 κοινωνήσεις
1030 1025 1062 1090 δέ
1091 1029 1236 1089 ἁπάντων
1261 1034 1305 1105 τῷ
1329 1021 1455 1109 ἀδελφῷ

259 1159 313 1200 σου
338 1147 388 1200 καί
416 1144 468 1201 οὑκ
491 1143 569 1224 ἐρεῖς
591 1139 654 1202 ἴδιοι
676 1139 763 1202 εἶναι.
793 1143 819 1201 εἰ
842 1144 903 1223 γάρ
928 1140 958 1198 ἐν
981 1145 1025 1215 τῷ
1050 1135 1208 1214 ἀθανάτῳ
1225 1139 1360 1196 κοινωνοί
1377 1135 1454 1209 ἐστε,

265 1249 351 1325 πόσῳ
368 1246 481 1329 μᾶλλον
499 1249 529 1307 ἐν
546 1258 611 1318 τοῖς
627 1248 800 1334 φθαρτοῖς;

259 1353 502 1438 Βαρθολομαῖος
519 1353 615 1415 εἶπεν·
633 1357 795 1440 ἐρωτῶμεν
811 1359 905 1435 ὑμᾶς,
924 1351 1065 1438 ἀδελφοί,
1084 1353 1128 1421 ὡς
1144 1354 1186 1412 ἐτι
1203 1353 1308 1434 καιρός
1326 1351 1388 1409 ἐστι
1405 1354 1456 1409 καί
1475 1345 1507 1408 ιδ

216 1509 227 1520 ,
261 1464 348 1545 ἔχετε
364 1464 406 1532 εἰς
423 1464 476 1532 οὑς
493 1463 667 1548 ἐργάζεσθε
683 1463 757 1544 μεθ’
774 1467 905 1540 ἐαυτῶν,
930 1467 973 1542 μή
991 1458 1127 1527 έκλίπητε
1145 1461 1174 1519 ἐν
1192 1455 1299 1538 μηδενί
1316 1453 1350 1530 ἐξ
1364 1454 1398 1516 οὑ
1415 1457 1455 1516 ἂν

214 1590 241 1628 ιο
260 1569 362 1653 ἐχητε.
389 1571 484 1652 ἐγγύς
505 1575 567 1655 γὰρ
586 1575 603 1641 ἡ
621 1573 722 1655 ήμέρα
745 1575 865 1654 κυρίου,
893 1571 922 1630 ἐν
940 1568 959 1650 ᾗ
977 1567 1192 1632 συναπολεῖται
1217 1569 1322 1628 πάντα
1340 1570 1393 1626 σύν
1410 1571 1455 1641 τῷ
1510 1612 1511 1616 ,

259 1683 395 1760 πῡνηρῷ.
421 1673 484 1750 ήξει
506 1681 568 1761 γάρ
591 1679 606 1738 ύ
628 1683 727 1762 κύριος
751 1685 801 1740 καί
825 1680 840 1739 ό
863 1676 980 1757 μισθός
1004 1678 1099 1737 αὑτοῦ
1121 1671 1186 1756 μετ’
1205 1676 1310 1734 αὑτοῦ.
1335 1675 1456 1734 ἑαυτῶν

259 1784 384 1866 γίνεσθε
401 1783 569 1867 σύμβουλοι
586 1785 719 1868 ἀγαθοί,
737 1783 882 1848 διδακτοὶ·
900 1779 1044 1870 φυλάξεις
1061 1785 1139 1867 άπερ
1157 1779 1271 1864 ἐλαβες
1285 1787 1362 1862 μήτε
1377 1799 1455 1864 προ-

263 1891 351 1962 σθείς
368 1898 444 1974 μήτε
461 1895 612 1978 ὑφαιρῶν.

260 1999 377 2082 Πέτρος
393 1997 482 2060 εἶπεν·
501 1997 637 2085 ἀδελφοί,
655 2005 695 2060 τά
707 2007 774 2084 περί
786 2009 847 2062 τῶν
863 1999 975 2062 λοιπῶν
991 1999 1163 2062 νουθεσιῶν
1181 2000 1216 2058 οιί
1230 2001 1351 2082 γραφαί
1363 1993 1454 2058 διδά-
1474 2013 1503 2052 ιε

215 2126 241 2166 ιο
261 2100 381 2184 ξουσιν,
406 2110 495 2186 ἡμεῖς
518 2105 589 2169 δέά
613 2106 834 2188 ἐκελεύσθημεν
852 2105 1058 2189 διατάξωμεν.
1085 2112 1197 2178 πάντες
1213 2105 1320 2168 εἶπαν·
1339 2105 1455 2188 Πέτρος

259 2211 383 2296 λεγέτω.
1572 2211 1573 2288 ί

256 2319 374 2403 Πέτρος
401 2320 496 2382 εἶπεν·
528 2326 582 2384 ἐάν
610 2321 790 2407 όλιγανδρία
813 2325 941 2406 ὑπάρχῃ
964 2330 1013 2384 καί
1039 2327 1142 2404 μήπου
1166 2321 1289 2393 πλῆθος
1311 2325 1454 2405 τυγχάνῃ
1475 2336 1509 2383 ις
1572 2305 1573 2308 ¹

258 2437 319 2488 τῶν
336 2425 514 2510 δυναμένων
531 2429 736 2515 ψηφίσασθαι
752 2435 818 2512 περί
835 2431 995 2491 ἐπισκόπου
1013 2432 1097 2500 ἐντός
1114 2427 1242 2491 δεκαδύο
1256 2427 1395 2513 ἀνδρῶνι
1414 2431 1456 2498 είς

258 2539 318 2606 τάς
333 2534 454 2607 πλησίον
472 2535 646 2616 ἐκκλησίας,
671 2542 749 2600 όπσυ
765 2545 912 2622 τυγχάνει
928 2549 1101 2621 πεπηγυῖα,
1128 2543 1348 2623 γραφέτωσοιν,
1371 2541 1456 2607 ὅπως

213 2664 240 2702 εο
258 2642 373 2706 ἐκεῖθεν
399 2643 526 2706 ἐκλεκτοί
554 2657 635 2730 τρεῖς
659 2644 770 2730 ἀνδρες
793 2649 1036 2730 παραγενόμενοι
1062 2644 1169 2727 δοκιμῇ
1195 2644 1382 2726 δοκιμάσωσι
1405 2649 1454 2704 τόν

257 2747 341 2824 άξιον
359 2753 450 2830 ὄντα,
473 2755 559 2824 εἴτις
580 2760 684 2840 φήμην
701 2752 795 2822 καλήν
812 2756 874 2838 ἔχει
892 2754 952 2814 ἀπό
969 2761 1031 2814 τῶν
1050 2753 1168 2831 ἐθνῶν,
1191 2755 1217 2813 εί
1234 2753 1455 2837 ἀναμάρτητος

257 2860 408 2943 ὑπάρχει,
431 2861 458 2921 εί
479 2860 694 2946 φιλόπτωχος,
720 2865 746 2922 εί
769 2865 918 2948 σώφρων,
943 2867 984 2942 μή
1007 2861 1165 2942 μέθυσος,
1194 2866 1236 2940 μή
1259 2863 1386 2944 πόρνος,
1412 2867 1454 2941 μή

258 2964 436 3038 πλεονέκτης
451 2970 470 3035 ἣ
487 2967 635 3054 λοίδωρσς
656 2971 674 3038 ή
691 2968 958 3054 προσωπολήπτης
974 2974 1023 3028 καί
1039 2972 1079 3028 τά
1101 2973 1219 3037 τούτοις
1236 2970 1339 3049 όμοιοι.
1364 2967 1455 3030 καλόν

257 3077 311 3152 μέν
329 3073 404 3136 εἶναι
422 3076 612 3158 ἀγύναιος’;
637 3079 663 3137 εἰ
679 3074 711 3137 δέ
728 3083 782 3156 μή,
802 3077 863 3136 ἀπό
879 3085 956 3157 μιάς
968 3080 1123 3161 γυναικός.
1149 3074 1294 3146 παιδείας
1310 3080 1454 3159 μέτοχος,

212 3203 239 3242 ιε
258 3177 428 3263 δυνάμενος
441 3189 500 3254 τάς
512 3189 640 3269 γραφάς
654 3188 842 3268 ἐρμηνεὺεινε
860 3187 886 3244 εί
898 3183 930 3244 δέ
946 3185 1169 3269 ἀγράμματος,
1179 3187 1279 3269 προιδς
1293 3187 1454 3268 ὑπάρχων.

257 3293 307 3348 καί
324 3299 360 3370 τῇ
379 3290 487 3373 άγάπῃ
510 3294 552 3362 εἰς
572 3296 692 3362 πάντας
710 3296 929 3376 περισσευέτω,
953 3300 995 3372 μή
1018 3313 1089 3352 ποτε
1112 3298 1177 3376 περί
1194 3295 1273 3362 τινός
1290 3290 1456 3375 ἐλεγχθεὶς

257 3397 417 3468 ἐπίσκοπος
435 3399 496 3458 ἀπὸ
514 3407 575 3460 τῶν
587 3397 705 3462 πολλῶν
722 3399 882 3481 γενηθείη.

261 3502 411 3574 Ἰωάννης
427 3504 517 3566 εἶπεν·
536 3507 551 3566 ό
565 3507 779 3577 κατασταθείς
793 3509 960 3584 ἐπίσκοπος,
979 3505 1069 3578 είδῶς
1085 3512 1119 3568 τό
1133 3514 1284 3592 προσεχές
1300 3511 1349 3569 καί
1368 3505 1454 3594 φιλό-
1474 3501 1509 3574 ιζ

256 3610 332 3672 θεον
349 3619 410 3672 τῶν
428 3619 480 3674 οὑν
499 3616 600 3692 αὑτῷ,
627 3620 813 3684 καταστήσει
830 3617 884 3684 οὑς
901 3616 939 3676 ἂν
957 3613 1107 3698 δοκιμάσῃ
1124 3615 1353 3700 πρεσβυτέρους
1372 3613 1437 3676 δὺο.

213 3741 239 3780 ω
258 3717 377 3789 Πάντες
400 3723 537 3782 ἀντεῖπον
557 3723 601 3782 ότι
619 3726 659 3784 οὑ
670 3720 740 3800 δύο,
766 3721 843 3784 άλλά
861 3733 952 3806 τρεῖς.
982 3725 1072 3784 εἴκοσι
1088 3729 1151 3807 γάρ
1168 3729 1218 3783 καί
1235 3727 1384 3805 τέσσαρές
1400 3725 1454 3783 είσι
1474 3741 1504 3805 ιῃ

257 3825 473 3912 πρεσβύτεροι,
500 3828 620 3892 δῶδεκοι
644 3833 676 3891 ἐκ
701 3827 805 3904 δεξιῶν
828 3836 878 3891 καί
904 3829 1024 3894 δῶδεκοι
1041 3827 1074 3904 ἐξ
1094 3835 1268 3911 εὐωνύμων.
1307 3831 1455 3901 Ἰωάννης

257 4044 318 4102 άπδ
342 4053 401 4104 τῶν
430 4046 639 4130 άρχαγγέλων
668 4053 727 4117 τάς
755 4046 872 4132 φιάλας
896 4053 1097 4132 προσφέρουσι
1122 4054 1166 4124 τῷ
1192 4045 1342 4127 δεσπότῃ,
1372 4049 1400 4108 οἰ
1423 4044 1455 4107 δέ

257 4145 290 4223 ἐξ
314 4150 483 4234 ἀριστερῶν
506 4156 650 4238 ἐπέχουσι
678 4163 721 4233 τῷ
745 4153 857 4224 πλήθει
881 4165 941 4217 τῶν
964 4153 1116 4238 ἀγγέλων.
1143 4151 1188 4214 δεῖ
1211 4155 1261 4216 οὑν
1286 4153 1455 4224 εἶναιτοὺς

210 4275 238 4314 κο
255 4255 484 4342 πρεσβυτέρους
496 4258 554 4328 ήδη
572 4265 787 4345 κεχρονικότας
804 4265 850 4323 ἐπί
863 4269 907 4340 τῷ
921 4265 1023 4342 κόσμῳ
1040 4265 1144 4345 τρόπῳ
1158 4262 1224 4339 τινί,
1240 4261 1454 4346 ἀπεχομένους

336 4395 380 4438 δίε.
397 4399 419 4438 lv
435 4399 468 4438 ³1.
484 4421 511 4428 -
527 4400 540 4438 2
555 4395 619 4453 έχεις.
639 4421 666 4428 -
687 4398 796 4455 ύδώσῃς,
819 4423 845 4431 -
864 4400 1005 4458 ίγογγύσης.
1021 4423 1048 4431 -
1066 4403 1077 4442 7
1093 4400 1166 4442 πόσον.
1182 4425 1209 4433 -
1227 4403 1240 4442 9
1255 4401 1303 4453 ἐξοὺ
1318 4401 1354 4443 ἐάν
1375 4403 1454 4453 codex,

255 4467 352 4518 ἐξουσίαν
368 4469 404 4510 έάν
419 4471 552 4512 Βίείεείίίιιε.
568 4472 920 4526 Johnnn.1118.—11Eeaj.xl
933 4477 966 4516 10.
977 4497 1003 4504 -
1019 4477 1043 4514 17
1060 4471 1150 4529 ὑπάρχει
1164 4480 1186 4516 σί
1200 4474 1309 4531 τυγχάνει.
1320 4497 1346 4504 -
1356 4477 1383 4516 20
1397 4473 1454 4516 δοκι·

255 4539 368 4593 μάστιντες.
381 4565 407 4572 -
421 4544 447 4583 22
463 4541 555 4598 ὑπάρχῃ.
572 4565 597 4572 -
612 4545 638 4584 24
653 4543 745 4595 Κτίἰςοτ
755 4555 789 4594 gr.
800 4547 834 4595 55,
845 4547 866 4584 2.
878 4549 898 4586 2.
911 4567 937 4576 -
952 4549 978 4587 29
993 4545 1030 4587 ἐὰν
1039 4559 1080 4598 pro
1091 4545 1124 4589 ἀν.
1140 4569 1166 4578 -
1181 4549 1207 4588 30
1219 4549 1291 4598 Αμοε.
1307 4551 1330 4588 lv
1344 4551 1364 4588 ί.
1381 4547 1454 4602 τυχεῖν

254 4611 300 4654 τῶν
314 4611 392 4664 δεξιῶν
408 4613 481 4669 μερῶν
497 4615 535 4657 τοῦ
551 4613 683 4668 ἀγιάτμοτος
697 4618 755 4658 dixit
769 4617 873 4658 Clemens
888 4620 946 4658 είοε.
962 4630 984 4670 p.
996 4619 1044 4670 206,
1060 4621 1100 4662 24:
1116 4621 1274 4670 208‚280011.
1290 4621 1373 4662 Enoch.
1390 4634 1403 4662 x
1418 4623 1438 4662 3.

1465 4871 1573 4940 fl
