3052 4974
118 415 257 488 β33-34

117 590 293 676 ριξανιας,
321 583 400 662 τούς
427 589 489 651 τού
515 590 684 672 σωτηρίου
706 584 859 672 σύματος
883 585 939 652 καὶ
967 591 1030 654 τού
1050 593 1163 673 τιμίου
1186 593 1240 658 αλ-

115 711 222 774 ματος
242 686 450 768 ἀξιώσαντας
469 689 503 770 *,
525 684 604 764 τούς
626 691 695 753 τοῖν
716 685 889 772 ἁμαρτιῶν
909 685 1077 768 λύσαντας
1099 689 1157 756 καλ
1181 695 1241 784 τῆς

115 789 214 875 άγίας
236 789 294 857 καὶ
317 792 409 874 ἱεράς
439 787 650 873 εὐχαριστίας
677 788 839 874 μετόχους
864 788 1068 873 ποιήσαντας
1097 790 1155 857 καὶ
1181 796 1240 878 τῆς

116 893 320 978 ἐπαγγελίας
344 895 406 956 τοῦ
426 893 513 957 δεού
533 887 719 967 κοινωνούς
740 889 798 955 καλ
818 890 1117 975 σνγιιληρονόμονς
1135 894 1239 975 θεμέ-

73 1008 101 1054 υ
114 1017 200 1071 νους
215 991 313 1079 ὑμᾶς.
343 993 485 1070 τούτους
500 991 745 1077 εὐλαβούμενοι
761 991 775 1079 ΙΙ
793 995 908 1074 τιμᾶτε
925 998 1100 1070 παντοίαις
1112 1005 1236 1077 τιμαῖς·
1256 1019 1272 1070 5

113 1087 211 1162 οὗτοι
231 1095 299 1181 γάρ
325 1094 417 1180 παρά
437 1098 524 1162 θεοῦ
545 1098 628 1180 ζωῆς
653 1092 709 1160 καλ
736 1092 891 1158 δανάτου
914 1093 1072 1172 ἐξουσίαν
1098 1093 1238 1182 είλήφα-

113 1217 172 1264 σιν
199 1199 240 1264 ἐν
267 1203 315 1284 τῷ
339 1197 486 1277 δικάζειν
505 1195 585 1272 τούς
604 1192 837 1280 ἡμαρτηκότας
858 1193 914 1260 καὶ
936 1195 1170 1276 καταδικάζειν
1191 1199 1239 1275 είς

112 1300 271 1366 θάνατον
290 1296 397 1382 πυρδς
420 1299 576 1380 αἰωνίου,
605 1296 662 1363 καλ
683 1296 779 1361 λύειν
795 1293 968 1381 άμαρτιοδν
983 1296 1063 1375 τούς
1084 1298 1237 1384 ἐπιστρέ-

55 1407 102 1468 34
117 1425 249 1487 φοντας
267 1402 324 1467 καὶ
341 1405 519 1484 ζωογονεῖν
539 1395 671 1474 αύτούς.
693 1399 698 1485 Ι
716 1397 857 1474 τούτους
880 1395 1044 1484 ἄρχοντας
1063 1397 1159 1485 ύμοίν
1179 1400 1237 1468 καλ

113 1507 268 1588 βασιλεῖς
294 1499 434 1587 ἡγεῖσθε
460 1501 518 1567 καὶ
542 1503 709 1585 νομίζετε,
741 1498 798 1564 καί
819 1498 970 1583 δασμούς
995 1497 1040 1578 ολς
1060 1505 1236 1585 βασιλεῦσι
1256 1525 1288 1578 10

114 1605 341 1690 προσφέρετε·
371 1603 406 1683 ἐξ
426 1601 523 1688 ύμοῐν
539 1599 605 1688 γάρ
621 1595 742 1676 αύτούς
758 1600 846 1665 *παλ
856 1598 934 1678 τούς
957 1602 1111 1680 ἐνοίκους
1124 1600 1237 1670 αύταῑν

113 1707 302 1792 τρέφεσθαι
322 1706 395 1792 χρή.
434 1702 480 1782 ύς
497 1700 659 1788 Σαμουὴλ
680 1701 853 1780 διετάξατο
870 1701 954 1786 πρὸς
974 1701 1035 1769 τὸν
1053 1702 1138 1770 λαδν
1158 1709 1236 1790 ιτερλ

112 1812 176 1874 τοῦ
196 1809 361 1893 βασιλέως
382 1807 422 1874 ἐν
435 1811 477 1892 τη·
495 1806 610 1891 πρύτη
632 1807 701 1870 τοῖν
714 1806 898 1887 βασιλείων
916 1805 974 1871 καλ
987 1809 1139 1890 Μωύσῆς
1158 1807 1236 1892 περὶ

112 1914 184 1976 τῶν
210 1910 329 1996 ίερέων
352 1913 387 1993 *,
416 1907 521 1986 οὕτως
550 1906 608 1974 καλ
631 1903 726 1992 ἡμεῖς
746 1901 829 1988 ύμῖν
850 1904 927 1992 περὶ
949 1909 1019 1972 τοῖν
1040 1907 1236 1974 ἐπισκόπων

113 2011 378 2095 διατασσόμεδα.
429 2013 461 2077 εί
488 2009 553 2096 γάρ
584 2009 657 2074 έκεῖ
684 2010 816 2092 πλῆθος
845 2008 1046 2092 τηλικούτου
1071 2011 1235 2094 βασιλέως
1253 2037 1285 2090 15

111 2113 291 2199 ἀναλόγως
306 2111 365 2191 τάς
383 2109 567 2199 ὑπηρεσίας
586 2111 719 2194 ἐδίδου,
745 2107 838 2197 κόσῳ
858 2113 989 2194 μᾶλλον
1008 2109 1083 2197 ούγλ
1097 2113 1153 2178 καλ
1170 2117 1235 2180 νῦν

112 2213 131 2282 ὁ
150 2218 336 2292 ἐπίσκοπος
355 2215 542 2300 λαμβάνειν
566 2211 695 2298 ὀφείλει
720 2209 800 2296 παρ’
819 2207 915 2294 ὑμῶν
941 2215 981 2278 τά
1009 2216 1047 2279 ἐκ
1070 2217 1132 2280 τοῦ
1147 2219 1235 2282 θεοῦ

113 2315 207 2406 αύτῷ
225 2314 396 2404 ύρισμένα
414 2315 497 2402 πρὸς
518 2313 707 2400 διατροφην
721 2312 828 2379 αύτού
840 2335 877 2378 τε
899 2314 956 2378 καί
977 2319 1044 2381 τοῖν
1058 2315 1123 2382 σύν
1142 2313 1234 2404 αὐτῷ

112 2423 302 2506 κληριπων;
328 2421 359 2485 εί
375 2421 412 2486 δὲ
428 2421 482 2484 δεῖ
498 2422 559 2484 καί
570 2440 601 2483 τι
623 2422 824 2503 προσθεῖναι
840 2419 888 2502 τῷ
904 2416 1008 2504 λόγῳ,
1034 2422 1152 2485 πλεῖον
1173 2409 1233 2484 ού-

112 2545 171 2599 τος
191 2523 390 2606 λαμβανέτω
409 2517 433 2607 ἢ
449 2521 608 2596 ἐκεῖνος*
625 2517 663 2583 τὸ
679 2517 845 2583 παλαιόν·
872 2513 969 2602 ὁμὲν
990 2519 1056 2607 γάρ
1071 2538 1233 2607 στρατιω-
1250 2547 1285 2600 20

112 2622 190 2690 τιτιά
203 2623 291 2708 μόνα
308 2626 448 2708 διεῖπεν,
461 2622 609 2707 πόλεμον
623 2620 680 2686 καὶ
692 2620 832 2707 είρήνην
846 2617 1121 2708 ἀναδεδεγμένος,
1134 2625 1152 2664 *
1164 2647 1233 2708 φν-

112 2724 224 2811 λακην
247 2727 428 2811 σωμάτων,
461 2721 535 2792 όδὲ
555 2722 619 2808 τὴν
639 2725 686 2799 είς
708 2721 794 2787 θεὸν
819 2722 1024 2808 ἱερωσύνην,
1057 2730 1152 2812 σῶμα
1177 2726 1234 2793 καὶ

111 2827 228 2913 ψυχὴν
242 2826 509 2915 παραιτούμενος
527 2825 708 2892 κινδύνων.
743 2822 811 2912 ὅσῳ
828 2830 947 2892 τοίνυν
967 2825 1057 2913 ψυχή
1082 2829 1234 2912 στόματος

113 2935 293 3014 κρείττων,
316 2929 466 3017 τοσούτω
484 2927 649 3015 ίερωσύνη
665 2930 850 3012 βασιλείας·
880 2928 1036 3013 δεσμεύει
1060 2929 1126 3017 γὰρ
1146 2927 1231 3016 αὕτη

67 3029 172 3098 bonai
193 3032 268 3099 λύει
300 3030 382 3110 τούς
404 3035 565 3117 τιμωρίας
589 3023 613 3114 ἢ
631 3028 782 3114 ἀφέσεως
802 3027 925 3108 άξίους.
967 3030 1021 3097 διδ
1041 3034 1054 3119 ΙΙ
1074 3031 1135 3098 τὸν
1157 3034 1232 3100 έπί-
1248 3055 1283 3104 25

112 3153 246 3201 στοπον
262 3135 415 3222 στέργειν
430 3132 581 3218 ὀφείλετε
596 3127 641 3208 ύς
658 3131 800 3217 πατέρα,
820 3137 1002 3216 φοβεῖσθαι
1019 3130 1064 3210 ύς
1079 3137 1231 3218 βασιλέα,

112 3240 217 3322 τιμᾶν
236 3260 274 3303 τε
294 3233 341 3314 ολς
362 3237 498 3322 κύριον,
532 3230 611 3310 τοὺς
631 3231 782 3320 καρπούς
802 3229 900 3316 ύμων
925 3235 981 3300 καὶ
1002 3234 1043 3302 τά
1059 3239 1141 3320 ἔργα
1162 3239 1233 3303 ταῖν

111 3341 237 3426 χειράν
253 3335 350 3424 ύμων
366 3344 414 3418 είς
430 3334 588 3426 εύλογίαυ
612 3332 708 3420 ύμων
730 3337 979 3420 προσφέροντες
1002 3337 1113 3426 αύτῷ,
1137 3337 1232 3418 *τάς

113 3537 223 3613 2ύμιῖς
240 3547 274 3615 Ι-
291 3546 389 3618 γτῖΙ4
407 3540 655 3616 τυνκληροκύμους
672 3546 740 3612 ιΙῦ
759 3544 821 3612 θεῷ
837 3561 879 3611 γε,
899 3545 959 3600 θεά
978 3548 1096 3612 11910
1112 3545 1162 3600 καλ
1180 3547 1232 3616 βα-

113 3633 203 3691 σιλεῖς
223 3639 287 3700 post
309 3625 430 3701 ἡγεῖσθε
449 3633 482 3684 10
498 3651 532 3700 yz
552 3633 557 3700 Ι
581 3633 611 3685 10
628 3623 766 3701 ἡγεῖσθαι
783 3633 843 3682 th
861 3631 867 3698 Ι
889 3631 920 3681 19
942 3631 992 3684 καλ
1016 3637 1091 3699 prius
1108 3634 1143 3698 >
1159 3643 1206 3700 γει
1225 3633 1230 3704 Ι

117 3715 148 3765 10
164 3717 309 3783 νομίζεται
327 3735 351 3768 w
367 3717 370 3784 Ι
387 3718 420 3770 10
437 3717 603 3784 βασιλεῦσιν
619 3735 636 3769 x
656 3715 661 3784 Ι
682 3717 710 3767 11
730 3711 923 3782 προσφέρεται
942 3735 966 3768 w
985 3715 991 3785 Ι
1013 3719 1042 3769 11
1061 3735 1091 3771 τε
1108 3720 1143 3788 -Ι-
1159 3721 1229 3790 yut}

116 3801 144 3852 11
158 3801 311 3862 συνοίκους
322 3801 389 3870 γτῖΙ
405 3795 486 3864 12άς
498 3809 578 3868 wxyt,
597 3795 646 3854 ύτ
662 3801 667 3870 Ι
684 3802 715 3854 13
726 3801 822 3869 μωσῆς
833 3809 880 3868 γει
895 3801 900 3860 Ι
916 3802 947 3852 14
960 3795 992 3854 δν
1004 3803 1042 3854 τιὸ
1056 3801 1107 3872 [τῷ
1118 3801 1147 3872 y]
1157 3806 1230 3857 λευι-

111 3885 279 3953 tut5÷yzt
293 3886 298 3952 Ι
315 3886 347 3938 14
359 3876 433 3940 ούτω
442 3896 489 3954 γτῖ
503 3887 509 3956 Ι
524 3888 556 3939 11)
569 3881 701 3956 πλήθους
711 3903 745 3952 γτ
761 3887 765 3954 Ι
783 3889 814 3938 15
824 3880 1001 3954 τηληκούτου
1010 3905 1029 3954 γ
1044 3891 1049 3953 Ι
1066 3889 1098 3940 19
1108 3887 1159 3940 καλ
1169 3890 1204 3953 >
1214 3907 1232 3941 x

144 3969 176 4022 19
193 3988 221 4024 τι
243 3979 307 4038 post
329 3973 496 4041 προσβῆναι
519 3991 536 4024 x
561 3971 566 4042 Ι
594 3973 626 4024 19
648 3971 815 4040 προσθῆκαι
834 3979 900 4037 th,
925 3973 1102 4040 προσθεῖναι
1119 3989 1152 4040 γε
1172 3975 1178 4042 Ι
1200 3975 1231 4026 19

110 4055 227 4108 πλεῖαι
249 4059 254 4117 Ι
274 4057 308 4108 29
326 4052 368 4117 είς
385 4058 419 4126 «Ι-
435 4075 460 4108 w
478 4061 484 4125 Ι
503 4059 535 4108 21
554 4052 645 4126 μόνον
666 4075 691 4107 w
709 4056 714 4123 Ι
734 4058 765 4109 21
791 4057 886 4110 διεῖπε
902 4065 949 4124 yzt
968 4059 973 4125 Ι
992 4060 1024 4109 21
1049 4055 1092 4119 είς
1107 4059 1143 4123 -Ι-
1158 4065 1205 4123 yut
1224 4063 1230 4126 Ι

111 4141 143 4190 22
161 4135 319 4209 ίερσσύτην
336 4159 360 4193 ιε
374 4145 379 4208 Ι
394 4143 428 4194 24
445 4143 566 4209 κρίττων
583 4161 615 4207 ιτ,
635 4142 753 4209 κρείττω
770 4145 807 4206 xl
826 4145 859 4193 24
877 4137 1029 4208 ίερωσύνηι
1046 4161 1071 4194 w
1085 4143 1091 4211 Ι
1105 4145 1138 4194 24
1156 4132 1230 4211 αὕτη

111 4241 163 4287 wx,
189 4220 266 4293 αύτή
283 4233 331 4291 yzt
356 4226 361 4294 Ι
384 4229 419 4279 26
437 4221 585 4295 ὀφείλεται
604 4230 656 4281 W?
680 4233 685 4290 Ι
709 4227 811 4279 26-28
827 4246 846 4294 y
863 4230 988 4295 virgulas
1006 4235 1068 4294 pont
1090 4219 1229 4293 ὀφείλετε,

110 4309 287 4376 φοβεῖσθαι,
306 4311 393 4377 τιμάν
410 4317 488 4379 ponit
514 4315 519 4382 Ι
545 4317 578 4365 27
596 4331 626 4366 τε
643 4313 677 4377 >
693 4321 741 4379 γττ
767 4314 771 4375 Ι
797 4313 831 4364 28
848 4309 901 4373 τάς
915 4309 987 4380 πρὸς
1004 4311 1099 4379 φοράς
1114 4313 1181 4379 -Ι-γ
1200 4319 1229 4368 in

107 4411 235 4462 margunc
