3052 4974
300 403 341 464 66
1354 393 1372 460 β
1389 394 1425 446 39

301 561 454 626 λούντων
474 556 570 644 ὑμῖν,
600 558 667 643 είμὶ
689 557 891 641 ἀπόστολος,
904 613 908 622 ,
920 558 976 624 καὶ
998 555 1098 635 αὐτὸς
1117 553 1168 624 ῶν
1192 558 1342 642 τελώνης
1359 560 1428 642 μὲν

300 660 338 727 τὸ
359 661 536 746 πρότερον,
561 663 627 726 νῦν
644 663 682 725 δὲ
697 659 753 726 διά
775 665 837 726 τοῦ
858 661 1029 726 πιστεύειν
1049 658 1231 745 ἠλεημένος
1251 683 1428 743 μετεγνω-

300 763 367 840 κώς
392 786 429 828 τε
456 765 525 828 τῶν
553 764 727 847 προτέρων
755 763 911 848 πράξεων
940 762 997 828 καί
1023 759 1204 847 ἠξιωμένος
1231 759 1426 839 ἀπόστολος

301 861 388 931 εἶναι
408 863 465 930 καί
485 863 591 948 κήρυξ
611 867 672 928 τοῦ
687 863 801 948 λόγου.
831 863 887 930 καί
901 869 1081 948 Ζακχαῖος,
1103 858 1143 928 ἀν
1161 861 1179 927 ό
1197 863 1315 948 κύριος
1336 885 1427 948 προ-

266 967 462 1051 οσελάβετο
491 967 529 1032 έν
554 968 715 1052 μετανοίᾳ
739 966 904 1050 δεηθέντα
933 961 1057 1046 αὐτοῦ,
1088 961 1209 1048 ὁμοίως
1235 964 1293 1030 καὶ
1321 961 1428 1042 αὐτὸς

300 1068 448 1152 τελώνης
468 1065 506 1132 τό
528 1067 695 1151 πρότερον
716 1063 876 1151 ὑπῆρχεν.
921 1063 985 1151 ἤδη
1008 1067 1045 1132 δὲ
1066 1065 1124 1131 καὶ
1144 1069 1347 1151 στρατιῶται
1366 1065 1428 1130 καὶ

300 1171 458 1234 τελωνῶν
479 1165 591 1253 όχλος,
620 1167 869 1253 προσελθόντες
895 1171 941 1256 τῶ
963 1171 1116 1256 κυριακῷ
1145 1167 1222 1252 περὶ
1243 1171 1430 1251 μετανοίας

235 1259 239 1266 ’
301 1269 405 1358 λόγῳ,
435 1268 599 1336 ἀκούουσι
619 1267 710 1356 παρά
728 1272 789 1335 τοῦ
807 1267 985 1354 προφήτου
1005 1269 1164 1336 Ἰωάννου
1184 1269 1266 1354 μετά
1294 1268 1334 1334 τὸ
1358 1269 1427 1352 βά-

301 1387 426 1456 πτισμα
441 1373 459 1412 *
474 1373 595 1456 Μηδὲν
616 1372 720 1436 πλέον
742 1369 833 1455 παρά
850 1369 889 1436 τὰ
909 1373 1169 1456 διατεταγμένον
1185 1368 1266 1455 ύμῖν
1284 1383 1427 1436 ποιεῖτε.

253 1483 284 1534 10
302 1469 422 1558 ὁμοίως
440 1497 476 1540 τε
497 1473 554 1538 καί
574 1485 644 1550 τοῖς
666 1471 817 1550 έθνικοίς
837 1470 899 1537 οὐκ
917 1471 1128 1557 ἀπέγνωσται
1146 1475 1164 1513 *
1184 1472 1260 1558 ζωή,
1285 1472 1348 1538 ε’ἀν
1363 1495 1428 1555 με-

300 1575 525 1659 τανοήσαντες
551 1572 614 1660 τήν
637 1573 796 1640 ἀπιστίαν
823 1571 1051 1658 ἀποβάλωσιν.
1109 1571 1153 1651 ῶς
1179 1573 1330 1658 τελώνην
1358 1563 1428 1638 οὖν

299 1673 322 1762 ἦ
345 1675 485 1742 έθνικδν
507 1679 560 1761 ἔχε
581 1673 640 1741 τὸν
661 1674 717 1741 έπὶ
737 1679 830 1763 κακῷ
845 1679 932 1762 ἒργςο
953 1676 1154 1760 ἐλεγχθέντα
1177 1675 1233 1742 καὶ
1254 1673 1299 1760 μή
1319 1698 1427 1759 μετα-

300 1778 520 1863 γινώσκοντα.
551 1775 613 1842 έάν
627 1778 665 1842 δὲ
680 1775 824 1861 ὕστερον
837 1781 986 1862 μετανοῇ
1001 1779 1037 1860 *,
1057 1773 1132 1854 ῶς*
1150 1774 1228 1854 τοὺς
1248 1776 1426 1858 ἐθνικούς,

302 1875 428 1945 ὁπόταν
441 1880 568 1944 θέλωσι
584 1891 761 1962 μετανοεῖν
775 1879 831 1944 καὶ
854 1877 1068 1963 ἐπιστρέφειν
1085 1881 1122 1945 ἐκ
1139 1883 1197 1963 τῆς
1213 1879 1356 1962 πλάνης,
1377 1881 1427 1954 είς

255 1995 284 2045 15
303 1981 487 2063 ἐκκλησίαν
499 1980 767 2064 προσδεχόμεθα,
780 1978 870 2056 ὅπως
881 1984 941 2046 τοῦ
955 1980 1058 2063 λόγου
1072 1978 1253 2054 ἀκούωσιν,
1268 1977 1310 2046 ού
1323 1978 1396 2064 μὴν
1407 1982 1425 2018 *

301 2085 535 2164 κοινωνοῦμεν
550 2077 673 2163 αὐτοῖς,
694 2080 770 2165 ἄχρι
790 2077 853 2166 τήν
869 2083 1041 2166 σφραγῖδα
1055 2081 1216 2166 λαβόντες
1233 2085 1427 2148 τελειωθῶ-

301 2200 376 2268 σιν,
401 2179 507 2259 οὕτως
528 2181 584 2247 καλ
607 2195 677 2259 τοῖς
697 2182 872 2266 τοιούτοις,
895 2181 1008 2266 μέχρις
1029 2173 1070 2247 οὗ
1090 2188 1269 2267 μετανοίας
1289 2182 1427 2265 καρπὸν

303 2285 525 2366 έπιδείξωσιν,
545 2283 766 2368 ἐπιτρέπομεν
782 2286 1002 2368 είσέρχεσθαι,
1018 2283 1108 2361 ὅπως
1120 2287 1181 2349 τοῦ
1196 2286 1299 2369 λόγου
1316 2283 1427 2350 ἀκού-

302 2409 397 2463 οντες
423 2383 467 2470 μή
491 2389 623 2462 τελείως
650 2385 759 2470 ἄρδην
783 2384 992 2468 ἀπόλωνται,
1019 2385 1063 2471 μή
1088 2391 1361 2453 κοινωνείτωσαν
1386 2388 1425 2452 δὲ

251 2501 285 2552 κθ
303 2487 342 2552 έν
368 2491 410 2572 τῇ
431 2492 619 2572 προσευχῇ,
648 2485 722 2551 ἀλλ’
748 2487 999 2574 έξερχέσθωσαν
1025 2486 1108 2572 μετά
1136 2485 1198 2572 τήν
1224 2487 1426 2571 ἀνάγνωσιν

302 2591 364 2652 τοῦ
381 2587 489 2672 νόμον
504 2586 561 2652 καί
577 2592 644 2653 τῶν
658 2592 842 2674 προφητῶν
864 2587 920 2653 καί
942 2593 1002 2654 τοῦ
1024 2585 1232 2672 εὐαγγελίου,
1255 2587 1345 2665 ὅπως
1366 2589 1425 2654 διά

303 2691 364 2752 τοῦ
386 2688 507 2766 ἐξιέναι
530 2689 795 2771 ε’πιβελτιωθῶσι
810 2687 873 2774 τήν
886 2687 1106 2774 ἀναστροφήν
1120 2695 1181 2756 τοῦ
1198 2694 1288 2775 βίου,
1313 2707 1426 2756 σπου-

303 2789 459 2868 δάζοντες
479 2787 555 2872 περί
575 2788 634 2865 τὰς
654 2791 809 2868 συνάξεις
827 2789 982 2857 ἀπαντᾶν
1004 2789 1163 2877 ὁσημέραι
1178 2790 1290 2878 καλιῇ
1308 2792 1426 2878 δεήσει

302 2891 489 2975 σχολάζειν,
513 2887 602 2966 ὅπως
622 2889 679 2956 καὶ
706 2889 802 2956 αὐτοὶ
823 2893 1022 2978 δυνηθῶσιν
1045 2893 1277 2978 εἰσδεχθῆναι,
1305 2894 1363 2960 καὶ
1393 2895 1431 2960 οέ

369 3081 386 3132 9
404 3083 462 3132 Luc
481 3079 505 3142 3,
526 3081 557 3132 13

302 3242 368 3300 2τὸ
385 3249 420 3312 >
436 3257 484 3314 γει
509 3251 513 3313 Ι
540 3252 564 3300 2.
582 3251 599 3301 3
620 3242 827 3316 μετεγνωκότες
850 3252 948 3302 omisso
966 3267 997 3303 τε
1016 3251 1121 3318 [εἰοΙα
1147 3249 1152 3320 Ι
1178 3245 1344 3320 δῆξιῶθην
1362 3271 1389 3304 ει·
1417 3255 1420 3320 Ι

302 3324 446 3399 δύπῆρχε
464 3350 488 3382 w
507 3330 512 3399 Ι
531 3333 546 3381 7
565 3333 687 3386 τελονῶν
705 3350 719 3384 τ
740 3334 744 3396 Ι
766 3333 782 3384 8
800 3327 902 3399 λόγους
920 3353 942 3386 w
966 3337 1075 3403 virgula
1100 3343 1164 3388 ante
1182 3334 1248 3402 περί
1265 3339 1358 3404 posita
1380 3337 1385 3404 Ι
1406 3337 1424 3390 Θ

302 3405 458 3468 ἀκούουσιν
476 3414 513 3482 x!
527 3416 544 3466 8
561 3411 632 3482 μετά
651 3425 713 3478 απτ,
733 3412 805 3468 κατά
823 3435 857 3482 γι
878 3419 882 3481 Ι
902 3420 919 3466 θ
936 3416 1025 3484 λέγων
1042 3421 1076 3486 -Ι-
1093 3439 1117 3470 w
1133 3419 1138 3487 Ι
1157 3421 1173 3472 9
1190 3415 1288 3488 μηθὲν
1305 3418 1423 3486 119τό

303 3507 382 3563 wxyt,
402 3496 475 3550 τλτλ
491 3501 494 3563 Ι
510 3500 526 3550 9
544 3495 681 3568 ποιήσητε
694 3519 726 3564 ω,
745 3504 976 3568 ποιεῖταιΥΙΙῦ
992 3520 1022 3556 τε
1034 3522 1086 3570 wx,
1106 3499 1138 3556 δὲ
1149 3513 1197 3570 γει
1213 3509 1216 3572 Ι
1234 3507 1265 3556 10
1277 3498 1422 3572 έθτηιιοῖς

302 3599 326 3632 w
342 3583 346 3648 Ι
364 3582 395 3632 10
406 3575 604 3648 ἀπέγνωστειν
620 3585 624 3650 Ι
642 3585 672 3636 10
690 3577 830 3652 ἠΙ-γιιΙ
849 3579 1100 3650 11άπιοτείαναΙ
1122 3590 1150 3640 ll
1165 3580 1366 3657 ἀποβάλλουσιν
1383 3593 1421 3658 t}

304 3667 335 3718 12
355 3659 483 3732 έθνηιιόν
500 3684 525 3716 w
539 3671 544 3732 Ι
561 3669 592 3718 12
611 3663 797 3736 ἐλεγχόμενον
814 3689 847 3734 ω,
867 3664 1023 3739 έλεχθέντα
1036 3691 1050 3724 τ
1065 3675 1070 3737 Ι
1088 3675 1119 3724 12
1135 3671 1168 3740 μὶ
1186 3692 1209 3724 w
1223 3672 1229 3742 Ι
1245 3674 1278 3726 13
1295 3671 1346 3726 καλ
1357 3667 1422 3728 έπε-

303 3745 411 3817 οτρέφη
430 3742 462 3802 tn
479 3751 529 3816 τῆς
547 3749 658 3820 πλάνης
675 3755 709 3820 -Ι-
727 3755 763 3818 t!
786 3756 816 3806 13
834 3753 883 3807 καλ
900 3755 934 3822 -Ι-
953 3764 964 3807 t
983 3756 988 3824 Ι
1008 3758 1039 3808 11
1058 3753 1182 3810 θέλωσιν
1198 3775 1225 3822 x,
1244 3755 1362 3810 θέλουσι
1383 3769 1396 3810 t

304 3834 336 3884 14
354 3831 404 3885 καλ
477 3831 589 3902 πλάνης
605 3837 668 3900 >t
693 3840 699 3902 Ι
727 3839 758 3890 15
780 3837 1008 3908 προσδεχώμεθα
1027 3859 1068 3892 wx
1094 3841 1098 3907 Ι
1126 3842 1157 3893 15
1174 3833 1336 3896 ἀκούσωσιν
1351 3861 1388 3908 5²
1416 3849 1420 3912 Ι
1503 3857 1504 3887 1

304 3917 336 3968 15
354 3913 387 3969 δὲ
404 3917 438 3985 -Ι-
456 3935 478 3968 w
494 3920 498 3984 Ι
516 3920 548 3970 16
565 3911 631 3986 ἀχρι
650 3939 705 3984 wx,
723 3917 822 3989 μέχρις
840 3911 875 3976 οὖ
892 3931 936 3990 γι,
959 3921 1057 3992 μέχρις
1076 3913 1128 3979 οάυ
1146 3943 1160 3978 ἰ
1180 3927 1184 3989 Ι
1206 3929 1237 3979 17
1255 3918 1329 3980 οὕτω
1345 3931 1421 3996 γιεΙ

304 4002 336 4053 18
354 3994 549 4069 ἐπιτρέπομεν
567 4023 588 4054 w
617 4007 620 4070 Ι
649 4005 680 4056 19
702 4003 801 4067 τελέας
817 4015 865 4072 γει
891 4009 895 4071 Ι
924 4009 956 4059 19
977 3999 1141 4062 άπώλονται
1163 4029 1200 4072 w,
1224 4004 1374 4064 ἀπόλοντο
1393 4031 1421 4077 x,

302 4079 498 4140 ἀπόλονταιΥ
524 4087 529 4156 Ι
556 4091 589 4139 2⁶2
611 4080 757 4152 ἀξιέναιτ
783 4097 788 4152 Ι
816 4095 848 4143 22
867 4085 1109 4160 έπιβελτιωδῶσιν
1130 4111 1160 4156 x,
1184 4093 1358 4161 βελτιωθῶοι
1378 4105 1421 4162 γι,
1502 4063 1503 4123 λ

302 4162 496 4238 η’νεντιωθῶσι
521 4189 535 4222 τ
557 4177 588 4238 (ο
613 4174 754 4226 literarum
779 4177 860 4228 ductu
885 4181 1061 4244 conspicuum
1084 4179 1261 4232 librarium
1286 4187 1421 4246 autogra·
1501 4189 1502 4200 ¹

302 4257 385 4320 plnum
402 4273 479 4308 suum
499 4257 592 4322 legere
611 4275 664 4310 non
683 4262 819 4326 potuisse)
836 4262 888 4326 123
905 4253 1042 4316 ἀπάντων
1061 4281 1083 4312 w
1100 4263 1103 4330 Ι
1119 4265 1152 4314 23
1169 4256 1313 4330 ῶσήμεραι
1332 4283 1358 4326 ιι,
1381 4259 1422 4326 ῶς

302 4330 404 4404 ἡμέραι
425 4359 448 4394 w
464 4343 468 4404 Ι
483 4342 516 4392 23
534 4338 623 4408 ἀεήση
641 4361 657 4392 x
