2998 4972
298 417 359 485 180
1280 427 1299 472 ς
1320 409 1415 464 18-19

257 574 268 590 ’
297 583 452 666 διαμείνῃ
468 585 575 670 κυρίῳ
589 583 637 668 τῷ
649 582 722 667 θεῷ
729 604 736 618 ·
758 577 815 646 καὶ
830 581 936 644 ταῦτα
956 577 1042 645 κατά
1056 577 1158 645 πόλιν
1176 583 1352 664 πανταχοῦ
1374 581 1416 656 είς

297 682 380 766 ὅλην
401 681 463 768 τήν
485 685 687 766 οἰκουμένην
710 685 771 748 τοῦ
799 681 927 765 κόσμου
950 681 1190 766 πεποιήκαμεν,
1212 682 1416 746 καταλιπόν-

297 807 351 861 τες
363 780 444 868 ὑμῖν
458 796 527 861 τοῖς
542 782 734 860 ἐπισκόποις
748 782 805 848 καὶ
820 784 838 823 *
855 787 985 860 λοιποῖς
1001 784 1148 867 ἱερεῦσιν
1162 783 1263 867 τήνδε
1278 782 1343 866 τήν
1358 807 1416 848 κα-

296 885 443 970 θολικήν
457 886 680 950 διδασκαλίαν
695 883 795 964 άξίως
816 883 873 949 καί
889 884 1026 960 δικαίως
1046 887 1093 962 είς
1106 885 1330 968 μνημόσυνον
1346 884 1416 950 ἐπι-

263 991 483 1072 σστηρισμοῦ
504 999 575 1064 τοῖς
595 986 833 1052 πεπιστευκόσι
847 990 930 1074 θεῷ,
953 984 1255 1069 *διαπεμψάμενοι
1278 983 1337 1050 διά
1359 989 1417 1050 τοῦ

197 1107 202 1114 ’
298 1091 565 1175 συλλειτουργοῦ
584 1084 681 1172 ῆμῦν
703 1087 897 1172 Κλήμεντος
917 1089 978 1152 τοῦ
996 1086 1198 1152 πιστοτάτου
1215 1086 1272 1152 καὶ
1288 1083 1416 1170 ὁμοψά

298 1213 359 1274 χου
380 1191 501 1255 τέκνου
520 1185 617 1274 ήμῦν
635 1189 673 1255 ἐν
694 1193 817 1277 κυρίῳ,
838 1187 907 1272 ἅμα
929 1188 985 1253 καὶ
999 1188 1163 1274 Βαρνάβᾳ
1181 1187 1238 1252 καί
1264 1189 1417 1275 Τιμοθέῳ

298 1295 345 1378 τῷ
364 1291 595 1380 ποθεινοτάτῳ
619 1291 684 1376 υίῷ
711 1290 767 1355 καὶ
795 1290 929 1377 Μάρκῳ
955 1293 1002 1376 τῷ
1023 1294 1167 1376 γνησίῳ,
1198 1288 1264 1354 σῦν
1286 1282 1337 1366 οίς
1364 1289 1417 1353 καί

303 1396 403 1458 Τίτον
424 1389 505 1476 ὑμῖν
526 1395 732 1476 γνωριζομεν
752 1391 808 1456 καὶ
824 1395 963 1456 Λουκάν
981 1390 1120 1456 Ἰάσωνά
1134 1415 1170 1456 τε
1188 1391 1245 1457 καὶ
1267 1390 1418 1456 Λούκιον

249 1511 281 1562 10
299 1494 355 1560 καὶ
363 1497 597 1578 Σωσίπατρον,
610 1492 654 1558 δι’
668 1484 718 1558 τόν
729 1491 786 1558 καὶ
798 1497 1061 1578 παρακαλοῦμεν
1068 1489 1153 1577 ὑμᾶς
1160 1493 1199 1558 ἐν
1208 1496 1328 1580 κυρίῳ,
1337 1491 1417 1557 άπέ-
1432 1509 1459 1558 ιο

297 1603 417 1682 χεσθαι
431 1597 449 1636 *
461 1599 604 1672 παλαιάς
616 1597 800 1678 συνηθείας
814 1593 869 1659 καλ
884 1596 1019 1678 δεσμόν
1029 1599 1190 1679 ματαίων,
1205 1592 1416 1680 άφορισμῦν,

298 1696 573 1782 παρατηρήσεων,
595 1697 784 1781 βρωμάτων
799 1697 988 1780 διορισμοῦ,
1010 1696 1251 1781 βαπτισμάτων
1266 1702 1418 1780 καθημε-

299 1805 421 1884 ρινῦν·
437 1799 477 1864 τά
489 1798 610 1883 άρχαῖα
625 1797 689 1882 γάρ
704 1802 892 1882 παρῆλθεν,
909 1796 984 1863 ἰδοῦ
996 1799 1114 1882 γέγονε
1129 1796 1228 1863 καινά
1241 1796 1283 1862 τά
1295 1798 1415 1862 πάντα.

300 1901 464 1988 Ιγνόντες
489 1899 554 1984 γάρ
578 1898 662 1965 θεόν
688 1897 745 1964 διά
763 1897 871 1984 Ἰησοῦ
897 1903 1035 1984 χριστοῦ
1065 1899 1121 1965 καί
1147 1897 1209 1984 τήν
1235 1898 1417 1982 σύμπασαν
1427 1904 1463 1966 19

250 2019 281 2068 15
300 1999 406 2067 αὐτοῦ
426 2004 624 2084 οἰκονομίαν
645 1999 798 2084 ἀρχῆθεν
818 2002 1062 2086 γεγενημένην,
1092 1999 1142 2065 ότι
1164 2001 1290 2065 δέδωκε
1311 1998 1418 2083 νόμον

299 2101 430 2168 ἁπλοῦν
442 2103 489 2178 είς
497 2100 663 2185 βοήθειαν
679 2105 741 2166 τοῦ
756 2105 916 2186 φυσικοῦ,
931 2101 1097 2186 καθαρόν,
1113 2101 1292 2186 σωτήριον,
1308 2099 1418 2186 άγιον,

301 2196 381 2291 ίνῷ
398 2204 455 2269 καὶ
471 2201 509 2268 τὸ
521 2204 609 2268 ίδιον
623 2201 729 2286 ὄνομα
745 2203 962 2287 ἐγκατέθετο,
977 2205 1121 2285 τέλειον,
1138 2201 1302 2288 ἀνελλιπῆ
1310 2251 1320 2283 ,
1337 2204 1419 2268 δέκα

300 2309 435 2390 λογίων,
448 2304 570 2390 πλήρη,
585 2303 736 2390 άμωμον,
754 2304 999 2391 ἐπιστρέφοντα
1009 2305 1131 2390 ψυχάς·
1153 2295 1259 2391 οὗπερ
1275 2303 1334 2369 καὶ
1346 2303 1420 2369 ἐπι-

217 2433 221 2442 ·
299 2409 512 2492 λαθομένους
527 2404 701 2492 Ἑβραίους
719 2401 964 2492 ὑπομιμνήσκει
986 2406 1044 2472 διά
1059 2410 1238 2491 Μαλαχίου
1257 2410 1321 2471 τοῦ
1335 2429 1420 2490 προ-

249 2524 283 2575 20
300 2508 411 2592 φήτου
431 2508 538 2592 λέγων
559 2507 747 2593 Μνήσθητε
763 2508 870 2591 νόμου
889 2497 1015 2593 Μωσή,
1038 2507 1227 2593 άνθράπου
1246 2510 1307 2572 τοῦ
1320 2511 1419 2588 θεοῦ,

301 2605 337 2686 ὃς
359 2611 546 2674 ἐνετείλατο
561 2604 642 2693 ὑμῖν
657 2607 895 2694 προστάγματα
913 2610 970 2675 καὶ
990 2610 1205 2700 δικαιώματα.
1241 2604 1279 2685 δς
1298 2612 1419 2674 τοσοῦ-

299 2711 360 2775 τόν
382 2709 474 2776 ἐστιν
496 2709 589 2794 άγιος
609 2709 665 2775 καὶ
687 2712 831 2792 δίκαιος,
856 2707 901 2787 ῦς
922 2709 1054 2777 καὶτὸν
1075 2710 1210 2796 σωτῆρά
1231 2733 1329 2794 ποτε,
1358 2715 1420 2774 θε-

301 2811 515 2897 ραπεύσαντα
536 2809 662 2895 λεπρόν
683 2814 744 2878 ἕνα
763 2811 819 2876 καὶ
842 2812 945 2877 πάλιν
968 2813 1083 2896 ε’ννία,
1104 2815 1210 2878 εἰπεῖν
1232 2816 1279 2898 τῷ
1298 2810 1420 2898 πρώτῳ

300 2913 492 3000 Πορευθεὶς
512 2914 624 2992 δεῖξον
645 2909 789 2978 σεαυτόν
816 2917 864 2998 τῷ
885 2911 1047 2998 ἀρχιερεῖ,
1073 2913 1134 3003 Ικαί
1156 2915 1360 2997 προσένεγκε
1382 2909 1421 2976 τό

249 3032 283 3083 25
300 3017 414 3102 δωρον
440 3011 458 3080 δ
482 3015 663 3101 προσέταξε
690 3017 819 3098 Μωσῆς
845 3017 892 3092 είς
916 3015 1102 3099 μαρτύριον
1127 3012 1257 3098 αὐτοῖς,
1284 3026 1354 3089 τοῖς
1381 3013 1420 3082 δὲ

302 3117 400 3184 ἐννέα
421 3117 524 3182 πάλιν
538 3116 772 3201 Πορευθέντες
795 3115 979 3195 ἐπιδείξατε
1000 3114 1139 3193 ἑαυτοὺς
1160 3128 1229 3192 τοῖς
1253 3116 1418 3200 ἱερεῦσιν·

370 3283 402 3334 13
420 3283 474 3334 Cor
492 3281 509 3350 β
527 3283 557 3343 5,
577 3281 609 3332 17
641 3282 645 3344 Ι
671 3281 702 3332 18
720 3281 815 3332 Ρεοίαι
833 3279 914 3342 19,8
940 3278 945 3346 Ι
973 3281 1007 3332 20
1024 3281 1136 3332 Malach
1153 3281 1178 3344 3,
1198 3281 1231 3330 22
1257 3277 1263 3347 Ι
1289 3281 1323 3330 u
1340 3280 1420 3330 Marc

369 3366 392 3428 1,
411 3365 445 3418 43
471 3364 476 3433 Ι
502 3365 536 3417 26
558 3369 617 3417 Luc
636 3367 680 3428 17,
700 3366 732 3415 14

303 3523 425 3578 1ταῦτα
443 3518 611 3590 κγτ1,τάι
636 3527 641 3591 Ι
667 3524 753 3578 2τοῦ
770 3520 877 3591 κόσμου
893 3525 928 3590 >
946 3543 970 3576 ιτ
996 3524 1001 3587 Ι
1027 3525 1081 3576 23
1099 3519 1322 3584 amulanium
1339 3541 1357 3576 x
1378 3523 1384 3590 Ι
1405 3525 1421 3576 3

301 3611 361 3668 τοῖς
378 3609 412 3673 -Ι-
429 3626 453 3660 w
472 3608 477 3677 Ι
496 3609 513 3660 3
530 3609 631 3669 λυποῖτ
649 3627 664 3660 ι
684 3612 688 3675 Ι
708 3611 724 3662 3
742 3603 849 3675 ἱερεῦσι
865 3616 912 3675 γτι
934 3608 938 3674 Ι
959 3610 1013 3661 4.5
1031 3601 1237 3677 ἔπιστηριγμοῦ
1253 3615 1300 3674 γιλ
1315 3609 1320 3670 Ι
1335 3609 1352 3659 5
1369 3623 1421 3659 ιτε-

302 3689 489 3745 πευστευκόσι
507 3711 522 3743 τ
542 3693 546 3760 Ι
566 3695 583 3744 5
600 3691 650 3746 καὶ
667 3693 701 3761 -Ι-
718 3711 752 3759 yz
777 3695 782 3758 Ι
807 3693 1007 3760 θλειτουργοῦ
1024 3712 1049 3745 w
1069 3693 1073 3760 Ι
1098 3694 1151 3746 117
1168 3685 1305 3761 όμοτμῦχιι
1323 3695 1358 3745 W
1380 3693 1386 3758 Ι
1406 3695 1421 3740 ’λ

302 3777 351 3830 καὶ
370 3780 445 3844 prius
462 3778 497 3842 >
513 3795 538 3829 w
565 3777 571 3844 Ι
595 3771 832 3845 Βποθηνοτάτωι
850 3795 888 3841 w,
912 3771 1117 3830 ποθεινοτάτω
1135 3795 1152 3830 x
1182 3785 1188 3843 Ι
1214 3769 1355 3829 θλάσονά
1374 3784 1422 3842 γει

302 3861 331 3928 [Ι
348 3860 390 3926 1ΙΙ
413 3861 443 3912 10
460 3859 509 3914 καὶ
529 3863 646 3914 alterum
663 3862 697 3926 >
714 3881 738 3912 w
758 3863 763 3924 Ι
784 3863 813 3912 11
832 3854 908 3928 ῦμάς
925 3862 959 3930 -Ι-
977 3880 993 3914 x
1008 3869 1013 3923 Ι
1030 3862 1060 3913 11
1079 3862 1128 3915 καὶ
1146 3863 1180 3926 >
1197 3865 1250 3912 Υτι
1269 3861 1274 3927 Ι
1296 3862 1326 3912 ll
1345 3852 1422 3927 άφο-

302 3945 412 4014 ρισμῦν
428 3946 462 4009 >
478 3963 512 4012 γτ
531 3947 536 4012 Ι
559 3947 589 3997 12
608 3939 719 4011 παρατ”
742 3963 803 3999 cum
822 3939 915 4015 βρωμ”
938 3950 1055 4014 iungunt
1072 3965 1111 3998 υτ
1136 3945 1141 4013 Ι
1163 3947 1194 3996 12
1212 3945 1370 4012 διορισμόν
1389 3961 1422 4004 w,

302 4023 467 4098 διορισμοῦς
489 4047 523 4094 yz
536 4047 596 4082 eum
609 4047 675 4096 seqq
693 4033 814 4084 iunctum
830 4033 834 4095 Ι
853 4031 883 4083 13
900 4031 1054 4098 παρῆλθον
1066 4049 1090 4082 w
1105 4030 1110 4098 Ι
1126 4031 1159 4083 13
1175 4023 1211 4082 τά
1224 4025 1320 4082 πάντα
1332 4023 1423 4080 καινά

302 4134 336 4182 γι
355 4109 402 4182 [νά
422 4112 449 4182 ι]
471 4115 475 4173 Ι
496 4115 528 4166 14
545 4111 661 4180 γνόντες
679 4109 733 4181 γάρ
752 4123 819 4176 th,
840 4111 966 4182 ἔγνωμεν
983 4103 1036 4168 οῦν
1052 4117 1107 4182 γτΙ
1124 4115 1155 4166 15
1173 4109 1300 4168 δέδωκεν
1318 4131 1351 4165 xz
1368 4112 1374 4178 Ι
1391 4115 1423 4164 11

302 4192 453 4266 άνελλιπῆι
472 4217 510 4266 w,
536 4190 701 4260 άνελλειπές
718 4217 749 4266 x,
767 4191 950 4267 άνελλειπῆί
976 4200 981 4262 Ι
1006 4201 1040 4252 20
1057 4194 1188 4268 μωῦσέως
1205 4215 1237 4262 w,
1256 4197 1356 4266 μωῦσῆ
1375 4215 1394 4248 x
1419 4195 1423 4262 Ι

302 4285 334 4336 21
353 4285 406 4334 init
423 4276 460 4344 ῦς
478 4301 494 4336 x
515 4285 519 4348 Ι
539 4285 573 4336 23
589 4283 683 4349 πρῦτο
702 4301 716 4335 ι
737 4281 742 4352 Ι
761 4286 794 4336 21
812 4279 1000 4351 προσόνεγκαι
1018 4302 1043 4335 w
1063 4281 1067 4352 Ι
1087 4285 1120 4336 25
1138 4279 1312 4349 προσέταξεν
1330 4301 1347 4334 x
1368 4283 1425 4346 125

303 4382 415 4435 μωυσης
432 4385 457 4420 w
