3120 4980
125 321 212 374 XXX

193 502 232 554 24
259 492 299 556 ud
318 513 474 556 cunonem
493 505 565 558 ωε
579 491 739 578 syriacum
757 490 918 578 adscripta
934 501 1007 554 sunt
1022 490 1102 555 haee
1116 493 1228 557 verba:
1247 491 1309 556 Di-

260 617 336 667 σκιαί
350 606 459 666 omniu
475 625 514 665 ea
530 623 612 686 quae
625 614 733 664 uotam
744 619 788 672 <-
805 599 922 664 habeut
936 606 1102 684 appictum
1117 600 1158 664 ab
1170 599 1311 665 Arz'am'u

261 709 306 773 ad
327 733 466 774 οσαοιιαε
486 709 600 772 addita
620 731 698 771 σενα.
724 707 1039 795 comprehenduntur
1061 717 1168 772 autem
1189 729 1311 772 canone

261 816 419 905 Syrorum
444 815 691 904 quadragesimo
713 826 803 880 sexto
827 818 959 902 regulae
979 825 1108 881 nostrae
1123 821 1166 902 μζ
1182 818 1233 901 μθ
1248 843 1263 879 ν
1280 826 1312 880 et

261 928 411 1015 deinceps
434 947 471 990 ea
491 927 598 1006 verba,
621 945 703 1010 quae
722 923 762 988 ad
781 947 834 1011 pg.
855 923 907 1005 29,
928 925 968 988 13
986 923 1183 990 exhibiturus
1202 947 1281 988 sum.

127 1041 168 1103 29
217 1047 234 1101 ὀ
259 1036 373 1124 regula
388 1059 430 1120 μη
454 1055 573 1120 graeca
588 1033 671 1096 infra
686 1033 830 1119 sequitur
845 1057 874 1094 v.
895 1056 925 1120 p.
944 1031 1072 1096 XXXI.

217 1155 244 1208 8.
261 1155 278 1207 9
293 1154 335 1229 μή
349 1152 446 1231 τρίτον
460 1167 492 1227 μ.
502 1167 533 1227 μ.
543 1143 698 1207 έπιτελέσει
708 1149 740 1205 τὸ
751 1142 925 1227 βάπτισμα,
940 1143 1006 1207 ἀλλ’
1017 1141 1104 1218 άπαξ
1114 1149 1203 1225 μόνον
1215 1148 1248 1204 τδ
1258 1148 1310 1214 εἰς.

197 1266 235 1318 13
261 1263 437 1341 sequuntur
455 1252 552 1316 haee:
579 1251 767 1338 διδαχθήτω
785 1254 835 1314 οὑν
852 1255 867 1314 ὑ
883 1251 1107 1335 βαπτιζόμενος
1124 1257 1167 1315 ὅτι
1185 1256 1200 1315 ά
1219 1255 1311 1336 άγίν-

261 1387 351 1438 νητος
365 1364 443 1435 θεὸς
460 1361 530 1425 ου’δὲ
545 1363 732 1447 ἐσταυρώθη
751 1361 818 1424 οὑδὲ
841 1369 953 1445 γένεσιν
971 1362 1142 1446 ἀνθρώπου
1163 1366 1311 1444 ὑπέμεινε,

262 1472 498 1557 βασιλευόμενος
520 1476 562 1553 μή
579 1475 727 1555 ὑπάρχων
744 1469 822 1552 μηδὲ
844 1474 945 1554 ἑτέρου
967 1475 1074 1553 γνώμῃ
1097 1475 1115 1540 ή
1140 1472 1311 1553 καταλείψει

262 1579 428 1669 (alluditur
444 1576 485 1642 ad
501 1575 614 1640 Matth.
632 1577 719 1640 xxvii
736 1575 794 1662 46)
811 1581 995 1650 ὑπεύθυνος.
1015 1577 1080 1641 ἀλλ’
1091 1580 1158 1642 οὐδὲ
1175 1584 1189 1642 δ
1207 1585 1312 1664 παρά-

261 1693 368 1762 κλητος
389 1691 559 1775 ἅνθρωπος
582 1693 697 1773 ἐγένετο
722 1695 771 1748 καί
796 1691 873 1750 οὑτω
892 1700 1004 1771 παρῆν,
1030 1687 1093 1750 ἀλλ’
1117 1687 1184 1751 οὑδὲ
1206 1689 1313 1760 πάθος

262 1805 415 1883 ὑπέμεινεν
432 1801 447 1860 ὁ
465 1794 544 1883 σάρξ
558 1805 599 1879 μή
617 1802 778 1881 γενόμενος
797 1799 849 1883 (οὑ
866 1803 927 1882 γάρ
944 1798 979 1868 ἦν
998 1799 1193 1881 ἀρχιερεὺς)ε
1219 1795 1312 1858 ἀλλά

261 1914 427 1992 μονογενής
440 1911 504 1979 υίδς
517 1910 608 1988 μόνος
622 1910 737 1990 ἐγίνετο
750 1914 804 1988 μὲν
818 1907 989 1989 ἄνθρωπος
1001 1905 1052 1968 διά
1065 1906 1312 1994 φιλανθρωπίαν,

262 2017 373 2079 έπλασε
391 2015 423 2078 δέ
440 2019 543 2095 ἑαυτῷ
561 2019 660 2098 σάρκα
674 2018 705 2076 ἐκ
717 2026 772 2085 τῆς
785 2015 943 2098 παρθένου
962 2016 997 2099 (ή
1014 2020 1076 2101 γάρ
1093 2021 1184 2102 συρία
1198 2013 1312 2094 ᾠκοδό-

261 2147 355 2208 μησεν
369 2129 462 2208 ἑαυτή
481 2125 556 2186 οἷκον
569 2122 594 2208 1)
612 2127 655 2194 ὡς
672 2124 822 2207 κτίστης),
836 2128 887 2185 τὺν
905 2123 937 2186 δὲ
951 2129 1081 2209 σταυρὸν
1095 2129 1256 2206 ὑπήνεγκεν
1270 2124 1312 2193 ὡς

261 2239 344 2297 εἰκὼν
362 2240 554 2318 συγχωρήσει
570 2241 624 2294 τοὺ
640 2237 757 2318 πατρός
781 2231 858 2335 [Q
873 2232 893 2295 3
912 2209 1179 2300 &mama
1197 2228 1311 2295 scribe.

263 2341 295 2404 in
317 2341 366 2404 his
388 2339 473 2404 enim
495 2339 645 2404 nolebam
674 2339 849 2426 quidquam
872 2350 993 2404 mutare
1009 2339 1043 2402 in
1060 2338 1207 2420 editione,
1226 2338 1311 2425 quod

264 2449 446 2536 exemplum
460 2447 555 2535 plane
565 2447 695 2512 unicum
707 2448 890 2538 habebam],
899 2455 1048 2538 ἐρρύσατο
1061 2449 1092 2512 δέ
1105 2455 1154 2512 τὸν
1167 2448 1240 2512 λαὸν
1253 2453 1312 2513 ἀπὸ

264 2573 318 2630 τῆς
335 2559 598 2644 προσδοκηθείσης
620 2567 715 2644 οργής
737 2563 780 2631 ὡς
803 2564 973 2646 ἀρχιερεύς.
1003 2558 1190 2642 βαπτίζομεν
1215 2560 1265 2621 οὑν
1283 2563 1311 2620 ἐν

264 2677 306 2747 τῷ
324 2671 451 2750 ὀνόματι
467 2677 519 2730 τοῦ
537 2671 652 2750 πατρὸς
671 2672 729 2752 οὑχ
746 2669 789 2740 ὡς
806 2669 977 2753 ἀνθρώπου
994 2673 1166 2752 γενομένου,
1184 2667 1252 2730 οὑδὲ
1270 2673 1313 2738 ὡς

265 2778 435 2855 παθόντος,
454 2781 511 2860 οὑχ
529 2779 572 2847 ὡς
589 2777 757 2861 ἀρχιερέως
775 2782 865 2854 τινός,
884 2777 950 2839 ἀλλ’
971 2780 1014 2848 ὡς
1031 2776 1196 2854 αὑθέντου,
1225 2775 1312 2838 εὑδο-

264 2893 413 2957 κήσαντος
440 2891 493 2967 μέν
522 2892 551 2946 έν
576 2899 612 2966 τῇ
636 2892 765 2968 γενέσει,
797 2893 1059 2970 συγχωρήσαντος
1082 2884 1115 2947 δέ
1138 2891 1170 2947 τὸ
1194 2886 1312 2956 πάθος.

265 2991 429 3076 δεξαμένου
447 2992 479 3054 δὲ
495 2992 659 3080 πρεσβείαν
677 2998 855 3080 ἀρχιερέως.
873 3000 902 3056 έν
920 2995 952 3058 δὲ
969 3003 1011 3070 τῷ
1030 2998 1153 3076 ὀνόματι
1169 3001 1222 3055 τοὺ
1236 2997 1313 3071 υἱοῦ,

266 3107 323 3186 οὑχ
340 3105 383 3174 ὡς
399 3101 564 3179 αὑθίντου,
582 3105 640 3187 οὑχ
657 3105 700 3173 ὡς
718 3098 895 3185 δεξαμένου,
912 3105 970 3186 οὑχ
984 3107 1027 3174 ὡς
1040 3112 1314 3188 συγχωρήσαντος,

267 3209 330 3274 ἀλλ’
357 3211 401 3282 ὡς
424 3205 640 3293 ὑπομείναντος
662 3217 787 3295 γένεσιν,
814 3212 857 3282 ὡς
874 3215 1087 3296 ὑπενεγκὺντος
1103 3215 1246 3296 σταυρόν,
1272 3213 1314 3282 ὡς

267 3319 484 3391 άποθανὺντος
508 3327 557 3382 καί
580 3323 781 3392 ἀναστάντος.
807 3324 836 3381 ίν
861 3320 893 3382 δὲ
917 3328 960 3399 τῷ
984 3323 1108 3402 σ’νὺματι
1135 3331 1187 3381 τοὺ
1211 3341 1315 3405 παρα-

266 3429 372 3499 κλήτου
390 3431 456 3489 οὔτε
474 3430 514 3498 ὡς
533 3432 649 3513 πατρὸς
666 3432 733 3491 οὔτε
756 3431 798 3501 ὡς
823 3432 898 3506 υίοὺ,
924 3427 990 3491 ἀλλ’
1011 3430 1054 3499 ὡς
1070 3434 1228 3515 μάρτυρος
1251 3430 1313 3513 (ὡς

266 3541 295 3598 ἐν
312 3536 433 3617 εὑδοκίᾳ
449 3536 543 3620 θεοῦ)
561 3545 610 3598 καί
626 3551 682 3610 τῆς
698 3545 927 3623 συγχωρήσεως
943 3543 992 3598 καί
1008 3548 1063 3610 τῆς
1082 3539 1111 3598 έν
1129 3549 1220 3600 πᾶσιν
1237 3542 1314 3599 ὑπα-

266 3657 336 3715 κοής
363 3657 417 3706 τοὺ
442 3657 633 3729 μονογενοῦς.
659 3651 686 3709 οί
707 3648 756 3710 οὑν
779 3651 837 3729 οὑχ
861 3649 958 3718 οὑτως
982 3644 1185 3729 βαπτίζοντες
1207 3647 1250 3717 ὡς
1271 3653 1313 3728 μή

267 3754 379 3825 εἰδότες
401 3758 434 3816 τά
456 3760 619 3838 μυστήριον
637 3767 690 3826 τῆς
713 3754 871 3838 εὐσεβείας
893 3755 1183 3841 καθαιρείσθωσαν.
1213 3757 1228 3816 ὑ
1253 3759 1314 3838 γάρ

271 3864 367 3946 λέγων
391 3863 577 3925 πεπονθέναι
600 3867 649 3924 τὸν
671 3869 791 3950 πατέρα
813 3861 972 3949 βαρύτερα
993 3871 1054 3926 τῶν
1073 3861 1228 3926 Ἰουδαίων
1246 3862 1316 3924 ἀδι-

266 3983 325 4048 κεῖ,
349 3979 391 4051 τῷ
408 3979 525 4056 χριστῷ
542 3978 591 4032 καί
610 3975 659 4031 τὸν
676 3977 795 4055 πατέρα
814 3973 1046 4056 συμπροσηλών.
1079 3975 1094 4034 ὑ
1118 3969 1151 4034 δέ
1168 3974 1316 4056 άρνοὺμε-

266 4101 318 4152 νος
338 4085 388 4142 τδν
408 4087 506 4165 κὺριον
524 4076 562 4141 δι’
578 4085 662 4161 ἡμᾶς
679 4081 847 4165 ἄνθρωπον
872 4085 1029 4165 γενόμενον
1054 4086 1104 4141 καί
1119 4081 1316 4162 ὑπενεγκὺντα

268 4196 397 4275 σταυρὸν
414 4191 579 4273 θεομάχος
605 4193 666 4249 ίστί
689 4196 737 4251 καί
759 4190 900 4271 πολέμιος
923 4201 984 4250 τῶν
1001 4191 1109 4271 ἁγίων.
1134 4189 1148 4249 δ
1171 4196 1243 4270 γοῦν
1267 4191 1317 4247 τὸν

269 4300 461 4384 παράκλητον
485 4304 605 4381 πατέρα
627 4300 784 4380 ὀνομάζων
799 4297 825 4380 ²)
850 4301 947 4366 ήυίὺν
965 4301 1057 4370 ἄνους
1076 4301 1148 4358 ἐστί·
1172 4300 1220 4357 τὸν
1237 4299 1318 4362 ὑπη-

215 4549 231 4598 ¹)
247 4551 353 4590 proverb.
371 4552 393 4588 lx
410 4554 428 4588 1.
446 4573 468 4578 -
484 4549 500 4600 ²)
516 4553 553 4590 ulii
569 4551 671 4604 νομίζων.
