2994 4972
286 406 348 469 118
1304 399 1407 451 «το-τ

287 568 367 646 δον,
401 564 632 649 τοκογλύφον,
674 563 730 630 καὶ
771 563 896 641 παντὸς
930 566 1047 647 ε’τέρου
1082 569 1236 650 πονηροῦ
1273 563 1332 632 καὶ
1368 570 1410 650 τῆ

288 667 405 754 γνῶμη
432 671 493 733 τοῦ
517 670 602 732 θεοῦ
629 666 911 752 διαμαχομένους·
942 665 993 731 ότι
1020 667 1108 751 λέγει
1135 664 1155 752 ἡ
1182 665 1297 752 γραφῆ
1324 669 1408 752 βδε-

289 767 433 846 λνκτοῦς
454 764 540 834 εἶναι
563 773 580 809 *
600 766 691 851 παρὰ
714 772 787 856 θεῷ
810 768 938 845 πάντας
957 766 1036 845 τοῦς
1057 767 1241 846 τοιούτους.
1287 771 1325 834 οί
1344 767 1408 852 γὰρ

227 859 230 864 ’
288 870 378 956 παρά
408 875 425 912 *
456 869 619 936 τοιούτων
645 870 819 954 δεχόμενοι
847 869 904 936 καὶ
928 869 1109 954 τρέφοντες
1136 868 1240 954 χῆρας
1266 869 1325 936 καὶ
1351 869 1409 952 ὀρ

254 995 271 1046 5
288 970 419 1056 φανούς
436 968 627 1037 ὑπεύθυνοι
643 975 690 1057 τῶ
708 974 769 1036 τοῦ
786 975 872 1037 θεοῦ
891 975 1051 1059 κριτηρίμ
1065 973 1278 1058 γενήσονται,
1293 970 1409 1056 ῶσπερ

289 1073 346 1139 καλ
370 1071 531 1149 Ἀδωνίας
558 1070 576 1138 ὁ
604 1072 643 1139 ἐν
668 1084 740 1149 ταῖς
770 1075 956 1156 βασιλείαις
982 1072 1156 1158 προφήτης
1190 1073 1411 1157 παρακούσας

288 1177 375 1240 θεοῦ
404 1172 460 1240 καλ
493 1172 613 1259 φαγῶν
643 1173 746 1260 ἀρτον
777 1172 834 1240 καλ
865 1174 953 1240 πιαὶν
977 1174 1071 1258 ὕδωρ
1105 1176 1144 1242 ἐν
1176 1179 1224 1262 τῷ
1255 1175 1350 1263 τόπςο
1383 1165 1412 1262 φ’

290 1273 433 1342 ἀπεῖπεν
463 1273 556 1362 αύτῷ
584 1280 601 1318 *
630 1275 746 1359 κύριος
772 1273 829 1340 διά
863 1274 925 1360 τῆν
953 1281 1014 1341 τοῦ
1037 1273 1207 1362 Ἱεροβοάμ
1236 1273 1409 1360 ἀσέβειαν,

289 1375 346 1443 καὶ
360 1373 426 1444 ύπδ
439 1379 574 1456 λέοντος
587 1376 789 1462 ἀναιρεθείς.
834 1374 853 1442 ὁ
873 1377 938 1463 γάρ
958 1378 997 1444 ἐκ
1017 1378 1125 1444 κόπου
1145 1377 1412 1462 διακονούμενος

242 1499 273 1550 10
290 1477 390 1564 ἄρτος
411 1479 528 1564 χήραις
543 1481 674 1554 δίκαιος
686 1482 829 1562 μᾶλλον,
852 1474 917 1544 κάν
937 1470 960 1566 ῆ
981 1476 1108 1564 βραχύς
1130 1478 1186 1545 καὶ
1210 1476 1335 1562 ὀλίγος,
1354 1474 1411 1564 ῆό

291 1581 326 1660 ἐξ
347 1579 479 1658 ἀδικίας
500 1579 556 1646 καὶ
579 1585 819 1664 συκοφαντίας,
843 1575 909 1646 κάν
929 1571 952 1666 ᾖ
969 1579 1075 1657 πολύς
1094 1580 1151 1647 καλ
1168 1579 1408 1666 ἐξησκημένος·

289 1684 377 1766 λέγει
399 1681 464 1768 γάρ
484 1679 505 1767 ῆ
529 1678 643 1767 γραφῆ
659 1685 828 1766 Κρελσσον
851 1678 967 1765 ὀλίγον
989 1686 1035 1768 τῷ
1055 1685 1175 1769 δικαίῳ
1191 1679 1279 1764 ὑπὲρ
1302 1687 1410 1748 πλοῦ-

289 1809 350 1850 τον
371 1781 580 1869 ἁμαρτωλῶν
601 1782 720 1849 πολύν.
767 1786 798 1850 εί
818 1784 855 1848 δὲ
878 1783 934 1848 καλ
950 1783 984 1861 ἐξ
1000 1781 1134 1867 ἀσεβῶν
1150 1787 1309 1870 φαγοῦσα
1323 1785 1410 1868 χῆρα

291 1885 346 1952 καλ
369 1887 601 1970 έμπλησθείσα
624 1887 842 1966 προσεύξεται
863 1881 948 1969 ὑπὲρ
963 1883 1085 1960 αύτῶν,
1101 1883 1165 1950 ούιι
1181 1886 1410 1972 εἰσακουσθή-

243 2007 272 2056 15
291 2004 400 2052 σεται·
425 1985 476 2052 ότι
498 1984 516 2052 ὁ
537 1987 809 2072 καρδιογνώστης
827 1985 909 2063 θεὸς
937 1985 1020 2070 μετά
1040 1991 1182 2072 κρίσεως
1209 1984 1410 2071 ἀπεφήνατο

291 2086 368 2172 περὶ
393 2091 462 2152 τῶν
482 2086 615 2172 ἀσεβῶν
643 2089 751 2172 λέγων
767 2088 844 2154 Ἐάν
870 2092 932 2174 στῆ
955 2091 1083 2182 Μωσῆς
1113 2088 1170 2155 καί
1186 2087 1319 2170 Ἀαρῶν
1346 2091 1412 2172 πρὸ

291 2187 475 2274 προσῶπον
499 2213 566 2273 μου
590 2186 676 2274 ὑπὲρ
698 2188 822 2274 αύτῶν,
844 2188 906 2256 οὐκ
931 2189 1171 2273 είσακούσομαι
1193 2186 1324 2256 αὐτῶν·
1355 2191 1412 2256 καὶ

291 2287 334 2357 σύ
348 2288 392 2375 μῆ
410 2291 601 2375 προσεύχου
619 2293 774 2377 περὶτοῦ
790 2296 875 2358 λαοῦ
891 2289 1014 2358 τούτου
1029 2293 1046 2330 *
1061 2291 1118 2356 καὶ
1139 2289 1183 2376 μῆ
1199 2289 1296 2369 ἀξίου
1315 2291 1412 2375 ἐλεη-

290 2397 396 2478 θῆναι
418 2391 541 2471 αύτούς
569 2393 625 2460 καλ
647 2393 690 2478 μῆ
714 2395 905 2480 προσέλθης
927 2417 984 2478 μοι
1013 2392 1090 2477 περί
1112 2390 1236 2473 αὐτῶν,
1268 2391 1320 2456 ὅτι
1347 2391 1412 2458 οῦκ

240 2515 274 2564 20
292 2494 535 2579 είσακούσομαί
556 2513 630 2562 σον.
663 2524 666 2580 Ι
700 2494 741 2562 οῦ
768 2495 836 2580 μῆν
862 2497 898 2561 δὲ
926 2493 1013 2561 ἀλλά
1036 2495 1092 2560 καί
1118 2496 1156 2559 os
1174 2494 1213 2560 έν
1233 2491 1445 2578 ἀμαρτίαιςῖ

292 2596 466 2681 γενόμενοι
488 2596 545 2662 καλ
571 2595 615 2682 μῆ
642 2599 864 2681 μεταγνόντες
892 2595 934 2663 οῦ
961 2596 1068 2682 μόνον
1094 2593 1158 2662 ούιι
1182 2599 1412 2680 είσακουσθτΙ-

292 2714 409 2762 σονται
438 2699 719 2783 προσευχόμενοι,
749 2698 834 2766 ἀλλά
862 2699 919 2765 καλ
946 2695 1118 2766 τὸνθεόν
1146 2698 1412 2782 παροξυνοῦσιν,

290 2798 603 2885 ὑπομιμνήσκοντες
617 2799 722 2866 αὐτὸν
738 2805 796 2885 τῆς
818 2802 947 2867 ἑαυτῶν
961 2804 1158 2885 μοχθηρίας.
1191 2803 1413 2886 περιίστασθε

292 2891 356 2967 οῦν
378 2899 436 2978 τάς
457 2901 613 2978 τοιαύτας
627 2904 801 2978 διακονίας
816 2899 861 2978 ῶς
882 2901 1035 2986 ἄλλαγμα
1050 2900 1154 2978 κυνός
1173 2901 1230 2968 καὶ
1249 2905 1414 2986 μίσθωμα

240 3023 274 3074 25
293 3003 435 3090 πόρνης·
458 3003 598 3088 ἑκάτερα
619 3003 684 3088 γὰρ
706 3016 775 3080 τοῖς
795 3007 911 3087 νόμοις
929 3002 1167 3088 ἀπηγόρευται.
1212 3000 1287 3068 οὔτε
1310 3002 1378 3088 γὰρ
1396 3001 1415 3068 ὁ

288 3106 471 3183 Ἐλισσαῖος
490 3104 530 3171 τοὶ
548 3105 639 3192 παρὰ
655 3103 842 3190 τούἈζαῆλ
860 3106 1154 3191 προσκομισθέντα
1167 3105 1312 3187 ἐδέξατο,
1334 3103 1415 3170 αῦτε

359 3283 375 3330 2
394 3282 465 3332 Ρτον
486 3281 525 3341 17,
539 3281 589 3330 151
611 3281 615 3342 Ι
635 3279 652 3330 8
671 3281 730 3346 Reg
748 3295 764 3345 χ
784 3277 834 3343 181
853 3279 882 3330 12
902 3276 1295 3344 Ρεε1ω37,18118111ετεαι
1316 3277 1387 3338 15,1
1409 3277 1413 3344 Ι

363 3365 393 3415 17
412 3367 525 3415 Hierum
544 3366 568 3428 7,
591 3364 622 3415 16
636 3365 641 3428 Ι
656 3367 688 3414 24
709 3363 841 3425 Βοα123,
864 3363 894 3414 18

296 3517 307 3566 1
330 3510 426 3567 πάντα
449 3502 593 3568 όκτινόύν
617 3511 745 3584 πονηρὸν
761 3523 808 3582 yzt
833 3517 837 3580 Ι
861 3510 1112 3583 λδιαμαχομέναο
1130 3533 1167 3580 w,
1196 3509 1416 3582 διαμαχόμενον

292 3607 339 3666 γαί
354 3603 357 3666 Ι
373 3604 388 3652 ²
407 3593 450 3652 ὅτι
526 3593 623 3666 γραφῆ
642 3603 675 3664 >
694 3611 717 3652 w
733 3603 767 3666 Ι2
786 3591 830 3654 ότι
847 3597 922 3667 λέγει
941 3609 979 3664 xt,
999 3599 1129 3653 δείκνυσι
1142 3595 1175 3652 δὲ
1187 3618 1220 3667 yz
1236 3599 1241 3667 Ι
1255 3601 1311 3656 2.3
1329 3599 1415 3667 βδελ-

292 3678 412 3744 λυιιτοῦς
429 3702 453 3736 w
468 3683 473 3750 Ι
488 3685 504 3736 3
522 3679 596 3750 λέγει
616 3682 632 3752 ῆ
651 3682 749 3753 γραφῆ
767 3686 801 3753 -Ιι
819 3703 842 3736 w
858 3685 894 3753 13
911 3679 978 3747 τοῦς
996 3687 1029 3750 >
1047 3703 1063 3737 x
1079 3685 1083 3751 Ι
1098 3687 1115 3740 3
1132 3679 1187 3752 χάρ
1205 3695 1269 3752 th,
1287 3685 1364 3752 γοῦν
1380 3705 1415 3752 γε

295 3771 299 3832 Ι
325 3773 341 3821 4
359 3769 415 3821 τῶν
432 3768 465 3836 -Ι-
484 3775 495 3818 t
513 3767 518 3837 Ι
538 3771 554 3820 5
572 3770 707 3836 κριτηρίω
725 3771 775 3822 τοῦ
794 3771 868 3824 θεοῦ
885 3777 933 3836 γιλ
958 3771 962 3834 Ι
986 3763 1175 3830 θάδοκίαςτ
1196 3769 1200 3837 Ι
1220 3772 1236 3821 7
1255 3764 1355 3835 φαγόυ
1373 3789 1388 3821 ι
1408 3769 1414 3838 Ι

292 3843 479 3919 Ἱάτγταδιν
493 3852 497 3920 Ι
511 3851 610 3919 88-Ι-ε
626 3855 629 3920 Ι
644 3853 776 3920 θκα1>ε
791 3854 795 3923 Ι
810 3843 1163 3923 ῦλεόκτωντΙΙΟῆκάνα
1178 3856 1183 3920 Ι
1201 3842 1339 3922 1οᾔ>ιΙ
1356 3849 1416 3910 1οὁ

292 3941 326 4004 >
344 3946 355 3990 t
370 3939 374 4003 Ι
392 3939 421 3990 11
441 3933 529 4000 πολύς
547 3933 566 4006 ῆ
583 3958 607 3990 w
623 3941 627 4004 Ι
645 3941 673 3993 11
693 3932 885 4007 ἐξησκημένος
897 3945 961 4006 th,
979 3934 1069 4005 ἀδρός
1086 3959 1119 4006 yz
1139 3935 1165 4006 [ὸ
1179 3939 1204 4005 τ]
1220 3940 1225 4000 Ι
1240 3941 1273 3990 14
1289 3937 1417 4003 προσεύ-

294 4023 377 4090 ξηται
394 4042 412 4077 x
438 4023 443 4090 Ι
471 4024 503 4076 16
520 4025 634 4092 μαῦσῆς
651 4043 675 4076 w
695 4026 699 4088 Ι
723 4025 753 4076 18
770 4017 869 4090 αἀράν
887 4043 942 4088 wx,
966 4019 1095 4092 σαμουῆλ
1112 4026 1184 4089 yztl
1212 4024 1244 4076 18
1261 4017 1296 4077 αδ
1314 4026 1349 4090 >
1369 4043 1385 4076 τ
1412 4032 1415 4085 Ι

294 4109 326 4160 18
344 4107 409 4174 περλ
428 4127 477 4168 wx,
496 4100 569 4173 ὑπὲρ
587 4115 634 4174 χαλ
654 4112 658 4175 Ι
679 4111 711 4162 18
733 4103 837 4162 τοῦτον
900 4103 1059 4176 ἐλεηθῆναι
1075 4110 1141 4175 >τ
1169 4109 1173 4172 Ι
1201 4108 1232 4159 18
1250 4103 1322 4173 πρὸς
1341 4105 1420 4172 1ερε·

292 4194 364 4257 μίαν
382 4191 454 4260 φησὶ
472 4186 487 4245 ό
506 4190 576 4254 θεὸς
592 4195 656 4262 -Ι-γ
673 4199 678 4254 Ι
696 4195 726 4245 18
744 4189 921 4262 καΙμῆιττί,
940 4190 1059 4264 μῆδὲγυ
1075 4197 1080 4258 Ι
1098 4189 1318 4261 19ιια1μῆινι1,
1338 4192 1418 4262 μηδὲ

293 4295 325 4345 yz
342 4279 346 4348 Ι
363 4279 395 4332 19
412 4273 445 4332 ὅτ
461 4297 479 4344 y
494 4280 498 4344 Ι
514 4279 548 4330 20
565 4295 610 4332 τοι
628 4299 645 4332 x
661 4281 665 4344 Ι
680 4281 713 4332 20
731 4277 765 4332 ον’
783 4274 841 4346 μὴν
860 4275 892 4332 σε
909 4281 943 4344 >
961 4279 997 4346 τΙ
1017 4281 1051 4333 23
1068 4271 1335 4347 ότομνῆταοντιςτ
1357 4283 1363 4350 Ι
1384 4284 1419 4334 ’ὶό

294 4357 348 4432 γὰρ
367 4369 430 4428 th,
450 4351 503 4417 οῦν
520 4381 553 4435 yz
570 4363 621 4430 125
640 4357 655 4416 ὁ
672 4365 707 4432 >
724 4372 771 4432 yzt
786 4366 790 4432 Ι
805 4365 839 4416 26
857 4360 1034 4434 κομισθέντα
1051 4372 1063 4420 t
