2994 4972
275 397 335 460 108
1253 407 1270 456 γ
1289 389 1396 444 11-15

271 554 357 642 ὑπὲρ
377 557 439 623 τοῦ
459 556 662 638 δεδωκότος,
688 555 779 634 ὅστις
799 555 873 622 ποτ’
896 552 941 622 άν
961 547 1001 643 ή,
1024 555 1122 641 ἅγιον
1142 557 1397 642 θυσιαστήριον

269 663 356 726 θεοῦ
385 656 601 743 ὑπάρχουσα,
631 657 688 725 καὶ
715 656 734 724 ὁ
761 657 871 745 πατήρ
899 656 917 724 ὁ
941 661 1077 744 βλέπων
1106 659 1145 725 ἐν
1176 659 1222 747 τῷ
1249 664 1397 746 κρυπτῷ

269 759 438 828 άποῦιάσει
460 765 507 847 τῷ
529 755 746 846 εῦποιήσαντι
766 761 805 827 έν
826 765 874 848 τῷ
895 765 1044 848 φανερῷ.
1080 759 1157 826 ἀλλ’
1181 761 1220 826 αἰ
1236 760 1280 846 μή
1305 759 1449 843 κατ’ρω

272 863 414 950 έντολήυ
433 866 519 929 θεοῦ
533 865 591 948 ζῆν
613 864 776 928 θέλουσαι
795 866 895 948 χῆραι
911 865 1129 946 φροντίζουσι
1148 867 1398 949 φιλοπευστετν

237 963 362 1052 ὅτίςή
389 965 659 1049 θιακονησαμένη
684 963 740 1030 καί
765 967 853 1042 τίνες
880 965 919 1029 αλ
938 967 1118 1048 λαβοῦσαι,
1147 964 1205 1030 καί
1230 968 1398 1048 μαθοῦσα

273 1067 492 1152 ἐπιμέμφεται
516 1070 558 1150 τῇ
579 1065 850 1152 ῦιακονησάμενη
878 1065 1022 1150 λέγουσα
1050 1064 1101 1132 ὅτι
1118 1063 1180 1132 οῦκ
1200 1063 1310 1152 ᾔδεις,
1341 1065 1399 1131 ὅτι

273 1169 339 1253 ἐγώ
355 1185 408 1234 σοι
429 1168 559 1253 μᾶλλον
583 1167 745 1252 έγγυτέρα
761 1165 841 1254 παρ’
865 1167 1001 1252 ἐκείνην
1022 1163 1175 1251 ὑπῆρχον
1189 1167 1398 1252 καὶμᾶλλον

272 1268 352 1354 παρ’
377 1270 512 1355 ἐκείνην
528 1270 731 1354 θλιβομένη;
754 1276 787 1335 τί
807 1257 870 1334 οῦν
892 1273 1115 1354 προετίμησας
1132 1267 1268 1354 ἐκείνην
1289 1269 1397 1354 έμοῦ;

272 1377 377 1439 ταῦτα
403 1372 441 1438 δὲ
462 1373 551 1456 λέγει
573 1369 694 1456 ἄφρεον
715 1367 929 1456 ὑπάρχουσα,
953 1367 995 1436 οῦ
1015 1375 1143 1436 νοοῦσα
1170 1370 1221 1438 ὅτι
1242 1369 1307 1437 οῦκ
1329 1371 1399 1437 άν-

223 1499 255 1552 10
271 1473 415 1557 θριάπου
429 1475 569 1559 γέγονεν
579 1475 678 1538 τοῦτο
692 1473 835 1556 θέλημα,
852 1470 938 1536 ἀλλὰ
952 1472 1038 1539 θεοῦ
1055 1472 1260 1558 πρόσταγμα.
1286 1475 1320 1538 εἰ
1326 1471 1399 1556 γάρ

272 1589 438 1664 μαρτυρεῖ
456 1574 557 1661 αῦτη,
578 1573 628 1640 ὅτι
650 1573 817 1660 ἐγγυτέρω
837 1571 966 1658 ὑπῆρχε
988 1573 1045 1639 καί
1063 1573 1102 1640 έν
1122 1577 1253 1640 πλείονι
1275 1573 1400 1661 ένῦεία

273 1678 445 1764 ἐξητάζετο
460 1677 657 1762 καὶμᾶλλον
671 1672 755 1760 αὐτή
772 1675 883 1760 γυμνή
901 1672 924 1760 ή
941 1675 1065 1760 ἐκείνη,
1081 1673 1209 1760 ὀφείλει
1222 1687 1318 1742 νοεῖν
1331 1674 1400 1741 τὸν

273 1780 516 1864 διαταξάμενον
538 1779 595 1846 καί
616 1777 850 1864 άποσιγήσασα
872 1776 928 1842 καὶ
945 1776 990 1862 μή
1012 1778 1209 1863 μεμψαμένη
1231 1777 1293 1862 τήν
1315 1779 1398 1842 θια-

273 1882 468 1966 κονήσασαν
493 1883 695 1947 εἰσελθοῦσα
718 1882 765 1957 εἰς
791 1875 886 1944 οἰκον
908 1878 1028 1964 ἑαυτῆς
1049 1877 1105 1944 καί
1132 1877 1188 1945 ἐπὶ
1209 1879 1400 1964 πρόσωπον

223 2006 255 2057 ιο
274 1982 397 2066 ἑαυτήν
418 1986 570 2063 βαλοῦσα
593 1985 759 2048 ἱκετεῦσαι
780 1983 798 2022 *
818 1979 903 2047 θεὸν
921 1979 1094 2066 άφεθήναι
1115 1973 1201 2066 αῦτῇ
1221 1978 1260 2046 τὸ
1281 1984 1399 2064 πλημ-

273 2085 412 2170 μέλημα.
444 2081 545 2170 ὁγὰρ
566 2082 647 2160 θεὸς
663 2083 851 2149 ἐνετείλατο
873 2082 914 2168 τῇ
936 2079 1119 2168 εῦποιοῦση
1137 2082 1181 2166 μή
1204 2082 1400 2166 τραγαθεῑν

273 2183 335 2268 τήν
363 2182 534 2270 εὐποιΐαν,
563 2182 583 2271 ή
611 2186 649 2251 δὲ
673 2183 838 2270 ἐμέμφετο
866 2183 917 2250 ὅτι
942 2183 987 2269 μή
1020 2184 1185 2270 ἐκήρυξεν
1213 2183 1333 2268 έαυτής
1357 2183 1400 2249 τῦ

273 2285 395 2371 ὄνομα,
426 2289 483 2354 ἵνα
508 2285 563 2354 καί
589 2285 672 2373 αὐτή
701 2290 860 2371 μαθοῦσα
889 2286 1000 2372 θράμη
1024 2288 1071 2362 εἰς
1098 2284 1136 2351 τὸ
1158 2288 1291 2369 λαβεῖν·
1334 2285 1400 2352 καὶ

275 2387 316 2455 οῦ
342 2388 449 2473 μόνον
477 2390 642 2476 ἐμέμφετο
663 2387 750 2454 άλλά
775 2411 812 2472 γε
840 2387 896 2453 καί
925 2387 1092 2472 κατηρᾶτο
1119 2385 1206 2472 αὐτῇ
1228 2386 1399 2452 ἐπιλαθο-

222 2513 257 2564 20
273 2494 356 2576 μένη
378 2516 439 2557 του
426 2492 611 2569 εἰπόντος
635 2490 670 2557 Ὁ
697 2489 848 2574 εὐλογῶν
865 2509 902 2556 σε
924 2487 1100 2574 εῦλόγηται
1122 2488 1179 2555 καὶ
1200 2485 1219 2554 ὁ
1237 2489 1399 2572 καταροῦ-

273 2595 374 2700 μεηός
396 2610 433 2659 σε
455 2593 687 2677 κεκατήραται.
730 2595 818 2676 λέγει
840 2588 915 2658 δὲ’
900 2616 919 2657 ο
940 2591 1057 2674 κύριος
1070 2589 1174 2656 Ὅταν
1195 2591 1400 2714 εἰσέρχησθε

274 2675 339 2770 εἰς
342 2690 482 2776 οἶκον*,
506 2695 616 2778 λέγετε
634 2695 816 2781 Εἰρήνη
785 2694 832 2758 τῦ
852 2699 935 2781 οἰκφ
954 2693 1070 2780 τούτῳ.
1116 2691 1172 2758 καὶ
1192 2683 1298 2759 ἐάν
1276 2717 1298 2779 η
1321 2693 1400 2758 έκεῑ

274 2794 347 2872 υίὸς
379 2792 581 2882 εἰρήνης,
560 2821 581 2880 η
613 2793 782 2924 εἰρήνη*
763 2799 858 2880 υμῦν
894 2758 1166 2861 ἐπαναπαήσεται
1194 2791 1249 2860 ἐπ’
1271 2791 1398 2859 αὐτόν·

275 2897 392 2964 έάυῦὲ
414 2895 459 2982 μή
481 2887 503 2983 ή
525 2893 680 2977 ἄξιος,
659 2922 681 2982 η
704 2897 819 2983 εἰρήνη
840 2893 937 2982 ῦμων
959 2895 1043 2982 πρὸς
1064 2892 1151 2981 ῦμάς
1176 2895 1396 2981 ἀναστρέψει.

223 3003 281 3086 251
305 3002 336 3066 εἰ
361 2989 425 3066 οῦν
445 2997 465 3085 ή
489 2999 604 3085 εἰρήνη
631 2998 686 3066 ἐπὶ
711 2996 789 3076 τοῦς
810 3002 1004 3084 πέμψαντας
1024 2997 1132 3082 αῦτήν
1153 2996 1207 3064 ἐπ’
1239 2996 1449 3074 έκείνους15

274 3103 378 3170 πάλιν
402 3103 593 3188 ἐπιστρέφει
616 3100 673 3168 έπλ
696 3099 774 3179 τοῦς
796 3102 1052 3187 προηκαμένους
1075 3092 1182 3185 αὐτήν
1208 3097 1265 3164 διά
1288 3097 1326 3165 τὸ
1348 3099 1398 3184 μή
1417 3130 1449 3175 2,

341 3275 375 3326 ιο
392 3277 463 3328 num
481 3277 523 3338 ει,
542 3273 577 3342 οι
593 3275 624 3326 21
645 3277 704 3327 ιιι
724 3274 763 3337 ιο,
782 3275 807 3328 ο.
825 3273 843 3325 ο

276 3430 288 3479 1
308 3418 374 3480 ποτ’
391 3429 426 3492 >
442 3445 467 3478 w
481 3425 486 3494 1
504 3429 516 3478 1
535 3413 555 3495 ή
572 3433 645 3494 ιγτλ,
664 3421 725 3481 εἶτα
742 3427 779 3490 12
796 3427 871 3481 θεοῦ
888 3443 974 3492 wxyz,
995 3424 1112 3493 χριστοῦ
1128 3424 1190 3492 113
1208 3413 1242 3478 εῦ
1260 3425 1399 3478 ποιοῦντι

275 3511 337 3578 114
355 3514 415 3575 ζεῖν
432 3530 449 3565 x
469 3513 474 3575 Ι
497 3514 514 3562 4
532 3512 734 3577 φροντίζουσιν
751 3532 768 3565 x
788 3515 792 3578 1
813 3515 829 3563 4
852 3513 1060 3564 πολυπευστεῑν
1076 3515 1124 3575 yzt
1143 3512 1148 3574 1
1167 3510 1186 3562 8
1202 3499 1246 3563 ὅτι
1263 3513 1298 3576 >
1314 3519 1366 3577 yzt
1393 3517 1395 3527 '

273 3597 291 3648 8
309 3595 397 3656 εἰθεις
416 3598 476 3656 wZ,
502 3594 568 3663 ἰδης
586 3604 598 3647 t
624 3601 629 3657 Ι
655 3600 670 3647 7
694 3591 845 3666 έχγῦτερον
862 3614 899 3655 w.
922 3589 1060 3662 έγγυτέρα
1084 3602 1149 3648 anto
1171 3587 1304 3662 ῦκήρχον
1326 3613 1364 3660 yz
1393 3599 1397 3662 1

274 3684 289 3731 7
308 3674 445 3748 έγγυτέρα
510 3681 620 3748 μάλλον
636 3683 670 3747 >
688 3689 700 3735 t
719 3681 724 3750 1
742 3684 759 3734 8
776 3681 807 3734 τί
821 3698 913 3747 σεχτ,
932 3672 975 3732 ῦτι
993 3687 1005 3732 t
1020 3679 1056 3746 18
1074 3673 1146 3747 έμοῦ
1162 3685 1223 3746 yzt,
1246 3674 1320 3745 ὑπὲρ
1343 3675 1399 3748 ἐμὲ

275 3786 307 3830 w,
327 3760 382 3832 πρὸ
402 3757 472 3833 έμοῦ
489 3783 506 3816 x
521 3765 557 3830 13
576 3761 608 3820 δὲ
625 3768 659 3832 >
677 3787 693 3820 x
709 3767 714 3834 1
730 3769 763 3820 10
780 3763 878 3835 γέγονε
897 3785 921 3816 w
937 3767 941 3826 1
959 3765 990 3817 10
1007 3760 1125 3832 γέγονεν
1137 3770 1200 3832 post
1217 3760 1333 3831 θέλημα
1347 3772 1400 3831 yzt

277 3852 281 3920 1
303 3852 331 3902 ll
348 3843 502 3918 έγγυτέρος
514 3869 536 3901 w
551 3850 556 3920 1
574 3852 603 3903 ll
614 3845 743 3919 ῦπήρχεν
754 3871 771 3904 x
786 3858 790 3914 Ι
808 3854 838 3903 12
852 3844 1003 3916 ἐξετάζοιτο
1015 3868 1039 3901 w
1054 3851 1059 3914 1
1076 3849 1107 3902 12
1119 3839 1193 3915 αῦτη
1205 3867 1238 3916 yz
1254 3853 1259 3909 Ι
1276 3849 1309 3900 13
1320 3840 1398 3902 α’ττσ

274 3935 433 4004 σιγήσαντα
450 3934 492 4002 w!
514 3936 545 3988 13
562 3931 602 4004 μή
620 3955 644 3988 w
663 3937 669 4005 1
690 3939 721 3990 13
738 3933 911 4003 πεμψαμένο
930 3937 978 3998 W,
1001 3929 1193 4002 πεμψαμένον
1210 3951 1234 3985 w
1254 3933 1398 3998 115βα1-

275 4022 364 4075 λοῦσαι
381 4039 406 4072 w
420 4019 426 4090 1
444 4022 473 4073 15
486 4015 536 4073 τὸν
552 4021 588 4087 -1·
604 4023 635 4086 11
653 4022 683 4071 17
702 4015 836 4088 έκήρεξεν
848 4037 871 4071 ιι
887 4019 892 4088 1
910 4021 939 4070 17
953 4012 1042 4088 αῦτής
1053 4027 1100 4085 yzt
1115 4018 1120 4087 1
1137 4018 1169 4070 18
1180 4015 1230 4072 καλ
1241 4021 1317 4085 prius
1329 4019 1368 4082 >
1381 4039 1400 4071 x

276 4107 281 4172 1
303 4107 334 4158 18
352 4097 424 4174 αῦτη
443 4127 459 4160 x
475 4106 480 4176 1
499 4109 529 4160 18
547 4099 650 4174 δράμει
668 4111 705 4166 xl
722 4105 754 4156 19
771 4101 861 4173 αῦτής
879 4097 1118 4172 ιτ12οεῦλάγητε
1135 4122 1152 4155 x
1167 4101 1218 4171 121
1237 4099 1288 4155 καλ
1305 4098 1398 4171 κατή-

275 4209 360 4256 ραται
378 4211 395 4243 x
416 4189 464 4258 121
486 4187 662 4258 εἰσέρχεισθε
680 4208 704 4240 w
719 4189 724 4257 1
739 4193 772 4241 22
790 4185 888 4242 οἰκίαν
905 4207 938 4256 χι
955 4191 1007 4256 122
1026 4182 1103 4250 τινὸς
1116 4187 1149 4255 -1-
1160 4205 1194 4256 yz
1209 4189 1214 4251 Ι
1229 4191 1263 4239 22
1280 4183 1398 4252 1έγεται

276 4293 298 4326 w
318 4276 371 4342 122
389 4265 407 4344 ή
425 4285 498 4343 αχτι,
518 4269 547 4328 εἰ
564 4293 587 4326 w
607 4274 611 4342 1
630 4276 664 4324 24
681 4261 700 4341 ή
717 4281 790 4339 xyzt,
809 4268 839 4326 ελ
855 4292 879 4326 w
894 4273 898 4342 !
913 4277 946 4326 21
965 4267 1129 4339 ἐπιστρέψει
1147 4278 1195 4338 χιιι
1213 4273 1217 4334 Ι
1237 4273 1270 4323 25
1287 4263 1306 4337 ἡ
1324 4272 1363 4335 >
1384 4290 1398 4324 z

277 4361 281 4422 1
301 4363 334 4412 25
352 4355 400 4414 έπλ
473 4355 601 4419 έκείκους
618 4350 1069 4426 >ρτ125προήχκαμέκουςνη
1088 4350 1324 4424 προσηκαμέυονς
1343 4373 1362 4406 x
