3160 4976
133 377 181 450 54

127 561 204 638 μήτε
236 559 289 627 την
320 558 475 632 ἐκκλησίαν
508 558 575 623 ου’δί
606 559 767 645 βαπτίζειν
791 567 834 640 τῷ
857 573 913 634 τῆς
935 560 1094 635 ἐκκλησίας
1127 559 1323 649 βαπτίσματι

128 661 284 728 δύνανται.

87 793 110 833 τι
126 772 342 847 Σεκουνδιανός
367 777 428 838 ἀπό
450 771 588 860 Θάμβης
611 775 701 840 εἶπεν·
733 776 818 839 Οὐκ*
841 778 995 864 ὀφείλομεν
1012 787 1083 852 τοὺς
1101 784 1267 867 αίρετικοὺς
1282 795 1321 863 τῇ

124 886 261 969 ἡμετέρᾳ
285 882 448 970 φιλονεικίᾳ
470 883 648 969 ἐνεδρεύειν,
675 887 724 946 ἵνα
741 888 769 947 οἱ
784 887 813 946 ἐν
831 897 867 967 τῇ
885 886 1025 968 ἐκκλησίᾳ
1041 899 1094 953 τοῦ
1110 895 1213 974 κυρίου
1228 894 1318 971 ἡμῶν

128 991 231 1060 Ἰησοῦ
254 1001 381 1075 χριστοῦ
399 990 628 1075 βαπτισθέντες
642 998 692 1053 καί
709 991 761 1055 διὰ
778 1003 868 1057 τοῦτο
884 1001 938 1065 τὴν
955 997 1063 1081 ἄφεσιν
1080 1007 1141 1060 τῶν
1158 999 1320 1082 ἁμαρτιῶν
1353 1017 1369 1054 ο

123 1095 291 1182 λαβόντες,
318 1101 431 1161 ὁπόταν
447 1104 465 1172 η
482 1104 583 1185 ἡμέρα
601 1112 656 1180 τῆς
672 1109 799 1186 κρίσεως
815 1101 912 1184 ἔλθη,
929 1107 1015 1185 ἡμᾶς
1032 1108 1249 1182 αίτιάσωνται,
1275 1109 1319 1168 ὅτι

124 1205 162 1267 δι’
185 1211 270 1290 ἡμᾶς
295 1211 347 1270 οὐκ
369 1206 609 1292 ἐβαπτίσθησαν
633 1206 702 1271 οὐδὲ
724 1215 777 1280 τὴν
801 1211 910 1297 ἄφεσιν
934 1222 995 1273 τῶν
1014 1211 1174 1297 ἁμαρτιῶν
1191 1210 1317 1294 ἐλαβεν.

125 1297 164 1376 6'1’
181 1319 253 1399 ὅπερ
275 1325 350 1397 μιᾶς
377 1319 471 1388 οὔσης
493 1329 547 1387 της
564 1315 722 1388 ἐκκλησίας
738 1323 788 1379 καί
804 1321 868 1389 ἑνός
891 1317 1126 1401 βαπτίσματος,
1151 1325 1224 1384 ὅταν
1240 1327 1318 1406 πρός

121 1427 207 1504 ἡμᾶς
216 1423 345 1504 ἔλθωσι,
358 1429 437 1508 μετὰ
450 1436 506 1496 της
518 1423 676 1496 ἐκκλησίας
687 1431 797 1487 καίτοι)
811 1423 1030 1510 βαπτίσματος
1040 1429 1191 1516 ὀφείλουσι
1204 1441 1315 1513 τυχεῖν.

60 1549 104 1590 πει
121 1530 273 1614 Αὐρήλιος
286 1535 346 1594 ἀπό
360 1531 524 1616 Χολλαβήν
536 1531 626 1595 εἶπεν·
647 1534 797 1605 Ἰωάννης
809 1535 824 1596 ό
839 1529 1007 1607 ἀπόστολος
1021 1539 1051 1598 ἐν
1064 1537 1204 1618 ἐπιστολῇ
1222 1541 1317 1600 αὐτοῦ
1338 1559 1365 1596 ιο

122 1639 232 1701 εἶπεν*
248 1646 276 1703 εί
289 1663 333 1714 τις
347 1646 470 1726 ἐρχεται
488 1646 564 1727 πρός
580 1645 664 1723 ὑμᾶς
678 1649 729 1704 καί
744 1648 798 1712 τὴν
816 1640 990 1726 διδαχὴν“
1007 1655 1059 1707 τοῦ
1075 1645 1153 1708 θεοῦ
1170 1649 1204 1708 οό
1221 1651 1316 1732 φόρει,

121 1753 164 1829 μὴ
181 1746 357 1830 λαμβάνετε
382 1752 472 1812 αὐτόν
498 1753 541 1821 είς
564 1753 657 1813 οίκίαν
679 1757 730 1812 καί
751 1757 869 1835 χαίρειν
886 1754 971 1832 αὐτῷ
987 1759 1030 1834 μὴ
1047 1751 1159 1838 λέφετε.
1184 1754 1312 1837 όλίχων

123 1859 207 1935 αὐτῷ
229 1864 347 1941 χαίρειν
369 1867 504 1922 κοινωνεῖ
523 1868 587 1929 τοῖς
608 1859 708 1943 ἔργοις
726 1860 820 1924 αὐτοῦ
837 1869 900 1931 τοῖς
916 1872 1070 1946 πονηροῖς.
1089 1873 1157 1934 πῶς
1169 1863 1220 1925 οὖν
1234 1861 1314 1924 οὗτοι

122 1964 323 2048 είσότχθῆναι
343 1969 386 2036 τίς
404 1969 496 2029 υίκίαν
509 1975 563 2026 τοῦ
580 1966 659 2031 θεοῦ
670 1964 827 2046 δύνανται,
845 1970 933 2030 οίιιαί
950 1967 1100 2040 ἰδιωτικὴν
1116 1975 1204 2051 ἡμῶν
1222 1974 1316 2033 οἰκίαν

121 2070 268 2134 εἰσελθεῖν
281 2072 478 2142 κεκώλυνταις
490 2078 509 2144 ἢ
523 2084 591 2145 πῶς
601 2076 706 2145 αὐτοῖς
718 2081 816 2159 χωρίς
829 2086 882 2137 του
896 2087 951 2147 τῆς
961 2076 1119 2150 ἐκκλησίας
1132 2075 1314 2161 βαπτίσμα-
1337 2097 1365 2136 ιο

119 2199 174 2250 τος
186 2192 366 2251 κοινωνῆσαι
377 2180 554 2263 δυνάμεθα,
564 2185 591 2243 εί
600 2187 642 2262 μὴ
652 2191 716 2254 τοῖς
724 2193 869 2266 πονηροῖς
881 2187 982 2248 αὐτῶν
992 2189 1316 2273 ἐρχοιςκοινωνοῡμτνς

59 2283 103 2366 πβ
119 2288 236 2360 Μίητος
264 2291 325 2352 ἀπό
353 2288 492 2372 Γεμελοῖν
517 2290 612 2352 εἶπεν·
639 2291 762 2379 Τυφλός
789 2291 901 2378 τυφλόν
929 2295 982 2356 ἐὰν
1005 2292 1121 2378 ὁδηγῇ,
1147 2298 1315 2381 ἀμφότεροι

118 2398 162 2467 τίς
178 2393 315 2478 βόθυνον
332 2397 564 2480 ἐμπίπτουσιν*
581 2399 711 2461 όπότε”Ι
729 2401 779 2463 οὖν
797 2405 896 2488 σαφές
914 2403 976 2464 ἐστι
993 2407 1035 2483 μὴ
1054 2400 1211 2464 δύνασθαι
1230 2405 1315 2489 αἱρε-

118 2509 197 2567 τικόν
222 2528 291 2568 τινα
316 2514 463 2593 φωτίσαι,
491 2509 546 2569 ἅτε
568 2505 606 2577 δὴ
630 2508 745 2595 τυφλοῦ
770 2512 864 2571 αὐτοῦ
894 2511 995 2588 ὄντος,
1027 2519 1089 2572 τῶν
1112 2517 1256 2573 τοιούτων
1280 2517 1314 2574 τό

117 2612 284 2697 βοίιιτισμα
300 2614 386 2678 οὐδέν
404 2619 495 2676 ἐστιν.
1109 2647 1112 2656 2
1334 2639 1364 2678 κο

59 2741 101 2801 πχ
117 2721 268 2794 Νατόλιος
285 2726 346 2786 ἀπό
360 2722 439 2794 Οίας
455 2719 584 2809 εἶπε[ν]·
603 2725 701 2810 Κάγὼ
718 2729 826 2809 παρὼν
844 2731 895 2786 καί
906 2726 1045 2806 Πόμπιος
1063 2728 1125 2788 ἀπό
1138 2724 1314 2812 Σαβρείτων

117 2837 167 2892 καί
183 2834 300 2914 Δίοχας
323 2833 384 2893 σἰπό
402 2832 640 2915 Λεπτιμοίχνης,
666 2835 739 2918 ὅπερ
763 2837 813 2896 καί
836 2832 1019 2896 ἐνετείλαντό
1042 2856 1093 2917 μοι
1116 2838 1237 2918 σώματι
1259 2841 1314 2917 μὲν

117 2942 265 3015 ἀπόντες,
290 2947 333 3019 τῷ
351 2937 384 3000 δέ
400 2943 547 3021 πνεύματι
570 2945 737 3025 παρόντες,
763 2946 900 3025 κρίνομεν
927 2947 998 3027 όπερ
1026 2949 1076 3006 καί
1107 2943 1209 3007 πολλοί
1241 2965 1314 3006 συν-

116 3053 267 3110 επίσκοποι
285 3052 388 3129 ἡμῶν,
418 3053 491 3120 τοὺς
513 3051 679 3134 αίρετικοὺς
696 3060 845 3112 κοινωνεῖν
863 3055 934 3132 ημῖν
950 3057 993 3133 μὴ
1011 3048 1183 3132 δύνασθαι,
1201 3055 1254 3114 ἐοὶν
1271 3059 1314 3135 μὴ

117 3153 192 3240 παρ’
207 3161 278 3238 ἡμῖν
296 3153 530 3240 βαπτισθῶσιν.
1333 3179 1361 3219 κε

58 3257 102 3322 πελ
119 3263 245 3334 ’ίοόνιος
263 3263 323 3324 ἀπό
341 3263 526 3336 Νεαπόλεως
549 3265 645 3328 εἶπεν·
674 3265 747 3328 Ἀπ’
764 3269 874 3328 ἐκείνου
899 3263 967 3352 [οὗ]
993 3263 1081 3341 ἅπαξ
1100 3265 1256 3353 ἐκρίναμεν
1280 3273 1314 3332 οό

116 3373 322 3458 χωρίζομαι,“
347 3375 396 3434 ίνα
420 3380 493 3445 τοὺς
518 3377 684 3460 αἱρετικοιλς
707 3381 777 3446 τοὺς
801 3380 988 3459 ἐρχομένους
1016 3379 1059 3448 είς
1082 3382 1135 3447 τὴν
1156 3376 1313 3449 ἐκκλησίαν

118 3481 331 3566 βαπτίζωμεν.

36 3583 99 3676 [πε]
116 3591 291 3673 Κυπριανός
310 3587 371 3648 ἀπό
388 3585 593 3672 Καρχηδόνος
608 3588 698 3651 εἶπεν·
717 3593 779 3660 Τὴν
798 3592 872 3671 ἐμίιν
890 3569 1046 3676 ἀπόφασιν
1063 3589 1234 3675 ὁλοκλήρως
1251 3589 1313 3653 δεί-

116 3715 216 3760 κνυσιν
239 3695 378 3766 ἐπιστολὴ
403 3699 481 3780 πρός
511 3695 663 3780 ’λοβιανόν
694 3704 910 3761 συντπίσκοπον
933 3704 1020 3782 ἡμῶν
1042 3709 1217 3785 γραφεῖσα,
1243 3705 1315 3771 τοὺς
1333 3719 1361 3760 νο

198 3871 358 3928 vobem
378 3875 402 3914 Ρ.
419 3895 445 3904 -
465 3875 479 3914 ί
497 3871 519 3913 ἐν
533 3885 559 3914 ιν
574 3875 598 3922 Ρ,
624 3876 692 3916 habet
715 3876 733 3914 Ρ
756 3877 779 3916 in
803 3879 893 3917 οττείίε.
915 3896 942 3906 -·
964 3879 977 3918 ό
1000 3873 1031 3930 μὴ
1056 3871 1210 3928 βτπτισθέντισ
1230 3875 1271 3926 Pg.
1287 3897 1314 3906 —

117 3949 162 3990 ό.ό
177 3946 375 4000 κείιελαβόντεςιν
385 3947 410 3986 Ρ.
428 3948 497 3988 verbu
511 3949 671 3997 φτεινιετιιιίεεε
684 3949 707 3987 ln
717 3949 735 3986 Ρ
744 3947 812 3988 habet
827 3959 848 4000 ς,
865 3947 905 3989 nod
920 3946 951 4002 μὴ
966 3945 1069 3998 λαβόντες
1083 3949 1172 3990 scribit.
1184 3967 1210 3978 -
1220 3951 1233 3990 ό
1242 3947 1313 3989 νότιό-

116 4030 188 4060 εονται
203 4021 233 4059 Μ.
249 4039 276 4050 -
291 4023 304 4060 9
318 4021 392 4075 τυχεῖν
408 4018 534 4075 όφιίλουτιν
549 4022 574 4060 Ρ.
585 4039 612 4049 -
628 4023 653 4060 1⁰
667 4017 784 4074 Χυλλαβῆς
793 4022 819 4060 Ρ.
831 4039 858 4050 -
868 4023 892 4060 11
905 4017 969 4074 *ἐφη
983 4021 1009 4060 Ρ.
1020 4039 1047 4050 -·
1061 4022 1159 4064 Johm.
1177 4021 1264 4071 11110,
1277 4023 1310 4060 11.

116 4114 143 4122 -
154 4089 297 4148 Ῥόιεόοχὴν
312 4095 337 4142 Ρ,
354 4093 393 4134 uod
408 4104 423 4142 ς
437 4097 459 4134 εί
472 4093 490 4133 Ρ
505 4095 528 4134 ln
543 4093 683 4133 σπκέίιι-λί.
699 4107 726 4122 -·
741 4095 766 4133 ίίί
781 4102 836 4133 κοιν.
852 4093 900 4136 τοῖς
914 4091 987 4149 λόχοις
1002 4091 1068 4134 εότοῦ
1082 4093 1119 4134 καί
1133 4094 1180 4138 τοῖς
1195 4089 1240 4148 Ιργ.
1252 4095 1314 4136 Ρ.-

117 4161 184 4206 αότοό
193 4175 219 4205 τυ
228 4166 253 4204 Ρ.
270 4177 304 4206 τοι
317 4175 359 4216 ιντο
374 4162 436 4205 οόιοι
450 4166 475 4213 Ρ,
491 4165 531 4205 ned
546 4163 608 4206 νότοι
622 4166 640 4205 Ρ
654 4165 678 4205 ln
693 4166 781 4205 επενίι.
793 4186 819 4195 -
835 4167 860 4205 14
870 4162 941 4206 οίοίό
954 4161 1037 4207 κινιώλ.
1048 4177 1074 4206 τυ
1083 4168 1108 4206 Ρ.
1120 4187 1147 4196 -
1163 4168 1187 4206 εί
1203 4162 1285 4220 Βίητσι
1300 4181 1314 4216 ις

116 4243 138 4278 σε
148 4239 167 4278 Ρ
176 4248 225 4277 m.
240 4239 301 4287 ίεσι,
317 4233 405 4292 Βίκτιυρ
420 4239 445 4278 Ρ.
456 4257 483 4268 -
497 4232 616 4291 Γεμέλλιυν
631 4239 657 4278 Ρ.
667 4257 694 4267 -
708 4238 787 4277 Matth-
802 4249 832 4277 ετ
847 4239 881 4276 ίό.
892 4257 919 4267 -
934 4239 959 4278 1³
970 4237 1107 4303 *πεσοῦνται
1117 4240 1141 4278 Ρ.
1154 4259 1180 4268 -
1191 4237 1275 4280 ”mi
1286 4239 1312 4278 Ρ.

116 4327 142 4340 —-
159 4313 185 4350 ίίί
199 4303 289 4362 τυφλῶν
304 4306 378 4349 αὐτῶν
392 4307 463 4350 όντων
482 4311 508 4349 Ρ.
525 4329 550 4340 -
571 4312 597 4350 ῖό
616 4308 661 4350 ἐστι
676 4311 701 4350 Ρ.
717 4327 743 4340 -
763 4311 787 4348 ίίί
811 4306 919 4355 Μετίλιος
934 4310 959 4349 Ρ.
975 4331 1002 4340 -
1022 4307 1076 4356 Οίιις
1090 4311 1116 4351 Ρ.
1132 4333 1159 4342 -
1181 4309 1229 4352 ιίπι
1245 4314 1270 4352 Ρ.
1285 4333 1313 4342 -

117 4377 230 4435 Πόμπηιοε
245 4383 270 4421 Ρ.
285 4402 313 4412 —-
327 4377 400 4437 διοχιιέ
415 4383 440 4421 Ρ.
456 4403 482 4412 -
496 4383 522 4422 2²
538 4379 599 4436 οἷπερ
614 4384 639 4422 Ρ.
655 4401 682 4412 -
696 4385 732 4422 καί
746 4391 772 4421 ιν
787 4383 811 4420 Ρ.
829 4403 856 4412 -
870 4383 896 4423 Ρό
911 4379 964 4435 ἡμίν
978 4383 1008 4433 Μ,
1025 4385 1066 4423 ned
1080 4385 1157 4425 εεόειιι
1173 4395 1240 4424 manu
1255 4395 1311 4434 apex

116 4456 155 4495 ίίίο
168 4455 248 4495 litem
262 4467 278 4507 μ
291 4455 409 4505 impositus
428 4457 471 4504 τιό,
492 4461 536 4504 quo
556 4456 644 4502 ενίίιιίνε
662 4465 695 4494 ων
717 4454 786 4494 εοτίόί
802 4456 867 4494 τοῖσι.
882 4451 949 4508 ἡμῶν
963 4456 988 4496 Ρ.
1005 4477 1031 4486 -
1045 4457 1072 4498 όό
1087 4454 1113 4498 τό
1128 4457 1229 4504 agnoseit
1243 4456 1268 4495 Ρ.
1285 4477 1311 4486 -

116 4527 151 4566 2⁶.
162 4529 188 4566 εί
201 4523 262 4580 *οὐχ
273 4523 373 4580 όρίίιιμεν
383 4527 413 4565 Μ.
429 4546 456 4555 -
471 4527 497 4566 29
512 4523 560 4566 είιιε
570 4526 594 4566 Ρ.
612 4547 638 4556 -
654 4523 774 4579 όλόιληροε
785 4527 810 4575 Ρ,
827 4527 866 4566 εειί
878 4528 950 4572 3:11.
962 4549 989 4557 -
999 4529 1026 4568 ³⁰
1042 4525 1158 4581 ἐπιστολὴν
1173 4529 1203 4570 Μ.
1220 4549 1246 4558 -
1260 4539 1311 4583 Tpa-

116 4598 195 4636 οεῑταν
210 4598 239 4636 Μ.
