2998 4972
285 411 347 475 τοι
1267 403 1401 470 ιιι-ν

285 591 339 642 σοι
368 571 520 640 καὶτῶν
549 567 736 652 διακόνων,
766 567 823 634 καλ
851 564 1031 653 εὐχόμενος
1053 569 1127 651 λέγε
1149 567 1254 650 Κύριε
1278 591 1403 634 παντο·

284 675 430 759 κράτωρ,
446 671 555 750 δδεός
568 668 665 758 ἡμῶν
682 668 770 736 ὁδιά
782 674 921 757 χριστοῦ
935 685 999 736 σου
1013 667 1054 735 τά
1069 670 1180 736 πάντα
1195 670 1403 756 δημιουργή-

284 792 346 854 σας
365 776 421 842 καί
443 773 488 841 δι’
513 773 619 840 αὐτοῦ
639 776 708 839 τῶν
732 771 822 838 ὅλων
850 771 1010 857 προνοῶν
1030 771 1260 857 καταλλήλας·
1289 763 1319 860 ηδ
1340 772 1404 858 γάρ

285 878 428 962 δύναμις
444 877 592 962 διάφορα
607 878 757 960 ποιῆσαι,
772 873 880 960 τούτῳ
898 872 1112 959 δύναμιςκαὶ
1127 871 1301 958 διαφόρως
1321 897 1404 959 προ-

250 1003 267 1054 ε
285 983 421 1064 νοῆσαι·
444 977 501 1044 διά
522 977 587 1064 γάρ
610 975 730 1060 αὐτοῦ,
752 973 770 1042 δ
790 976 882 1058 θεός,
914 987 1071 1061 προνοεῖς
1092 979 1160 1041 τῶν
1182 975 1245 1059 μεν
1270 974 1403 1042 ἀθανά-

283 1105 352 1148 των
381 1085 521 1166 φυλακῇ
550 1079 654 1166 μόνη,
686 1083 755 1144 τῶν
784 1079 821 1143 δὲ
848 1081 988 1164 θνητῶν
1016 1078 1174 1163 διαδοχῇ,
1207 1080 1267 1162 τῆς
1295 1081 1404 1163 ψυχῆς

284 1184 442 1268 φροντίδι
469 1182 601 1267 νόμων,
633 1184 694 1247 τοῦ
721 1180 873 1264 σώματος
900 1178 1137 1265 ἀναπληρώσει
1168 1182 1226 1265 τῆς
1255 1179 1402 1258 ἐνδείας·

284 1282 384 1362 αὐτὸς
404 1275 468 1351 οόν
489 1283 546 1350 καί
567 1287 633 1350 νῦν
655 1283 840 1368 ἐπίβλεψον
863 1281 918 1348 ἐπὶ
934 1280 997 1367 τιΙν
1019 1279 1121 1365 ἁγίαν
1135 1298 1200 1346 σου
1220 1281 1404 1366 ἐκκλησίαν

284 1385 341 1452 καὶ
362 1385 509 1472 αὔξησον
530 1383 654 1470 αὐτήν,
682 1384 738 1450 καί
763 1384 945 1469 πλήδννον
962 1381 1041 1460 τούς
1066 1382 1105 1450 ἐν
1126 1381 1213 1470 αὐτῇ
1232 1389 1403 1468 προεστῶ-

235 1509 267 1562 ιο
283 1511 342 1566 τας
362 1488 419 1554 καί
439 1487 497 1566 δός
515 1487 661 1571 δύναμιν
685 1483 768 1571 πρός
789 1484 827 1550 τὸ
849 1490 973 1552 κοπιᾶν
993 1481 1116 1562 αὐτοὺς
1130 1485 1219 1573 λόγῳ
1238 1487 1297 1552 καί
1319 1489 1402 1574 ἔργμ

284 1593 331 1667 είς
352 1587 536 1676 οίκοδομιΙν
559 1592 620 1654 τοῦ
641 1592 726 1654 λαοῦ
743 1605 818 1653 σου.
863 1585 963 1665 αὐτὸς
980 1586 1036 1652 καί
1053 1587 1118 1652 νῦν
1133 1589 1226 1654 ἐπιδε
1240 1597 1259 1635 *
1274 1589 1332 1656 ἐπὶ
1346 1588 1402 1654 τόν

283 1693 409 1759 δοῦλόν
428 1709 492 1758 σου
514 1695 636 1757 τοῦτον
664 1687 724 1756 τόν
746 1689 850 1777 ψήφῳ
872 1689 929 1754 καὶ
952 1693 1062 1775 κρίσει
1083 1693 1144 1755 τοῦ
1167 1689 1298 1775 κλήρου
1318 1711 1401 1756 παν-

283 1791 339 1871 τδς
356 1797 403 1872 είς
418 1795 662 1879 πρεσβυτέριον
678 1791 891 1874 ἐπιδοδέντα,
915 1787 972 1857 καί
987 1795 1159 1878 ἔμπλησον
1178 1789 1283 1858 αότδν
1299 1796 1401 1858 πνεῦ-

282 1919 329 1981 μα
350 1898 485 1981 χάριτος
504 1894 560 1961 καί
574 1897 784 1978 συμβουλίας
805 1896 824 1936 ⁸
844 1896 905 1958 τοῦ
930 1892 1244 1978 ἀντιλαμβάνεσθαι
1265 1894 1324 1960 καί
1341 1917 1400 1960 νυ-

233 2019 265 2071 15
282 1995 410 2082 βερνᾶν
429 1994 491 2062 ’τόν
513 1995 597 2062 λαόν
617 2011 681 2061 σου
710 1994 749 2061 ἐν
773 1999 910 2081 καθαρᾷ
932 1993 1070 2082 καρδίᾳ,
1095 1990 1137 2062 όν
1164 1994 1294 2080 τρόπον
1313 1996 1401 2062 ἐπεί-

282 2099 339 2175 δες
356 2097 412 2164 ἐπλ
426 2098 509 2163 λαόν
525 2097 665 2181 ἐκλογῆς
678 2113 742 2162 σου
757 2095 813 2162 καλ
826 2097 1029 2181 προσέταξας
1040 2103 1185 2164 Μωίίσεί
1196 2097 1401 2184 αίρήσασδαι

283 2200 544 2287 πρεσβυτέρους,
568 2195 626 2276 οὓς
648 2201 665 2240 *
689 2198 873 2283 ἐνέπλησας
892 2198 1096 2283 πνεύματος·
1121 2198 1273 2282 καίνῦν,
1296 2201 1399 2286 νόριε,

283 2301 470 2389 παράσχου,
498 2300 676 2378 ἀνελλιπὲς
690 2304 801 2386 τηρῶν
824 2302 863 2367 ἐν
881 2297 964 2386 ἡμίν
982 2295 1021 2366 τό
1043 2305 1176 2385 πνεῦμα
1192 2306 1252 2387 τῆς
1272 2302 1401 2388 χάριτός

282 2421 359 2487 σου,
382 2401 481 2488 ὅπως,
503 2401 667 2489 πλησθεὶς
688 2402 926 2487 ἐνεργημάτων
947 2405 1086 2470 ίατικῶν
1101 2407 1157 2468 καί
1178 2402 1284 2487 λόγου
1306 2405 1397 2471 διδα-

232 2525 266 2577 20
284 2509 413 2588 κτικοό,
438 2505 477 2571 ἐν
493 2503 655 2593 πραότητι
670 2504 813 2589 παιδεόη
832 2521 896 2570 σου
919 2502 979 2570 τόν
998 2503 1083 2572 λαδν
1102 2503 1159 2571 καὶ
1178 2503 1328 2592 δουλεόη
1350 2524 1400 2573 σοι

285 2609 473 2690 εἰλικρινῶς
496 2607 535 2675 ἐν
564 2609 701 2694 καθαρᾷ
722 2607 856 2693 διανοίᾳ
876 2606 933 2672 καί
953 2609 1046 2691 ψυχῇ
1066 2606 1235 2693 θελούσῃ,
1260 2607 1320 2674 καλ
1346 2608 1401 2686 τὰς

280 2704 367 2792 ὑπὲρ
384 2712 446 2774 τοῦ
457 2711 542 2776 λαοῦ
560 2724 623 2775 σου
643 2709 834 2795 ἱερουργίας
849 2706 1009 2792 ἀμάμους
1024 2707 1158 2796 ἐκτελῇ·
1181 2709 1240 2776 διδ
1254 2715 1319 2777 τοῦ
1330 2735 1400 2797 χρι-

282 2813 365 2876 στοῦ
379 2827 455 2893 σου,
470 2807 545 2894 μεθ’
563 2800 606 2876 οό
619 2826 673 2875 σοι
683 2809 776 2892 δόξα,
792 2807 869 2895 τιμη
882 2809 939 2878 καί
954 2810 1054 2896 σέβας
1070 2811 1127 2876 καὶ
1141 2810 1188 2898 τῷ
1202 2809 1288 2902 άγίω
1297 2812 1399 2880 πνεό-

280 2935 358 2997 ματι
381 2914 427 2989 είς
444 2910 522 2989 τούς
542 2913 682 2989 αίῶνας·
706 2909 806 2997 ἀμήν.
828 2913 832 2998 Ι
852 2911 930 2998 περί
948 2912 986 2978 δὲ
1004 2918 1210 2997 χειροτονίας
1231 2915 1439 2983 διακόνωνλό

229 3033 263 3086 λε
282 3013 348 3100 ἐγῶ
369 3019 537 3090 Φίλιππος
565 3012 786 3097 διατάσσομαι
815 3013 989 3081 Διάκονον
1010 2997 1247 3101 κατάστησεις,
1276 3006 1305 3082 ῶ
1328 3019 1398 3084 ἐπί-

281 3134 405 3200 σκοπε,
440 3116 570 3193 ἐπιδελς
595 3112 687 3204 αὐτῷ
713 3113 773 3192 τάς
799 3127 927 3202 χεῖρας,
955 3117 1168 3201 παρεστῶτός
1195 3135 1250 3184 σοι
1278 3117 1398 3196 παντὸς

280 3223 342 3284 τοῦ
363 3221 611 3305 πρεσβυτερίου
626 3217 683 3284 καί
704 3219 773 3284 τῶν
788 3217 976 3284 διακόνων·
1000 3219 1058 3286 καί
1074 3219 1301 3305 ἐπευξάμενος
1315 3223 1397 3307 ἐρεῖς

283 3323 286 3406 Ι
306 3314 342 3384 '0
364 3317 445 3396 θεός
466 3315 484 3384 δ
506 3321 759 3406 παντοκράτωρ,
787 3315 983 3405 δάληδινός
997 3319 1053 3386 καλ
1067 3319 1229 3407 ἀψευδής,
1254 3320 1273 3388 ό
1294 3327 1438 3390 πλον-17

348 3473 382 3524 28
400 3475 467 3526 Rom
488 3473 526 3538 10,
548 3475 580 3527 12

282 3610 334 3664 λλ
352 3602 587 3676 παντοκράτοργ
613 3615 618 3677 Ι
644 3617 731 3664 2σον
747 3604 1001 3679 >γί15αάτοῶ
1018 3632 1093 3682 wxy,
1111 3615 1227 3668 τοῦτοί
1246 3618 1251 3682 Ι
1272 3618 1287 3666 7
1305 3632 1390 3684 φραν-

280 3693 338 3746 τίδι
357 3712 381 3746 w
402 3695 407 3760 Ι
426 3695 443 3746 8
461 3681 514 3748 οάν
531 3696 601 3762 >y
621 3699 625 3762 Ι
649 3697 666 3748 9
683 3696 732 3750 καλ
751 3687 878 3764 αὔξησον
896 3689 988 3767 αάτὴν
1006 3700 1040 3764 >
1056 3719 1075 3768 γ
1094 3699 1098 3764 Ι
1125 3701 1153 3752 11
1174 3691 1262 3760 αάτός
1279 3698 1328 3753 καὶ
1345 3699 1392 3752 νόν

279 3779 348 3846 >y
375 3781 380 3848 Ι
409 3779 437 3830 11
457 3778 506 3832 καί
524 3779 593 3846 ÷y
620 3781 624 3848 Ι
652 3781 692 3834 13.
708 3783 872 3850 λλῇῖοιτ,
895 3785 944 3836 sed
962 3800 978 3837 σ
997 3801 1014 3836 ε
1032 3792 1203 3850 correctore,
1227 3785 1340 3853 πνεῦμα
1356 3791 1388 3846 ιλ,

279 3863 313 3927 >
330 3863 368 3931 γΙ
385 3864 416 3916 14
434 3861 623 3931 συμβουλιίας
641 3883 665 3916 w
680 3865 685 3934 Ι
702 3866 734 3917 14
752 3869 947 3938 πνευματικῆς
963 3870 1052 3938 -Ι-γΙ
1077 3872 1105 3923 Ιδ
1123 3868 1236 3937 τρόπῶν
1253 3889 1277 3922 w
1292 3871 1297 3936 Ι
1315 3873 1349 3922 Ιδ.
1361 3867 1389 3920 λδ

279 3942 378 4009 §naec
397 3949 481 4013 Wxssl
500 3947 531 4000 ¹0
548 3949 659 4017 μωῦσῆι
677 3969 709 4010 w,
727 3953 828 4020 μωόσῇ
845 3956 879 4019 Χ,
898 3954 978 4023 μωσῆ
995 3973 1021 4022 y,
1041 3973 1063 4008 ω
1080 3959 1154 4008 σείι
1171 3959 1286 4009 duarum
1303 3957 1387 4008 litern-

278 4047 337 4086 rum
356 4035 446 4101 ιμελίο
468 4049 557 4085 vacuo
582 4033 586 4095 Ι
613 4033 645 4084 16
662 4031 842 4103 αίρτΙαατδαι
861 4055 918 4102 wx,
943 4035 1095 4106 αίρείτδαι
1116 4049 1141 4107 t,
1165 4035 1285 4095 ἐλέσδαι
1302 4058 1320 4107 y
1337 4045 1342 4101 Ι
1361 4038 1388 4088 Π

278 4115 420 4184 ναί-Ιιγ
449 4119 454 4183 Ι
486 4119 517 4169 17
545 4111 669 4186 ίαλησας
691 4127 722 4184 γι
750 4123 755 4186 Ι
790 4124 821 4173 17
846 4121 897 4176 καί
988 4123 1018 4176 18
1045 4119 1118 4194 ἡμῖν
1138 4133 1195 4179 nt
1224 4117 1387 4196 [α’νελληιδε

278 4219 317 4264 τι,
341 4193 509 4264 άνενλειπες
532 4201 580 4269 x]‚
611 4201 736 4271 τήρησον
765 4199 797 4259 ἐν
819 4199 897 4275 αότιβ
922 4199 1091 4271 άνεαλειιιές
1112 4229 1130 4276 y
1155 4213 1160 4275 Ι
1186 4211 1219 4263 19
1243 4203 1386 4276 ἐνεργημά-

278 4301 335 4338 των
353 4282 472 4340 ίατικῶν
489 4294 557 4352 καί,
577 4289 682 4355 σοφίας
699 4307 717 4356 y
740 4293 745 4356 Ι
769 4293 802 4343 20
824 4287 875 4345 τόν
893 4291 965 4346 λαόν
982 4309 1035 4346 σου
1052 4313 1094 4362 wy
1118 4299 1122 4359 Ι
1146 4297 1181 4348 20
1199 4289 1326 4348 δουλεύει
1343 4309 1363 4342 π
1380 4289 1384 4354 Ι

278 4371 312 4422 22
328 4372 426 4435 τον>
442 4379 454 4423 t
468 4371 473 4440 Ι
488 4375 521 4424 22
535 4365 644 4426 ἐκτελεί
655 4377 697 4437 W,
717 4368 877 4430 ἐκτελείννι
893 4381 898 4444 Ι
913 4379 947 4429 24
965 4373 1081 4444 δλ>ιι
1096 4381 1101 4444 Ι
1116 4381 1149 4432 28
1167 4375 1385 4446 παντοκράτωρ]
