2994 4972
79 398 140 461 λθ
1147 409 1187 468 87

79 567 120 640 εἰς
150 561 209 628 τὸν
242 565 306 628 τού
338 565 461 645 κυρίου
494 563 606 647 λόγον.
659 563 716 630 καλ
748 563 831 648 μετα
864 568 963 631 τοῦτο
998 565 1189 651 συμφύνως

78 664 213 742 ἀααντες
247 663 491 743 ἐξαναστάντες
523 663 580 730 καλ
617 663 670 730 ἐπ’
705 663 872 744 ἀνατολὰς
907 663 1187 751 κατανοήσαντες,

79 766 152 850 μετὰ
183 763 248 851 τήν
277 769 348 832 ταν
378 767 639 851 κατηχουμένων
660 766 717 833 καί
749 764 812 852 τήν
839 771 908 833 τόν
930 768 1188 852 μετανοούντων

79 869 187 947 ἔξοδον
220 867 535 952 προσευξάσθωσαν
562 871 609 956 τῷ
634 872 707 955 θεῷ
731 872 778 956 τῷ
806 869 1019 954 ἐπιβεβηκότι
1042 868 1098 936 ἐπὶ
1128 868 1188 935 τόν

81 967 218 1055 ούρανόν
245 973 309 1034 τοῦ
335 964 486 1054 ούρανοῦ
523 968 608 1036 κατα
640 969 823 1053 ἀνατολάς,
856 955 1222 1056 ύπομιμνησκόμενοιε

81 1071 128 1136 καλ
148 1075 204 1156 τῆς
223 1069 367 1155 ἀρχαίας
385 1074 491 1155 νομῆς
509 1075 570 1136 τού
585 1069 669 1138 κατὰ
684 1069 850 1148 ἀνατολὰς
864 1074 1084 1157 παραδείσου,
1105 1072 1189 1140 ὅθεν

82 1169 240 1257 όπρολτος
261 1169 463 1256 ἅνθρωπος,
487 1169 654 1257 ἀθετήσας
668 1170 730 1258 τήν
741 1171 889 1258 ’ἐντολήν
907 1171 1016 1258 ὄφεως
1035 1178 1189 1259 συμβου-

82 1279 128 1360 λίᾳ
148 1277 317 1357 πεισθείς,
339 1271 527 1359 ἀπεβλήθη.
573 1277 609 1340 οί
627 1275 665 1342 ἀλ
679 1275 834 1340 όιάκονοι
853 1272 935 1358 μετά
958 1274 1020 1360 τήν
1041 1293 1188 1360 προσευ-

82 1374 136 1461 χήν
164 1377 199 1442 οί
226 1376 292 1459 μὲν
327 1379 369 1460 τῇ
401 1379 583 1462 προσφορᾷ
616 1379 674 1461 τῆς
708 1374 918 1461 εὐχαριστίας
940 1378 1190 1460 σχολαζέτωσαν

82 1475 339 1564 ύτηρετούμενοι
365 1481 412 1564 τῷ
434 1480 496 1542 τού
518 1481 657 1561 χριστοῦ
684 1479 813 1562 στόματι
833 1474 917 1561 μετά
939 1475 1067 1563 φόβου,
1098 1479 1134 1542 οί
1151 1479 1189 1544 δὲ
1210 1494 1241 1545 10

83 1579 151 1657 τούς
170 1578 290 1664 ’ὄχλους
311 1580 602 1644 ἀιασκοτείτωσαν
622 1581 678 1645 καί
691 1576 838 1664 ἡσυχίαν
857 1577 970 1656 αύτοῑς
993 1577 1190 1664 ἐμποιείτω-

85 1698 148 1746 σαν.
195 1681 321 1765 λεγέτω
351 1679 388 1746 δὲ
424 1675 443 1746 ό
470 1678 643 1764 παρεστός
670 1684 717 1767 τῷ
748 1682 834 1766 ἱερεῖ
858 1681 1018 1757 διάκονος
1042 1683 1089 1765 τῷ
1119 1680 1191 1768 λαῷ

85 1783 135 1865 Μή
160 1806 207 1858 τις
233 1781 320 1848 κατα
342 1782 449 1864 τινός,
478 1781 524 1866 μή
545 1805 594 1858 τις
615 1781 654 1847 ἐν
674 1778 868 1865 ὑποκρίσεις
905 1776 976 1847 εἶτα
998 1781 1056 1847 καλ
1080 1779 1189 1847 ἀσπα-

86 1883 242 1962 ζίσθωσσν
263 1883 435 1968 ἀλλήλους
455 1884 490 1948 οί
516 1883 638 1969 ἀνδρες
664 1885 720 1950 καὶ
742 1881 888 1967 ἀλλήλας
909 1883 948 1948 αἰ
965 1895 1124 1968 γυναῖκες
1152 1882 1191 1948 τό

86 1983 229 2073 ἐνκυρίφ
245 1990 396 2071 φίλημα,
421 1983 507 2050 ἀλλα
522 1985 569 2070 μή
584 2009 634 2062 τις
653 1988 786 2068 δολίως,
808 1981 854 2062 ἀς
870 1983 887 2050 ό
903 1984 1029 2062 Ἰούδας
1048 1983 1108 2050 τόν
1127 1984 1189 2050 κύ-
1211 2002 1240 2052 15

87 2109 151 2166 ρων
176 2086 340 2173 φιλήματι
370 2088 575 2172 παρέδωκεν.
622 2087 678 2153 καὶ
708 2086 792 2172 μετά
819 2090 919 2153 τούτο
948 2089 1190 2172 προσευχέσθω

88 2183 102 2250 ὁ
129 2189 280 2266 διάκονος
319 2184 405 2271 ύπὲρ
438 2192 496 2271 τῆς
532 2188 710 2273 ἐκκλησίας
739 2189 847 2273 πάσης
879 2189 936 2254 καλ
967 2187 1092 2264 παντός
1129 2191 1190 2252 τοῦ

90 2289 204 2373 κόσμου
226 2290 283 2357 καὶ
307 2291 376 2356 τοῖν
398 2289 438 2356 ἐν
456 2286 548 2377 αύτῷ
562 2295 677 2374 μεροῖν
695 2290 752 2356 καί
776 2290 963 2373 ἐκφορίων,
982 2287 1100 2371 *ὑπὲρ
1122 2292 1190 2354 των

90 2391 191 2474 ἰτρίων
208 2394 264 2460 καί
286 2397 357 2458 ταν
379 2389 569 2476 ἀρχόντων,
588 2388 674 2475 ὑπὲρ
691 2395 753 2456 τού
770 2390 949 2476 ἀρχιερέως
972 2391 1105 2456 καὶτοῦ
1126 2393 1189 2474 βα-

89 2493 190 2571 σιλέως
209 2495 265 2562 καλ
284 2498 345 2579 τής
365 2493 518 2560 καθόλου
538 2493 683 2578 εἰρήνης.
729 2491 785 2558 καὶ
806 2491 889 2575 μετα
915 2496 1014 2558 τοῦτο
1037 2489 1055 2556 ό
1078 2489 1190 2576 ἀρχιε-
1208 2507 1242 2558 20

90 2591 155 2674 ρεύς
180 2595 404 2681 ἐπευχόμενος
431 2597 477 2682 τῷ
505 2599 575 2683 λαῷ
604 2593 743 2680 εἰρήνην
773 2591 950 2677 εὐλογείτω
979 2598 1116 2676 τοῦτον,
1147 2589 1191 2670 ύς

91 2697 137 2759 καλ
156 2703 278 2784 Μωσῆς
303 2698 489 2766 ἐνετείλατο
511 2707 580 2773 τοῖς
593 2698 741 2779 ίερεύσιν
758 2693 911 2781 εύλογεῑν
932 2695 992 2762 τόν
1013 2693 1097 2761 λαὸν
1112 2693 1191 2760 τού-

90 2818 146 2872 τοις
164 2812 230 2877 τοῖς
250 2800 398 2887 ῥήμασιν
420 2797 613 2883 Εύλογήσαι
639 2815 677 2862 σε
705 2797 821 2882 κύριος
843 2797 900 2864 καλ
921 2799 1068 2882 φνλάξαι
1093 2813 1145 2862 σε·
1173 2803 1191 2842 *

92 2895 236 2982 ἐτιφάναι
259 2903 378 2989 κύριος
410 2900 448 2966 τό
478 2899 661 2984 πρόσωπον
691 2896 797 2966 αὐτού
825 2899 879 2966 ἰπλ
908 2901 945 2965 σὲ
972 2899 1029 2965 καλ
1058 2895 1192 2980 ἐλεήσαι

91 3013 139 3060 σε·
170 3001 289 3089 ίπάραι
319 3002 435 3088 κύριος
466 2999 504 3067 τό
536 3001 719 3086 πρόσωπον
752 2999 858 3068 αὐτοῦ
886 3001 942 3066 ίπλ
970 3001 1008 3064 σὲ
1035 2996 1092 3062 καὶ
1120 2993 1190 3081 ἀφ’,η
1209 3011 1242 3061 κε

92 3113 135 3162 σοι
153 3103 297 3190 εἰρήνην.
343 3105 537 3189 ἐπευχέσθω
575 3092 639 3167 ούυ
659 3103 716 3168 καί
739 3099 757 3166 ὁ
779 3102 961 3176 ἐπίσκοπος
987 3096 1042 3164 καὶ
1071 3101 1190 3180 λεγέτω

94 3203 199 3268 Σιῖσον
229 3205 290 3272 τόν
318 3205 402 3273 λαόν
428 3223 508 3288 σου,
538 3205 651 3289 κύριε,
679 3203 734 3268 καλ
763 3200 950 3286 εύλόγησον
978 3199 1040 3283 τήν
1067 3202 1192 3282 κληρο-

95 3307 200 3383 νομίαν
219 3324 299 3393 σου,
324 3304 368 3393 ἢν
396 3308 525 3391 ἐκτήσω
553 3305 609 3372 καλ
637 3303 861 3388 περιεποιήσω
891 3307 936 3390 τῷ
958 3304 1055 3387 τιμίω
1077 3300 1192 3383 αἵματι

95 3406 144 3466 τοῦ
171 3413 304 3492 χριστοῦ
339 3427 403 3474 σου
436 3408 492 3474 καλ
521 3407 683 3482 ἐκαλεσας
712 3409 886 3490 βασίλειον
918 3403 1097 3488 ἰεράτενμιι
1135 3399 1192 3466 καλ

150 3595 164 3644 ι
180 3596 268 3652 psalm
286 3598 333 3664 σε,
356 3593 1009 3662 mumma,24-26129P0tra2,9
1080 3655 1083 3662 Ι

98 3755 107 3804 ¹
124 3754 158 3818 θίε
174 3780 220 3829 σε,
239 3761 287 3822 lul
303 3775 351 3834 γτλ
365 3766 370 3836 Ι
389 3768 399 3818 λ
419 3759 602 3833 σομφότοςγ
617 3761 623 3832 Ι
637 3767 653 3816 2
666 3754 713 3816 ἒπλ
727 3781 741 3814 z
756 3761 761 3830 Ι
776 3763 792 3812 2
807 3757 1036 3830 κατανοήσαντες
1049 3767 1112 3824 th,
1133 3752 1192 3813 ἔτι·

97 3837 234 3912 βλέψαντες
250 3871 284 3918 γε
304 3855 308 3918 Ι
328 3853 344 3904 3
361 3844 562 3920 μετανούντων
580 3857 592 3901 t
612 3852 616 3915 Ι
637 3850 654 3900 [ο
676 3839 967 3915 ύπομημνησκόμενοι
991 3864 1005 3898 τ
1025 3845 1030 3914 Ι
1054 3847 1108 3896 λθ
1126 3859 1193 3911 συμ-

96 3921 198 3986 βουλεία
214 3953 230 3986 x
250 3939 255 4002 Ι
273 3939 290 3988 8
308 3931 417 4003 πισθής
434 3954 467 4000 ο,
487 3927 622 3993 ἀπειθελς
641 3951 655 3985 τ
671 3932 675 4000 ή
693 3933 724 3983 10
742 3932 857 4000 χριστοῦ
876 3950 931 3996 wx,
951 3931 1053 3996 κυρίου
1070 3937 1117 3996 yzt
1137 3927 1141 3995 Ι
1165 3929 1193 3978 12

98 3999 208 4080 duston*
223 4020 287 4089 yzt}
305 4024 335 4075 14
353 4017 387 4074 αι’
402 4023 538 4087 γυναῖκες
556 4012 680 4087 ἀλλήλας
698 4036 722 4069 w
742 4019 746 4084 Ι
769 4019 800 4068 14
819 4011 850 4070 τό
868 4024 944 4083 xyzt,
962 4015 1012 4067 ται
1031 4033 1054 4064 w
1070 4013 1074 4081 Ι
1097 4014 1127 4064 15
1146 4010 1194 4077 φί-

98 4091 153 4158 lma
170 4101 209 4168 w!
232 4105 259 4156 15
277 4099 293 4158 ό
310 4109 344 4171 >
361 4105 427 4173 γτλΙ
446 4106 476 4156 λό
494 4103 626 4172 φιλίματι
645 4105 689 4159 αἱ
711 4104 742 4156 16
760 4097 903 4168 καρὲόοκε
921 4119 958 4160 w,
981 4095 1130 4163 παρέδωκε
1147 4103 1195 4161 yzt

101 4179 145 4236 ιλλ
161 4175 267 4256 ἀπάσης
283 4201 330 4257 χιε
356 4191 360 4259 Ι
389 4193 421 4242 18
439 4183 470 4242 ἐν
488 4183 565 4242 αύτιῖ
583 4195 661 4254 xyzt,
686 4178 791 4241 ἕαοτσύ
808 4205 831 4239 w
847 4186 851 4254 Ι
870 4189 900 4238 18
917 4182 1027 4253 μετρῶν
1045 4199 1059 4232 τ
1074 4177 1079 4248 Ι
1096 4179 1127 4230 18
1145 4174 1194 4230 καλ

98 4259 182 4332 τοι
204 4273 234 4322 ²²
251 4275 364 4344 μοειῆς
382 4294 405 4328 w
430 4277 434 4342 ι
454 4278 486 4325 22
505 4279 566 4334 τοῖς
583 4275 617 4337 >
634 4271 664 4340 ιι
685 4273 718 4324 νε
736 4269 785 4324 και
803 4271 836 4336 ÷
855 4289 878 4321 w
898 4272 903 4333 ι
923 4271 955 4318 οι
974 4261 1086 4334 ιιεήσαι
1160 4267 1194 4316 τε

101 4343 142 4397 ἀἶ
157 4351 187 4412 >
203 4363 214 4406 t
232 4356 236 4424 Ι
259 4361 292 4412 26
309 4358 358 4412 καὶ
376 4363 452 4428 prius
470 4362 503 4424 >
521 4358 603 4427 τ127
622 4354 703 4423 κύριε
721 4363 783 4424 post
801 4355 891 4406 στᾶσον
910 4371 940 4414 w,
959 4354 993 4416 >
1011 4369 1028 4402 x
