3160 4976
146 374 195 444 28

79 570 125 632 μιι
144 549 381 632 Προστάσσομεν
403 551 453 611 τόν
470 551 628 612 ίπίσκοπον
651 545 788 624 ἐξουσίαν
811 553 889 633 ίχειυ
912 560 972 612 τῶν
992 559 1048 620 τῆς
1070 548 1228 622 ἐκκλησίας
1250 569 1339 634 πρα-

144 659 283 738 γμάτων.
310 659 335 718 εί
350 661 412 741 γάρ
434 661 494 728 τάς
517 663 622 737 τιμίας
642 667 702 718 τῶν
728 659 907 743 ἀνθρώπων
923 659 1031 741 ψυχάς
1048 661 1132 736 αὐτῷ
1155 663 1340 734 πιστευτέον,

144 760 244 840 πολλῷ
262 764 299 826 ἂν
315 761 376 824 δίοι
395 769 462 849 περί
483 773 544 826 τῶν
568 768 739 848 χρημάτων
756 763 961 841 ἐντέλλεσθαι,
981 765 1060 826 ὥστε
1075 769 1155 826 κατά
1172 770 1224 835 τὴν
1242 767 1336 826 αῦτοῦ

144 865 280 943 ἐξουσίαν
305 874 407 936 πάντα
430 869 609 934 διοικεῖσθαι
633 881 696 942 τοῖς
713 871 865 954 δεομένοις
887 869 938 935 διά
963 881 1023 932 τῶν
1047 869 1262 955 πρεσβυτέρων
1285 877 1336 932 καί

145 975 291 1039 διακόνων
331 985 381 1040 καί
419 979 627 1062 χορηγεῖσθαι
673 984 752 1060 μιτά
790 976 890 1066 ρόβου
927 978 1005 1040 θεοῦ
1034 985 1085 1041 καί
1113 984 1218 1058 πάσης
1245 977 1336 1041 τάλα-
1372 997 1389 1036 ο

99 1155 104 1166 ¹
146 1081 248 1166 βείας.
272 1083 522 1167 μεταλαμβάνειν
546 1085 580 1148 δί
610 1093 660 1148 καί
687 1089 779 1148 αὐτόν
803 1096 863 1148 τῶν
880 1085 1007 1149 δεόντων
1039 1085 1119 1170 (είγε
1144 1085 1258 1172 δίοιτο)
1292 1087 1337 1158 εἰς

143 1196 202 1262 τάς
227 1196 401 1275 ἀναγκαίας
426 1196 520 1256 αὐτοῦ
548 1198 658 1277 χρείας
689 1199 739 1256 καί
770 1199 831 1255 τῶν
854 1191 1085 1276 ίπιξενουμόνων
1110 1192 1262 1281 ἀδελφῶν,
1287 1195 1333 1265 ὡς

147 1304 227 1360 κατὰ
259 1298 377 1381 μηδένα
408 1304 516 1385 τρόπον
548 1303 662 1370 αὐτοὺς
690 1301 901 1384 ὑστερεῖσθαι.
938 1303 953 1363 ό
982 1304 1044 1385 γάρ
1067 1305 1162 1383 νόμος
1185 1310 1238 1364 τοῦ
1260 1301 1338 1364 θεοῦ

148 1400 308 1478 διετάξατο
337 1413 409 1477 τοὺς
437 1415 480 1486 τῷ
512 1408 727 1491 θυσιαστηρίῳ
750 1406 1044 1493 προςεδρεόοντας”
1075 1411 1106 1470 όκ
1137 1417 1191 1471 τοῦ
1220 1409 1338 1471 θυσια-

148 1519 270 1598 στηρίου
301 1516 485 1602 τρέψεσθαι,
517 1519 636 1601 ίπείπερ
673 1514 743 1579 οὐδὲ
767 1519 961 1602 στρατιώτης
984 1522 1056 1578 ποτε
1087 1515 1173 1588 ἰδίοις
1196 1518 1338 1598 ὀψωνίοις
1357 1536 1388 1572 ιο

148 1619 227 1682 σ’πλα
250 1628 330 1686 κατά
358 1623 506 1707 πολεμίων
531 1627 738 1712 ίπιρίρεται.“

84 1730 130 1814 μβ
151 1727 333 1803 Ἐπίσκοπος
356 1735 375 1801 ἢ
399 1730 606 1816 πρεσβύτερος
622 1736 640 1802 ἢ
666 1729 805 1802 διάκονος
822 1729 928 1814 κύβοις
944 1729 1106 1814 σχολάζων
1123 1738 1173 1794 καί
1189 1731 1340 1814 μίθαιςδ

148 1838 330 1901 παυσάσθω
353 1841 372 1907 ἢ
393 1839 626 1922 καθαιρείσθω.

87 1968 132 2029 μγ
151 1941 366 2016 Ὑποδιάκονος
391 1949 409 2014 ἤ
436 1949 640 2028 ἀναγνώστης
655 1949 673 2014 ἣ
691 1944 812 2027 ψάλτης
827 1951 866 2007 τά
891 1948 983 2028 ὅμοια
1006 1955 1101 2009 ποιῶν
1117 1949 1136 2014 ἢ
1153 1944 1335 2008 παυσάσθω

147 2053 166 2118 ἢ
192 2052 403 2136 ἀφοριζίσθω.
802 2103 807 2114 .
1361 2071 1388 2110 ιο

85 2157 130 2242 μδ
151 2157 333 2229 Ἐπίσκοπος
355 2163 375 2227 ἣ
399 2157 606 2244 πρεσβύτερος
637 2163 657 2230 ἢ
688 2158 828 2230 διάκονος
857 2163 964 2231 τόκους
988 2164 1130 2223 ἀπαιτῶν
1147 2167 1219 2231 τοὺς
1236 2159 1342 2223 δανει-

148 2262 293 2345 ζομίνους
309 2267 328 2333 ἦ
345 2269 525 2329 παυσάσθω
541 2263 828 2352 τ’ίκοιθαιρείσθω.β

88 2395 131 2457 με
151 2369 332 2444 Ἐπίσκοπος
355 2377 374 2443 ἦ
397 2372 604 2460 πρεσβύτερος
628 2377 646 2443 ἀ
672 2373 811 2445 διάκονος
833 2379 992 2459 αἰρετικοίς
1009 2371 1230 2458 συνευξάμενος
1246 2378 1337 2456 μόνον

150 2481 361 2566 ἀροριζίσθω.
391 2484 417 2544 εί
440 2481 472 2545 δὲ
496 2488 547 2545 καί
572 2483 732 2568 ἐπέτρεψεν
758 2485 863 2553 αὐτοῖς
891 2482 934 2553 ὡς
957 2481 1106 2566 κληρικσίς
1129 2486 1291 2567 ἐνεργῆσαί
1310 2504 1338 2544 τι

149 2587 406 2671 καθαιρείσθω.ί
1362 2607 1391 2646 ον

85 2714 133 2774 μς
152 2692 333 2756 Ἐπίοκοπον
357 2699 376 2764 ἦ
401 2695 605 2782 πρεσβύτερον
631 2701 787 2782 αἱρετικῶν
806 2691 990 2778 δεξαμένους
1006 2695 1206 2780 βάπτισμαῆ
1223 2697 1340 2759 θυσίαν

149 2801 376 2886 καθαιρεῖσθαι
408 2808 649 2887 προστάσσομεν.
695 2811 742 2876 τίς
775 2809 837 2889 γάρ
879 2807 1078 2890 συμφώνησις
1116 2812 1235 2889 χριστῷ
1265 2808 1342 2888 πρός

150 2909 275 2992 Βελίαρ;
299 2913 383 2981 ἣτίς
398 2917 484 2994 μερίς
501 2919 598 2992 πιστῷ
623 2917 702 2994 μετὰ
727 2915 877 2986 ἀπίστους
980 2945 982 2950 -

91 3011 139 3097 μζ
152 3016 337 3088 Ἐπίσκοπος
358 3022 378 3087 ἢ
402 3017 610 3102 πρεσβύτερος
633 3024 683 3079 τόν
707 3023 788 3080 κατά
805 3017 958 3088 ἀληθειαν
975 3021 1088 3101 ἔχοντα
1106 3015 1271 3100 βάπτισμα
1287 3018 1342 3079 ὲάν

151 3125 275 3186 ἀνωθεν
300 3123 437 3210 βαπτίση
460 3129 479 3195 ἢ
504 3130 554 3188 τόν
583 3125 807 3208 μεμολυσμένον
848 3130 935 3206 παρά
968 3135 1029 3186 τῶν
1061 3123 1187 3208 ἀσεβῶν
1218 3129 1271 3187 ἐάν
1302 3131 1346 3208 μὴ
1365 3143 1393 3184 οε

242 3283 275 3349 α)
293 3287 424 3351 sequitur:
444 3283 563 3351 Σχόλιον.
581 3283 736 3352 Ἀνατρκαῑαι
747 3287 837 3354 χρεῖαι
851 3280 991 3354 διατροραί
1004 3285 1048 3336 καλ
1062 3280 1205 3350 ἐνδύματα,
1220 3280 1257 3343 ὣς
1270 3285 1313 3334 καί
1327 3282 1341 3334 ό

151 3371 278 3441 μακάριός
304 3389 368 3442 φησι
393 3374 498 3432 Παῦλος
525 3372 551 3425 ἀν
575 3377 612 3442 τῷ
627 3378 742 3445 τετάρτῳ
761 3367 808 3432 της
827 3373 890 3445 πρός
908 3373 1042 3440 Τιμόθεον
1062 3373 1169 3444 πρώτης
1188 3367 1342 3433 ἐπιστολῆς·

153 3456 255 3526 ἔχοντες
276 3459 420 3532 διατρορδις
439 3465 483 3514 καί
502 3465 677 3531 σκεπάσματα
694 3462 797 3521 τούτοις
823 3461 1058 3533 ἀρκεσθησόμεθα.

244 3547 278 3619 β)
298 3553 356 3621 περί
375 3549 566 3620 λαμβανόντων
585 3553 687 3612 τόκους.

244 3640 276 3709 ρ)
297 3637 460 3708 ἀναγίνωσκε
474 3646 521 3702 τῆς
534 3640 561 3693 ίν
574 3641 747 3713 Λαοδικ[ε]ίορ
759 3642 857 3694 κανόνα
869 3641 910 3710 λη.

237 3771 245 3806 1
262 3767 298 3808 τόν
312 3777 338 3807 ιν
352 3767 381 3806 Η.
397 3788 423 3795 -
438 3764 452 3817 ἠ
467 3765 512 3807 τιῑιν
528 3769 643 3808 vaticanus
658 3769 775 3809 Ζοοεταοί
789 3789 815 3797 -
831 3769 843 3808 8
858 3767 938 3809 πολλοῦ
953 3779 972 3808 ο.
988 3789 1014 3797 -
1034 3767 1116 3821 μᾶλλον
1136 3771 1188 3818 ροσε
1203 3763 1228 3807 όν
1248 3769 1312 3808 addit
1327 3780 1347 3818 ο,

154 3838 244 3892 μάλλων
259 3841 288 3879 Η.
304 3861 331 3869 -
352 3835 508 3880 συστέλλεσθαι
522 3851 542 3879 ο.
558 3861 583 3868 -
603 3836 691 3890 ίόξίαν
711 3852 752 3890 ρτο
775 3839 872 3889 ίξουσίαν
888 3841 912 3879 Ρ.
928 3861 954 3870 -
975 3837 1043 3880 πάντα
1057 3851 1082 3880 τυ
1097 3839 1126 3878 H.
1142 3859 1169 3868 —
1183 3839 1220 3880 καί
1234 3843 1286 3881 σιτία
1301 3840 1349 3884 τοῖς

153 3912 238 3953 addunt
253 3913 300 3952 ΗΡ.
312 3931 338 3942 -·
351 3909 396 3952 τῶν
410 3921 436 3952 ιν
450 3911 498 3950 ΗΡ.
514 3931 540 3942 -
554 3913 567 3952 ό
581 3911 617 3952 καί
632 3913 695 3962 priua
705 3923 731 3952 ω
741 3913 788 3961 ΗΡ,
804 3913 872 3953 δεῦσε
885 3921 914 3952 m.
926 3932 952 3942 -·
967 3908 1154 3965 ίτιχωρηητῑτδαι
1164 3923 1194 3960 m,
1210 3909 1348 3966 ἀντιχορηγεῖ-

155 3979 205 4024 σδαε
215 3985 294 4024 ffl’cr.
305 3985 355 4022 -ῦ
369 3983 404 4023 καί
413 3995 439 4024 ευ
449 3994 466 4022 τ.
478 3985 526 4023 -7
542 3980 602 4037 αῦτῷ
614 3985 643 4033 Η,
653 3995 675 4024 m
685 3980 760 4033 αὺτοῦ,
770 3984 810 4024 ud
820 3993 848 4024 m.
860 3994 906 4024 τοο.
918 3983 978 4022 Idem
988 3981 1038 4035 ’τοῖα
1051 3983 1098 4022 -8
1109 3980 1174 4024 οάτόν
1183 3993 1224 4032 pro
1236 3979 1316 4027 αὐτοὺς
1327 3994 1347 4023 ε.

155 4075 180 4084 -·
191 4051 324 4108 ὺστιρῆοόαε
337 4065 368 4094 m.
383 4075 409 4084 -
423 4053 623 4109 9·όπηρττοῡντας
638 4055 666 4104 Η,
682 4051 842 4108 παραμόνονττς
857 4055 883 4104 G,
899 4056 966 4095 σείσω
981 4065 1015 4092 mc
1031 4059 1055 4094 υτ
1069 4065 1117 4103 σοι,
1133 4055 1177 4094 nini
1192 4055 1253 4103 quod
1267 4056 1291 4094 ίο
1301 4064 1347 4102 αις.

154 4138 175 4165 m
187 4127 309 4168 Haloandrl
318 4128 436 4168 ίσοείοποιπ
447 4139 475 4168 επ.
487 4139 531 4168 τοο.
542 4129 677 4178 adscriptam
688 4128 786 4177 prabet.
796 4147 822 4156 -
833 4129 858 4166 1⁰
868 4120 1027 4178 διατρέφεσθαι
1036 4125 1064 4166 Η.
1075 4146 1103 4155 -
1112 4123 1243 4178 στρατιῶταί
1255 4135 1308 4166 ποτε
1318 4125 1348 4165 11.

155 4219 180 4226 —
198 4201 219 4237 n
235 4210 255 4238 κ.
272 4196 321 4238 πολ.
336 4203 387 4239 ante
402 4196 463 4242 ίόίοις
478 4211 511 4240 τε.
528 4203 554 4240 10
568 4201 593 4240 P.
609 4221 635 4230 -
657 4195 794 4251 ίπερόρονται
807 4198 840 4248 Η,
861 4194 987 4252 ίπερόροτσι
1007 4209 1037 4240 m.
1053 4219 1079 4228 -
1102 4200 1128 4239 14
1142 4195 1157 4250 ἢ
1172 4195 1257 4251 ψάλτης
1271 4193 1349 4246 tutan

155 4269 228 4324 ἀναγν.
239 4271 287 4310 ΗΡ,
298 4291 325 4300 -
334 4269 422 4311 τάιυῦ.
434 4291 461 4300 -
472 4273 497 4312 15
508 4277 559 4322 ροσε
568 4270 605 4325 ἀρ.
616 4273 703 4312 addunt
711 4271 770 4312 HPG
781 4266 889 4314 ὡσαύτως
898 4271 934 4310 καί
944 4267 1028 4320 λαῖτότ,
1039 4271 1079 4311 τοί
1088 4268 1161 4310 λαῖκοί
1172 4281 1191 4318 ο,
1202 4267 1224 4310 οί
1234 4266 1308 4310 λαῑτοί
1318 4269 1348 4308 Η.

156 4363 182 4372 -
192 4343 216 4381 18
227 4340 380 4394 συναυξόμενος
387 4343 416 4391 Η,
427 4345 467 4382 τοῦ
477 4355 497 4382 m
509 4349 534 4384 υτ
543 4355 591 4384 τοο.
601 4345 658 4384 -21
670 4349 721 4394 ροσε
730 4340 804 4396 πρεσβ.
811 4341 829 4382 O
836 4342 899 4382 εόιίίί
908 4339 923 4393 ἡ
932 4339 1040 4392 διάκονον,
1050 4351 1107 4392 qun
1117 4343 1190 4383 νστῦε
1198 4352 1242 4382 non
1251 4341 1321 4382 habet
1330 4353 1351 4380 σ.

156 4433 182 4442 -
191 4410 307 4462 δεξάμενον
317 4413 360 4460 He,
369 4415 401 4454 ίοε
410 4426 423 4453 ε
433 4419 559 4456 correctore
569 4417 635 4456 ετίετσ
645 4427 675 4462 ιο,
690 4416 714 4454 in
723 4425 766 4465 quo
777 4411 905 4466 διξομόνους
915 4415 1023 4464 seriptum
1033 4420 1089 4456 om
1100 4435 1126 4444 -
1141 4415 1167 4454 τοῦ
1182 4415 1234 4455 Gor.
1246 4415 1270 4454 11
1280 4415 1305 4453 τί
1315 4413 1349 4452 Ιό.

156 4481 250 4538 Χριστοῦ
263 4496 282 4532 ο,
297 4484 337 4526 τοῦ
350 4480 444 4534 Χριστοῦ
458 4487 488 4536 Η,
504 4488 543 4527 τοῦ
554 4483 641 4540 Χριστῷ
651 4498 681 4528 τοι.
696 4507 718 4516 -
732 4487 759 4526 οδ
769 4481 850 4528 Βελίαλ
861 4497 872 4524 ο
883 4489 906 4528 σί
914 4487 1082 4537 spangenberg.
1094 4481 1175 4537 Βιλιαψ
1186 4485 1216 4534 Η,
1227 4479 1308 4536 Βελίαρ
1318 4493 1348 4522 αι.

156 4577 182 4584 -
197 4555 271 4595 πιστοῦ
287 4569 305 4592 τ.
323 4577 348 4584 -
363 4558 389 4596 ῦί
405 4558 452 4596 κατ’
468 4558 496 4596 11.
514 4556 568 4598 κατὰ
583 4561 648 4598 etism
663 4569 691 4597 m.
721 4579 734 4586 -
749 4560 775 4596 25
790 4559 838 4610 παρ’
856 4555 928 4596 αὐτῶν
945 4556 979 4598 ἀσ.
997 4558 1023 4596 τί
