3120 4980
135 386 207 452 ιθ
1192 398 1256 459 κιο

134 550 234 637 μιτδν
254 542 302 636 ἦν
323 553 515 637 προσιέναι,
544 552 630 636 άπερ
650 555 687 618 δὲ
709 565 779 631 τοίς
802 555 948 641 ἱερεῦσιν
970 554 1103 642 ὥριστο,
1126 557 1257 634 τούτοις

135 655 172 718 os
190 660 334 720 Λευῖται
355 651 396 718 ού
417 654 628 740 προσήισαν,
657 653 732 720 ἀλλ’
762 655 896 722 ἕκαστοι
923 653 963 734 ἀς
989 657 1256 743 παρειλήφεισαν

133 751 321 840 ὑπηρεσίας
342 758 649 840 περιγεγραμμένας
677 755 882 841 ἐφύλαττον·
912 760 943 824 εί
962 760 1000 825 δέ
1019 783 1069 836 τις
1091 760 1175 843 πέρα
1197 764 1255 845 τῆς

132 857 355 943 παραδόσεως
379 858 553 942 προσιέναι
574 857 748 941 ἐβούλετο,
774 859 925 937 θάνατος
948 850 995 945 ήν
1013 859 1052 926 τό
1075 859 1251 945 ἐπιτίμιον.

132 962 236 1024 τοῦτο
258 959 297 1025 δὲ
319 959 462 1043 μάλιστα
484 960 622 1039 διέδειξε
645 957 742 1044 καλή
764 959 848 1026 κατά
869 960 1062 1028 τὸν-Σαούλ
1084 974 1194 1050 πείρα,
1218 959 1287 1040 δςο

131 1064 241 1126 θῦσαι
255 1085 443 1145 νενομικιις
460 1062 536 1145 δίχα
555 1065 615 1126 τοῦ
630 1061 809 1147 προφήτου
824 1063 881 1128 καὶ
896 1061 1076 1149 ἀρχιερέως
1092 1069 1254 1148 Σαμουήλ

133 1165 284 1228 ἔσπασεν
300 1165 346 1238 είς
364 1161 485 1228 ἑαυτόν
500 1155 668 1248 ἁμαρτίαν
688 1163 744 1228 καλ
761 1163 913 1248 κατάραν
927 1164 1175 1251 ἀναπόβλητον,
1196 1167 1254 1233 καὶ

132 1261 214 1330 οὐδὲ
230 1262 270 1329 τό
285 1270 460 1349 κεχρίσθαι
475 1259 533 1330 ὑπ’
551 1261 656 1329 αὐτοῦ
670 1267 717 1340 είς
727 1267 866 1348 βασιλέα
882 1265 1080 1352 ἐδνσάπησε
1094 1266 1154 1333 τόν
1168 1291 1254 1353 προ-

132 1365 257 1451 φήτην.
294 1365 512 1453 ἐνεργεστέρηι
538 1367 575 1432 δὲ
598 1370 639 1452 τῇ
667 1367 785 1451 πράξει
808 1368 969 1448 διέδειξεν
1000 1364 1123 1446 όθεδς
1145 1376 1161 1410 *
1183 1383 1253 1446 τοίς

131 1467 218 1534 κατὰ
242 1465 303 1533 τόν
321 1465 445 1550 Ὀζίαν,
476 1465 539 1533 οὐκ
569 1467 608 1533 ἐν
629 1472 808 1556 μελλησμῷ
836 1469 894 1546 τάς
922 1469 976 1534 ἐπὶ
997 1473 1039 1555 τῇ
1059 1475 1252 1558 παρανομίᾳ
1272 1488 1303 1539 ιο

130 1569 399 1654 εἰσπραξάμενος
427 1572 538 1646 δίκας·
568 1568 624 1634 καλ
651 1566 747 1653 ότής
775 1569 1025 1657 ἀρχιερωσύνης
1051 1572 1254 1656 καταμανείς

129 1672 188 1737 καλ
204 1676 265 1756 τής
286 1674 457 1755 βασιλείας
471 1668 647 1754 ἀλλότριος
666 1671 816 1758 κατέστη.
854 1670 894 1737 τά
917 1673 954 1738 δὲ
977 1671 1033 1756 ἐφ’
1054 1669 1151 1757 ἡμων
1173 1680 1254 1750 ἴσως

130 1771 195 1839 οὐκ
208 1771 377 1857 ἀγνοειτε·
396 1777 466 1838 ίστε
481 1772 546 1855 γάρ
558 1773 691 1849 πάντως
706 1772 910 1850 ἐπισκόπους
920 1797 956 1839 τε
968 1773 1047 1858 παρ’
1062 1771 1157 1860 ήμῶν
1172 1773 1252 1841 ὀνο-

128 1873 324 1960 μασθέντας
350 1875 406 1939 καλ
428 1874 676 1960 πρεσβυτέρους
702 1872 758 1940 καὶ
786 1874 966 1952 διακόνους
994 1873 1075 1962 εὐχή
1097 1876 1154 1942 καλ
1182 1899 1251 1962 χει-

130 1982 203 2061 ριόν
226 1975 393 2058 ἐπιθέσει,
420 1979 462 2062 τῇ
484 1976 633 2062 διαφορᾷ
661 1979 729 2042 τῶν
757 1973 933 2060 ὀνομάτων
956 1980 973 2018 *·
993 1975 1056 2061 τήν
1081 1978 1251 2064 διαφοράν
1270 1995 1302 2048 15

130 2083 200 2144 τοῖν
215 2076 422 2161 πραγμάτων
431 2075 665 2153 δεικνύοντας·
686 2075 728 2143 ού
741 2076 806 2161 γάρ
823 2075 841 2146 ὁ
858 2079 1064 2164 βουλόμενος
1078 2078 1157 2164 παρ’
1170 2077 1252 2166 ήμιν

131 2179 285 2267 ἐπλήρου
304 2177 367 2263 τήν
387 2190 493 2264 χεῖρα,
514 2175 627 2262 ὥσπερ
651 2179 706 2246 ἐπὶ
727 2183 785 2264 τῆς
807 2180 970 2265 κιβδήλου
988 2186 1056 2247 ταῖν
1073 2181 1252 2265 δαμάλεων

131 2280 188 2348 ἐπὶ
211 2283 273 2346 τοῦ
290 2277 460 2366 Ἱεροβοάμ
489 2281 787 2366 παρακεκομμένης
818 2281 1018 2366 ἱερωσύνης,
1046 2279 1120 2358 ἀλλ’
1151 2279 1251 2348 ὁκα-

129 2384 298 2468 λούμενος
317 2379 383 2448 όπό
403 2386 463 2448 τοῦ
479 2385 576 2446 θεοῦ.
622 2384 654 2446 εί
676 2384 739 2466 μὲν
756 2381 822 2466 γάρ
846 2379 1040 2468 μή-θεσμός
1057 2405 1106 2460 τις
1125 2372 1169 2467 ήν
1193 2383 1249 2450 καί

129 2485 261 2564 τάξεων
282 2484 447 2570 διαφορά,
467 2481 564 2568 ήρκει
587 2478 631 2549 ἀν
650 2481 696 2548 δι’
721 2483 795 2560 ἑνός
817 2481 979 2567 ὀνόματος
999 2481 1040 2549 τά
1063 2483 1124 2550 ὅλα
1143 2489 1248 2552 τελεῖ·
1267 2501 1301 2552 20

129 2593 230 2653 σθαι·
258 2583 332 2652 ἀλλ’
356 2581 425 2650 ὑπό
451 2589 512 2650 τού
540 2589 664 2666 κυρίου
686 2585 902 2670 διδαχθέντες
923 2582 1135 2652 ἀκολουθίαν
1162 2609 1250 2672 πρα-

127 2688 285 2774 χμάτων,
316 2698 385 2764 τοῖς
404 2687 467 2770 μὲν
489 2686 684 2762 ἐπισκόποις
704 2684 745 2752 τά
764 2673 822 2772 τῆς
843 2673 1093 2773 ἀρχιερωσύνης
1115 2687 1250 2773 ἐνείμα-

128 2815 206 2877 μεν,
228 2801 298 2866 τοῖς
319 2789 356 2855 δὲ
379 2788 617 2872 πρεσβυτέροις
636 2785 676 2852 τά
691 2791 748 2871 τῆς
770 2783 963 2873 ἱερωσύνης,
987 2801 1055 2866 τοις
1077 2791 1115 2855 δὲ
1132 2788 1249 2855 διακό-

129 2916 204 2969 νοις
225 2889 266 2978 τά
287 2894 346 2976 τῆς
368 2887 451 2974 πρὸς
470 2888 682 2975 ἀμφοτέρους
704 2892 887 2973 διακονίας,
913 2889 959 2956 ἵν’
985 2881 1007 2976 η’
1033 2894 1192 2974 καθαράς
1207 2891 1248 2956 τά

128 2999 189 3080 τῆς
218 2997 404 3079 θρησκείας
432 2990 683 3076 ἐπιτελούμενα.
729 2989 805 3057 ούτε
829 2991 895 3077 γάρ
922 2991 1070 3079 διακόνφ
1096 2994 1249 3076 προσφέ-
1265 3008 1298 3058 25

129 3119 206 3181 ρειν
227 3100 356 3161 θυσίαν
376 3092 519 3178 θεμιτόν
538 3089 561 3178 ή
582 3095 753 3177 βαπτίζειν
774 3089 797 3177 ή
819 3091 977 3177 εὐλογίαν
999 3090 1124 3176 μικράν
1143 3089 1167 3178 ή
1187 3117 1248 3178 με-

128 3199 240 3283 γάλην
254 3203 437 3278 ποιεῖσθαι,
459 3192 534 3260 οὕτε
547 3194 777 3282 πρεσβύτερον
788 3197 994 3280 χειροτονίας
1010 3195 1191 3260 ἐπιτελεῖν·
1207 3193 1248 3260 ού

128 3298 195 3384 γάρ
223 3297 319 3365 όσιον
346 3295 580 3381 ἀνεστράφθαι
607 3293 670 3382 τήν
696 3296 800 3376 τάξιν.
846 3293 887 3361 ού
914 3295 979 3382 γάρ
1010 3297 1102 3362 ε’στιν
1128 3293 1248 3375 όθεδς

127 3401 386 3482 ἀκαταστασίας,
409 3401 466 3465 ἵνα
489 3400 525 3464 οί
544 3395 790 3484 ὑποβεβηκότες
812 3397 852 3484 τά
873 3401 941 3463 τῶν
963 3397 1166 3481 κρειττόνων
1187 3423 1247 3464 τν-

129 3501 299 3588 ραυνικός
318 3505 586 3586 σφετερίζωνται,
609 3504 816 3585 νομοθεσίαν
838 3497 959 3584 καινήν
980 3498 1248 3580 ἀναπλάττοντες
1264 3517 1299 3570 30

198 3676 230 3727 17
248 3676 309 3742 Bag
327 3691 343 3741 χ
362 3674 407 3738 13,
427 3674 459 3726 33
486 3675 491 3738 Ι
517 3674 550 3725 28
569 3674 622 3726 Cor
640 3691 659 3725 α
680 3674 724 3738 14,
743 3674 775 3725 33

128 3851 144 3897 2
162 3845 321 3911 προσίεσαν
338 3849 369 3895 xt
383 3843 387 3907 Ι
402 3845 418 3894 2
436 3833 471 3904 ἀς
483 3861 508 3908 x,
528 3832 620 3908 ἀττερ
631 3849 661 3909 yt
675 3843 699 3910 [ς
712 3842 734 3912 t]
751 3846 756 3907 Ι
771 3839 1017 3909 παρειλήφεσαν
1030 3859 1049 3908 y
1063 3842 1068 3908 Ι
1083 3845 1099 3894 4
1112 3835 1246 3906 παραδύ-

129 3945 198 3990 σεας
211 3931 236 3980 X
251 3929 255 3993 Ι
271 3930 287 3978 4
304 3924 467 3994 προϊέναι]
483 3927 518 3996 15
538 3923 679 3992 διέδειξεν
690 3947 708 3981 x
722 3928 727 3994 Ι
742 3929 757 3976 7
778 3922 893 3994 ἔστησεν
904 3945 931 3994 y,
951 3929 1000 3980 εοδ
1018 3945 1035 3993 η
1055 3945 1072 3978 ε
1090 3935 1245 3980 correctore

129 4033 154 4066 m
172 4031 206 4082 pr
232 4013 237 4078 Ι
264 4015 335 4064 7fln
352 4010 496 4082 πόβλητοτ
512 4014 586 4078 >Υ
613 4015 617 4078 Ι
643 4005 861 4080 δέδνσοόπηστν
879 4031 896 4064 x
924 4011 928 4080 Ι
955 4005 1214 4077 θέναρχεστὲραχ
1238 4009 1242 4076 Ι

128 4093 363 4166 θέδειξεκχΙθ
381 4089 463 4166 ἐκ-Ι-
480 4105 511 4165 yt
530 4099 535 4166 Ι
556 4099 587 4150 10
604 4097 729 4165 μελισμιό
747 4098 778 4162 ίΙ
800 4098 828 4149 ll
848 4089 931 4149 καλό
949 4103 987 4160 τι,
1008 4083 1197 4162 όούνχΙΙθ
1215 4111 1245 4148 τε

127 4184 162 4246 >
178 4181 235 4248 χιΙ
259 4183 289 4236 λθ
307 4179 356 4234 καλ
373 4183 407 4248 -Ι-
424 4191 455 4248 yt
475 4185 478 4246 Ι
500 4183 533 4234 16
549 4174 666 4250 ἡμῶν]
687 4183 691 4246 Ι
714 4182 743 4232 17
763 4173 887 4249 ἐπλήρου
904 4187 945 4241 xt,
965 4173 1058 4233 ἐτίθει
1075 4181 1118 4245 χΙ
1143 4181 1174 4232 19
1191 4174 1245 4246 μὲν

129 4259 183 4332 γάρ
202 4274 239 4328 τι,
259 4266 393 4333 τοίνυν]
414 4268 418 4330 Ι
437 4269 470 4318 25
489 4263 629 4320 διάκονον
646 4267 683 4332 χΙ
704 4269 736 4317 27
755 4257 820 4322 ούτε
837 4283 864 4332 x,
883 4258 948 4318 οὔτε
966 4272 985 4329 t,
1005 4256 1127 4332 ήςΙθδ
1146 4279 1244 4331 σφετε-

129 4351 256 4418 ρίζοτται
273 4365 291 4400 x
