3128 4972
666 487 879 550 „51-

164 654 309 735 „diebus
338 654 551 740 paschalibus
578 677 680 741 prope
702 655 866 720 miueham
892 661 940 740 (r.-
967 657 1066 742 paulo
1094 664 1171 722 ante
1194 657 1373 743 minebam)

164 797 261 839 nemo
286 775 379 854 edat,
411 774 517 839 donee
539 776 696 840 tenebrae
720 775 949 841 oboriantur“.
996 777 1090 840 Quae
1113 777 1214 843 verba
1237 778 1370 858 dooent,

165 895 207 958 ab
232 916 270 959 eo
293 902 460 979 tempore,
491 917 555 980 quo
579 895 712 960 minoha
735 896 844 960 offerri
866 898 998 961 solebat
1021 899 1066 981 (h.
1093 919 1121 961 e.
1148 897 1189 961 ab
1214 899 1294 962 hora
1317 897 1373 964 de·

163 1013 251 1078 eima
273 1013 439 1099 ineunte),
463 1037 567 1099 usque
591 1016 633 1080 ad
655 1037 827 1100 vesperum
852 1019 885 1081 h.
911 1038 940 1081 e.
965 1038 1068 1102 usque
1092 1017 1133 1082 ad
1157 1038 1292 1082 ooenam
1316 1040 1373 1101 pa·

163 1134 315 1199 sebalem
338 1136 482 1199 Judaeos
506 1134 623 1199 solitos
647 1155 719 1200 esse
737 1136 888 1220 jejunare
895 1161 905 1215 3
936 1158 1053 1222 nempe
1077 1135 1153 1221 quia
1182 1136 1373 1202 indecorum

164 1255 343 1320 videbatur
366 1278 385 1319 a
407 1254 544 1340 profana
568 1277 671 1320 ooena
692 1255 843 1342 protinus
866 1257 1058 1322 adsueram
1081 1257 1248 1337 secedere,
1273 1264 1373 1341 atque

159 1375 268 1460 jejuni
291 1375 355 1439 soli
377 1375 577 1440 videbantur
600 1374 709 1460 digni,
740 1375 796 1460 qui
820 1378 881 1442 hae
905 1376 1102 1441 fruerentur.
1150 1376 1213 1441 Cui
1236 1398 1373 1442 eonsue-

163 1495 273 1559 tudini
302 1517 499 1578 quamquam
526 1518 592 1560 nou
620 1517 753 1581 prorsus
785 1496 873 1560 idem
901 1497 1037 1560 suberat
1066 1495 1239 1561 eonsilium
1273 1504 1373 1581 atque

164 1615 366 1679 Asianorum
392 1615 521 1701 jejunio
553 1653 595 1664 -·-
627 1617 842 1700 quamobrem
876 1615 1073 1698 Asianorum
1107 1624 1141 1679 et
1173 1615 1373 1680 Judaeorum

160 1734 326 1820 jejunium
342 1737 440 1821 plane
462 1734 548 1800 idem
564 1735 666 1800 fuisse
684 1735 840 1800 eontendi
856 1735 971 1820 nequit
987 1773 1045 1815 -,
1068 1742 1180 1799 tamen
1197 1737 1279 1799 haee
1296 1757 1372 1799 oon·

164 1856 307 1920 suetudo
323 1855 463 1920 Judaioa
478 1855 634 1920 ecelesias
651 1855 848 1920 christianas
864 1855 962 1920 laoile
978 1854 1089 1940 potuit
1105 1854 1261 1934 exeitare,
1285 1862 1323 1918 ut
1340 1863 1374 1918 et

165 1974 227 2060 ipsi
251 1975 392 2056 similem
417 1975 641 2040 instituerent.
667 2013 707 2024 -
731 1975 874 2040 Asianos
898 1985 1009 2040 autem
1031 1997 1127 2039 suum
1144 1973 1310 2059 jejunium
1335 1997 1373 2039 eo

164 2095 349 2180 suscepisse
367 2095 516 2174 oonsilio,
541 2103 580 2160 ut
596 2094 690 2179 digni
704 2096 841 2179 Deoque
865 2095 993 2180 aeeepti
1016 2093 1190 2159 sollemnia
1213 2094 1371 2174 facerent,

164 2237 203 2280 eo
227 2214 335 2279 minus
359 2223 472 2300 potest
487 2215 625 2299 negari,
655 2238 730 2280 oum
753 2215 854 2279 etiam
877 2215 1092 2280 oeoideutalis
1115 2214 1199 2279 ritus
1222 2214 1374 2278 defenso·

164 2359 217 2400 res
241 2338 305 2400 hoo
329 2335 502 2401 eonsilium
520 2335 647 2421 jejunio
671 2335 778 2400 inesse
807 2335 986 2400 affirment.
1032 2337 1196 2399 Eusaarus
1226 2335 1313 2398 euim
1340 2333 1374 2398 iu

165 2455 251 2520 libro
275 2456 406 2542 saepius
430 2455 555 2520 uitato¹
581 2455 662 2520 dieit
686 2459 726 2538 (o.
752 2457 796 2539 4),
825 2478 860 2520 se
883 2477 1025 2539 suosque
1049 2457 1172 2539 paseha
1195 2454 1372 2533 celebrare,

166 2575 488 2662 praeparationis
527 2598 647 2640 causa
681 2575 810 2660 jejunio
848 2575 1070 2660 quadraginta
1107 2575 1232 2639 dierum
1277 2581 1375 2638 antea

166 2704 338 2781 assumpto
355 2687 674 2776 (προπαρασκιυῆς
692 2692 794 2757 ἕνεκα
806 2691 855 2773 τὴν
866 2691 1177 2774 τισσαρακονθὴμερον
1190 2688 1308 2772 ἄσκησιν
1319 2717 1373 2754 πα-

167 2811 437 2898 ραλαμβάνοντες),·
461 2825 495 2880 et
518 2815 639 2880 ibidem
665 2821 706 2900 (o.
732 2818 798 2899 ll):
820 2811 1026 2895 παρασκευὴ
1042 2810 1104 2894 μὲν
1123 2813 1202 2893 ἡμῖν
1220 2811 1309 2874 ἔστω
1326 2836 1373 2891 νη·

166 2943 281 3018 orrr'u,
304 2942 433 3012 πένθους
455 2943 611 3026 σύμβολον,
632 2943 689 3006 onir
711 2942 857 3022 προτέρων
878 2939 942 3021 ἡμῖν
962 2941 1047 3023 χάριν
1069 2939 1299 3021 ἁμαρτημάτων,
1326 2933 1374 3001 καὶ

164 3063 275 3144 μνήμης
293 3061 374 3126 ἕνεκα
392 3067 443 3125 τοῦ
461 3061 600 3143 σωτηρίου
618 3062 747 3132 πάθους.
778 3063 875 3128 Unde
891 3062 1053 3140 videmus,
1076 3062 1176 3126 stiam
1194 3059 1374 3124 Eusebium

166 3184 341 3263 statuisse,
370 3183 534 3269 jejunium
564 3183 687 3268 suscipi
713 3207 780 3248 uon
808 3183 915 3246 solum
944 3187 1079 3266 propter
1107 3179 1241 3244 Domini
1268 3173 1375 3244 nostri

165 3305 371 3389 passionem,
411 3305 469 3368 sed
505 3304 603 3368 etiam
637 3300 961 3389 praeparationis
995 3323 1110 3364 eausa
1144 3309 1178 3364 et
1210 3309 1375 3387 propter

165 3431 332 3510 peecata
359 3433 513 3488 nostra.
560 3423 669 3487 Quam
697 3423 832 3487 eandem
863 3420 1064 3486 seutentiam
1095 3422 1185 3507 apud
1212 3425 1373 3486 Arusna-

168 3565 247 3608 aruu
270 3544 469 3623 invenimus,
499 3543 555 3628 qui
583 3543 617 3608 in
646 3543 787 3628 epistola
811 3541 959 3628 paschali
983 3541 1098 3625 quinta
1124 3543 1206 3606 haee
1231 3541 1372 3605 babet':

167 3667 323 3744 „Pascha
354 3663 484 3748 quidem
523 3687 598 3728 esoa
630 3663 783 3728 caelestis
816 3663 879 3728 erit
909 3685 989 3747 pure
1022 3662 1144 3726 festum
1177 3659 1371 3746 agentibus;

166 3783 328 3869 „impuris
358 3793 470 3848 autem
499 3793 533 3848 et
562 3783 814 3866 aspernantibus
842 3783 1024 3868 perieulum
1053 3791 1152 3866 atque
1181 3779 1371 3865 ignominia.

166 3903 360 3990 „Scriptum
384 3913 435 3968 est
458 3903 561 3968 enirn:
593 3902 648 3987 qui
672 3904 850 3968 manducat
873 3911 907 3968 et
930 3902 1017 3968 bibit
1039 3901 1187 3985 indigne,
1212 3921 1287 3964 reus
1311 3897 1374 3962 erit

166 4025 309 4106 „mortis
331 4023 467 4089 Domini
489 4023 604 4089 nostri.
652 4023 763 4107 Igitur
785 4047 831 4088 ne
860 4022 1106 4107 simpliciter
1135 4021 1182 4084 ad
1205 4017 1373 4083 festalis

253 4284 263 4317 ¹
287 4291 335 4349 De
351 4291 504 4369 paschate,
521 4289 567 4348 ed.
584 4291 665 4360 Mar,
681 4289 761 4347 Nor.
777 4293 855 4365 patr.
873 4287 947 4346 bibl.
963 4287 1018 4356 IV,
1035 4286 1096 4342 209
1114 4303 1179 4361 sqq.

254 4369 265 4402 ²
288 4377 465 4450 Ma1‚Nov.
482 4379 559 4453 patr.
576 4374 650 4432 bibl.
667 4375 721 4446 VI,
740 4377 767 4446 1,
785 4376 834 4432 59.
856 4405 888 4414 -
909 4373 1058 4442 Laurow,
1074 4362 1257 4448 Fealbriese,
1276 4390 1304 4447 p.
1322 4370 1375 4448 85.

1120 4467 1157 4518 4·
