3120 4980
312 421 376 484 276
1292 426 1310 475 ο
1327 409 1428 460 41-44

312 580 539 667 ἀνεγκλήτως·
562 577 618 646 διά
640 582 701 644 τοῦ
719 582 841 664 κυρίου
862 575 958 663 ήμῶν
976 577 1084 661 Ἰησοῦ
1101 580 1239 661 χριστοῦ
1260 579 1321 640 τοῦ
1343 573 1429 659 άγα-

313 687 421 769 πητοῦ
442 699 506 748 σου
534 681 668 764 παιδός,
698 678 778 764 μεθ’
802 670 844 744 οῦ
865 679 919 745 σοὶ
940 680 1037 758 δόξα,
1066 675 1143 762 τιμή
1169 676 1226 743 καὶ
1248 677 1348 761 σέβας
1373 674 1428 742 καὶ

312 790 359 872 τῷ
386 784 470 873 ἁγίφ
499 783 664 866 πνεύματι
691 784 739 860 είς
770 780 849 858 τούς
875 784 1015 857 αίῶνας·
1053 778 1154 866 άμήν.
1181 789 1185 857 Ι
1211 779 1430 846 έπιτελείσθω
1438 790 1474 851 12

312 887 350 952 δέ
373 889 468 972 τρίτα
494 888 563 952 τῶν
589 884 840 968 κεκοιμημένων
867 883 905 948 έν
926 887 1069 966 ψαλμοῖς
1090 881 1147 948 καὶ
1167 879 1430 964 ἀναγνώσμασιν

277 987 369 1056 σκαὶ
394 997 596 1073 προσευχαῖς
616 983 672 1051 διά
699 983 833 1050 τὸνδιὰ
859 987 964 1068 τριῶν
989 981 1124 1069 ἡμερῶν
1146 982 1345 1068 ἐγερθέντα,
1373 981 1429 1046 καί

311 1095 413 1158 ἔνατα
435 1091 481 1165 είς
501 1085 692 1174 ὑπόμνησιν
707 1091 776 1153 τῶν
795 1086 982 1172 περιόντων
1004 1086 1061 1152 καί
1075 1089 1143 1152 τῶν
1165 1085 1428 1170 κεκοιμημένων,

311 1191 369 1258 καί
389 1189 639 1277 τεσσαρακοστά
660 1188 744 1254 κατά
763 1188 823 1254 τὸν
844 1187 988 1254 παλαιόν
1006 1187 1113 1254 τύπον
1129 1191 1272 1271 ΙΜωσήν
1289 1183 1355 1270 γάρ
1370 1181 1429 1250 οῦ-

311 1317 376 1370 τως
397 1289 416 1358 ὁ
432 1291 511 1370 λαός
528 1291 737 1376 ἐπένθησεν),
756 1291 813 1356 καὶ
827 1289 981 1355 έυιαύσια
996 1286 1081 1376 ὑπὲρ
1095 1294 1212 1375 μνείας
1226 1287 1348 1356 αὐτοῦ·
1374 1286 1429 1352 καὶ

311 1393 461 1461 διδόσθω
477 1396 496 1435 *
512 1393 550 1459 έκ
564 1396 632 1458 τῶν
648 1388 871 1478 ὑπαρχόντων
886 1389 991 1458 αύτοῦ
1008 1393 1150 1477 πένησιν
1172 1394 1219 1468 είς
1238 1389 1429 1474 ἀνάμνησιν

261 1512 294 1564 10
312 1494 427 1563 αύτοῦ.
449 1498 453 1583 Ι
473 1499 577 1560 ταῦτα
599 1495 637 1560 δὲ
659 1493 735 1580 περὶ
757 1490 908 1578 εὐσεβῶν
932 1495 1088 1578 λέγομεν·
1112 1491 1271 1578 περὶγὰρ
1294 1491 1472 1577 άσεβῶνλθ

313 1597 373 1664 έάν
395 1595 435 1664 τά
457 1601 518 1662 τοῦ
538 1596 668 1681 κόσμον
689 1598 756 1683 δῷς
781 1595 939 1679 πένησιν,
970 1593 1072 1661 οῦδὲν
1093 1591 1225 1679 όυήσεις
1244 1591 1359 1660 αὐτόν.
1402 1585 1429 1680 ᾧ

310 1698 376 1785 γὰρ
388 1699 538 1784 περιόντι
554 1697 679 1783 έχθρδν
690 1689 735 1783 ήυ
749 1695 787 1762 τδ
799 1704 909 1780 θετον,
927 1698 1032 1781 δήλου
1047 1696 1125 1762 ὅτι*
1143 1695 1199 1763 καί
1209 1696 1427 1781 μεταστάντι·

310 1799 354 1868 ού
374 1801 439 1886 γάρ
462 1803 553 1867 ἔστιν
574 1797 689 1866 άδικία
711 1797 792 1884 παρ’
816 1795 917 1886 αύτῷ.
963 1800 1092 1876 δίκαιος
1111 1797 1176 1883 γάρ
1200 1795 1218 1864 ὁ
1240 1797 1358 1882 κύριος
1373 1797 1429 1863 καὶ

311 1902 528 1978 δικαιοσύνας
540 1899 731 1986 ήγάπησευ·
755 1900 811 1967 καὶ
830 1898 916 1966 Ἰδού
931 1899 1114 1984 ἄνθρωπος
1131 1899 1188 1966 καί
1199 1899 1236 1966 τό
1252 1903 1355 1986 ἔργον
1366 1897 1429 1966 αύ-

264 2019 293 2070 ισ
310 2008 381 2070 τοῦ.
403 2015 407 2085 Ι
428 2002 467 2068 έυ
488 2002 525 2066 δὲ
545 2014 616 2079 ταῖς
642 2007 773 2086 μυείαις
801 1999 914 2068 αύτῶυ
939 2002 1142 2086 καλούμενοι
1168 2000 1251 2086 μετά
1277 1998 1471 2080 εύταξίαςσι

310 2105 467 2171 ἑστιᾶσθε
481 2103 537 2168 καί
555 2103 667 2187 φόβου
681 2109 778 2185 θεοῦ,
795 2101 840 2181 ῶς
856 2103 1040 2188 δυνάμενοι
1055 2104 1111 2170 καὶ
1126 2103 1328 2190 πρεσβεύειν
1342 2101 1428 2189 ὑπὲρ

310 2207 378 2272 τῶν
398 2204 645 2289 μεταστάντων.
690 2207 911 2293 πρεσβύτεροι
935 2205 1001 2290 γάρ
1028 2204 1085 2271 καί
1109 2206 1263 2272 διάκονοι
1289 2210 1430 2291 χριστοῦ

308 2305 527 2393 ὑπάρχοντες,
550 2307 674 2393 νήφειν
695 2307 846 2394 όφείλετε
868 2309 1012 2374 πάντοτε
1031 2306 1187 2393 καὶπρὸς
1206 2309 1347 2385 ἑαυτούς
1373 2309 1428 2374 καί

310 2409 393 2498 πρὸς
410 2411 553 2497 ἑτέρους,
569 2412 627 2476 ἰ’να
644 2409 796 2495 δύνησθε
810 2407 888 2486 τοῦς
902 2407 1128 2486 ἀτακτοῦντας
1143 2417 1335 2477 νουθετεῖν.
1374 2415 1428 2476 λέ-

259 2528 293 2582 20
310 2536 362 2598 γει
377 2508 448 2596 δὲή
467 2510 581 2597 γραφή
599 2513 644 2576 Os
658 2513 823 2578 δυνάσται
841 2513 1013 2596 θυμῶδεις
1034 2515 1135 2578 είσίν·
1158 2508 1253 2578 οἶνον
1269 2521 1286 2556 *
1301 2509 1347 2596 μή
1372 2537 1428 2577 πι-

309 2617 471 2696 νέτωσαν,
492 2615 550 2679 ἳνα
568 2611 611 2698 μή
638 2614 770 2691 πιόντες
791 2613 1019 2680 ἐπιλάθωνται
1040 2617 1098 2698 τῆς
1117 2619 1238 2699 σοφίας
1258 2614 1316 2680 καί
1338 2611 1428 2696 ὀρθά

309 2720 441 2800 κρίνειν
463 2712 505 2781 ού
520 2715 565 2799 μή
588 2715 767 2781 δύνωνται.
807 2713 933 2780 ούκοῦν
950 2714 1007 2780 καὶ
1021 2717 1058 2780 οί
1075 2717 1296 2800 πρεσβύτεροι
1318 2714 1377 2782 καί
1397 2716 1431 2781 οί

309 2818 462 2884 διάκονοι
476 2815 558 2901 μετὰ
572 2819 589 2856 *
604 2814 689 2883 θεὸν
700 2814 759 2882 τόν
778 2817 1034 2902 παντοκράτορα
1054 2816 1112 2884 καὶ
1128 2815 1187 2884 τὸν
1208 2815 1427 2903 ἠγαπημένον

309 2917 415 2986 αὐτοῦ
442 2917 519 2985 υίδν
546 2918 711 2984 δυνάσται
736 2915 925 3003 ὑπάρχουσι
952 2922 1010 3004 τής
1039 2919 1232 3005 έκκλησίας;
1261 2923 1362 2984 τοῦτο
1390 2921 1429 2984 δέ

257 3041 292 3090 25
310 3044 439 3108 φαμεν,
462 3018 523 3106 ούχ
539 3022 597 3086 ’ίνα
617 3019 661 3106 μή
685 3025 829 3086 πίνωσιν
858 3024 868 3105 Ι
875 3019 983 3098 άλλως
1004 3019 1069 3104 γὰρ
1091 3017 1153 3086 ούκ
1177 3025 1269 3087 έστιν
1287 3017 1425 3107 ὑβρίσαι

308 3121 347 3187 τδ
367 3118 434 3188 ῦπδ
453 3126 539 3188 θεοῦ
558 3123 743 3207 γευόμενον
769 3125 816 3199 είς
838 3119 1082 3208 εὐφροσύνην),
1110 3121 1187 3187 ἀλλ’
1211 3125 1269 3188 ἵνα
1294 3122 1339 3208 μή
1362 3147 1425 3188 πα-

309 3228 479 3308 ροιυῶσιν.
524 3221 564 3290 ού
586 3223 651 3311 γὰρ
674 3219 768 3290 εἶπεν
790 3221 810 3311 ἡ
831 3223 945 3311 γραφή
962 3222 1006 3311 μή
1028 3229 1139 3290 πίνειν
1160 3220 1267 3305 οἶνον,
1291 3223 1378 3291 ἀλλὰ
1395 3227 1430 3290 τί

376 3431 391 3480 7
410 3433 485 3482 Dent
501 3431 543 3491 34,
561 3431 577 3482 8
593 3432 597 3496 Ι
614 3432 646 3484 13
663 3433 757 3484 Psalm
777 3432 816 3496 11,
834 3433 850 3481 λ
867 3431 870 3497 Ι
887 3432 919 3483 14
938 3433 1123 3500 apocryphum
1139 3431 1192 3494 120
1208 3433 1280 3484 Prov
1298 3431 1346 3494 31,
1365 3434 1391 3483 4.
1408 3433 1424 3482 5

377 3511 382 3581 Ι
401 3513 435 3564 26
452 3513 549 3566 sirach
567 3515 608 3577 34,
626 3517 658 3566 ²7

308 3702 324 3750 4
343 3693 376 3751 ob
387 3700 421 3764 >
433 3717 457 3752 w
472 3699 477 3768 Ι
492 3705 509 3752 1
526 3698 575 3753 καὶ
593 3695 815 3770 άναγνῶσμασιν
832 3703 867 3767 >
884 3719 917 3766 ιν,
936 3700 986 3755 καί
1003 3693 1180 3770 α’νοιγνῶοεσι
1199 3706 1249 3769 γλΙ
1269 3705 1286 3754 θ
1304 3698 1355 3756 τὸν
1373 3696 1422 3756 διά

307 3785 341 3848 >
353 3802 370 3836 x
385 3783 389 3852 Ι
404 3785 421 3836 6
434 3780 540 3838 έννατα
552 3793 607 3852 wyt
622 3789 626 3853 Ι
642 3789 657 3837 7
675 3787 792 3856 μωῦσήν
805 3805 829 3839 w
845 3791 848 3852 Ι
863 3788 880 3838 8
894 3779 1036 3856 ἐπένθησε
1054 3788 1135 3854 γ1Ι8
1152 3782 1266 3856 μνήμης
1283 3805 1302 3853 y
1318 3789 1355 3854 18
1373 3781 1423 3841 αύ-

306 3869 362 3923 wir
379 3887 404 3920 w
419 3867 423 3932 Ι
438 3870 455 3921 8
472 3868 522 3923 καί
540 3871 656 3924 alterum
673 3873 707 3936 >
725 3891 748 3924 w
770 3871 810 3938 Ιθ
828 3869 861 3924 δὲ
879 3873 912 3938 -Ι-
930 3889 954 3923 w
974 3875 978 3938 Ι
997 3873 1014 3925 9
1032 3869 1130 3932 αῦιοίς
1149 3891 1172 3924 w
1188 3875 1192 3938 Ι
1209 3873 1241 3924 10
1259 3864 1357 3927 αὐτῶν
1375 3893 1397 3924 w
1417 3871 1422 3940 Ι

310 3956 339 4006 12
362 3971 459 4007 mura
480 3959 563 4008 trium
585 3957 727 4008 literarum
750 3974 839 4024 capax
857 3973 881 4007 w
897 3959 901 4021 Ι
920 3957 948 4007 12
966 3974 1037 4025 μετα
1055 3960 1082 4009 in
1100 3953 1272 4025 μεταστάντι
1295 3975 1313 4011 ει
1335 3977 1424 4011 corre·

307 4045 383 4092 ολοτε
401 4058 419 4106 γ
434 4042 438 4104 Ι
455 4040 487 4092 13
504 4033 520 4092 δ
537 4042 571 4105 >
587 4057 606 4106 y
621 4041 626 4104 Ι
642 4041 673 4090 14
691 4032 822 4109 ἠγάπησε
839 4049 870 4108 yt
889 4044 895 4106 Ι
916 4042 947 4093 15
965 4039 1090 4111 μνήμαις
1109 4061 1132 4092 w
1147 4045 1151 4108 Ι
1170 4045 1200 4093 11
1219 4039 1274 4110 γάρ
1291 4045 1326 4108 >
1344 4045 1424 4108 1118

306 4115 454 4191 ὀφείλεται
473 4145 489 4177 x
510 4125 514 4196 Ι
536 4126 568 4176 18
591 4117 690 4186 έυιόυς
708 4128 733 4176 X
755 4126 759 4191 Ι
782 4127 813 4178 19
831 4120 980 4179 δύνασθαι
999 4145 1022 4178 w
1042 4127 1047 4195 Ι
1067 4128 1101 4178 20
1119 4121 1153 4180 δδ
1170 4135 1239 4193 τιγ1,
1263 4123 1318 4195 γάρ
1337 4129 1423 4194 1120

307 4203 340 4260 δέ
357 4207 391 4275 -Ι-
408 4211 485 4274 1121
505 4203 696 4263 έπιλάδονται
714 4227 731 4262 x
751 4211 756 4275 Ι
776 4211 809 4262 22
826 4208 865 4280 μή
883 4212 917 4275 >
929 4229 953 4262 w
969 4215 973 4280 Ι
993 4215 1026 4264 22
1046 4209 1187 4264 δύνανται
1199 4232 1234 4278 w,
1252 4211 1394 4268 δύσονται
1406 4231 1423 4265 x

308 4293 312 4358 Ι
332 4294 365 4345 23
382 4287 434 4345 τὸν
450 4296 484 4361 -Ι-
502 4313 526 4345 w
541 4294 546 4363 Ι
561 4299 594 4346 ⁶24
610 4287 818 4363 ῦπάρχουσιντ
833 4301 837 4360 Ι
852 4299 886 4347 25
904 4297 1007 4349 πίωσιν
1024 4315 1048 4348 w
1063 4299 1067 4363 Ι
1083 4297 1116 4347 ’ὶθ
1133 4288 1199 4349 άλλ’
1216 4294 1283 4364 ῶςγ
1299 4301 1304 4364 Ι
1319 4301 1354 4350 25
1370 4291 1423 4352 ούι

305 4375 339 4442 >
356 4395 381 4440 x,
401 4377 450 4430 καί
469 4380 549 4438 1116
566 4371 638 4432 α’λλά
653 4387 664 4431 1
679 4383 684 4447 Ι
699 4382 740 4433 λδ.
756 4383 788 4432 ’λλ
802 4381 958 4449 παροινῶσι
971 4387 982 4432 1
997 4383 1001 4446 Ι
1017 4383 1050 4432 27
1068 4376 1133 4436 είπε
1151 4385 1186 4434 W
1201 4387 1205 4446 Ι
1221 4386 1254 4435 21
1272 4385 1387 4454 γραφήν
1399 4401 1421 4434 ιι
