3128 4972
626 481 840 543 ..ςγ-

127 649 264 714 ablatus
288 656 340 712 est
356 671 508 734 sponsus,
533 656 568 714 et
583 652 645 714 hos
669 671 741 714 esse
759 651 829 736 jum
846 651 935 714 solos
951 650 1120 734 legitimos
1132 652 1337 737 jejuniorum

129 767 423 833 Christianorum“
431 771 453 833 ¹.
499 769 663 854 Equibus
680 793 757 834 sane
782 770 870 835 effici
884 770 1027 851 videtur,
1051 771 1208 856 plurimas
1233 775 1338 838 eucle-

127 888 196 953 sias
219 897 297 954 aute
320 891 446 975 pascha
469 890 703 955 celebrandum
725 892 765 956 iia
789 897 918 956 tantum
944 891 1060 956 diebus
1079 893 1249 976 jejunasse
1277 894 1337 972 „in

129 1009 251 1094 quibus
274 1009 407 1074 ablutus
431 1019 484 1074 est
499 1020 677 1095 sponsus“,
701 1014 736 1076 h.
755 1034 783 1077 e.
809 1012 925 1076 diebus
943 1034 1136 1096 parasceves
1161 1020 1196 1077 et
1218 1013 1338 1078 sabba·

128 1129 187 1194 tis.
234 1129 333 1194 Certe
357 1137 470 1194 autem
493 1151 533 1194 ex
555 1132 686 1197 Irenaei
707 1132 817 1197 verbis
839 1132 908 1196 illis
931 1131 1144 1196 manifestum
1169 1139 1236 1213 est,
1264 1140 1338 1197 tum

127 1249 290 1336 temporis
306 1273 372 1315 non
388 1249 437 1314 iu.
452 1251 577 1316 multos
593 1251 663 1316 dies
673 1251 809 1337 jejuniis
825 1251 928 1316 fuisse
945 1253 1084 1316 dicatos.
1105 1293 1135 1301 -
1156 1253 1221 1318 Sed
1238 1254 1337 1338 pauiu

130 1372 295 1455 posthoc
312 1370 488 1456 jejunandi
509 1377 641 1458 tempus
664 1373 770 1457 magis
787 1372 960 1456 magisque
983 1379 1035 1436 est
1051 1371 1240 1438 dilatatum.
1275 1378 1337 1439 At-

129 1511 194 1576 que
215 1490 289 1575 jam
314 1492 472 1556 Drorrsn
499 1489 645 1577 episcopi
671 1492 894 1578 temporibus,
926 1491 1033 1556 medio
1063 1495 1194 1557 saeculo
1223 1493 1335 1572 tertio,

131 1611 356 1675 Alexandriae
383 1633 442 1695 per
469 1633 528 1676 sex
556 1611 643 1692 dies,
676 1612 757 1678 lieet
784 1635 850 1678 nou
884 1613 999 1704 eodem
1027 1612 1124 1676 modo
1160 1613 1202 1677 ab
1234 1612 1338 1676 omui-

131 1731 204 1810 bus,
229 1731 333 1795 fuisse
350 1731 540 1815 jejunatum
563 1734 645 1798 haee
669 1732 739 1818 ejus
762 1735 864 1799 verba
880 1733 1041 1798 docent’:
1078 1726 1146 1811 μηδὲ
1164 1728 1218 1800 τὰς
1235 1729 1265 1806 ἓξ
1281 1731 1338 1792 τοῖν

130 1861 263 1939 νιγστειιὸν
286 1857 395 1942 ἡμέρας
417 1855 486 1928 ι’σοος
506 1856 577 1940 μηδὲ
601 1859 706 1942 ὁμοίως
729 1860 835 1932 πάντες
859 1861 1050 1941 διαμένουσιν·
1078 1855 1140 1921 ἀλλ’
1168 1857 1194 1923 οἱ
1215 1855 1266 1940 μὲν
1289 1851 1338 1920 καὶ

131 1987 232 2059 πάσας
252 1985 479 2070 ιἰπερτιθεάσινΒ
513 1986 606 2053 άοιτοι
628 1992 834 2065 ὄιατελούντες,
861 1988 887 2052 σι’
905 1985 933 2052 di
956 1988 1021 2062 δύο,
1045 1988 1072 2052 οἱ
1095 1984 1124 2051 di
1147 1997 1237 2072 τρεῖς,
1261 1987 1288 2051 σι’
1309 1983 1338 2052 δὲ

130 2114 292 2200 τέσσαρας,
315 2115 342 2181 σι’
363 2113 392 2180 di
411 2114 558 2198 οὐδεμίαν·
582 2112 630 2180 καὶ
648 2126 708 2188 τοῖς
725 2115 776 2198 μὲν
794 2117 871 2181 πάνυ
889 2123 1103 2198 διαπονιγθεῖσιν
1124 2117 1153 2181 ἐν
1174 2125 1239 2187 ταῖς
1255 2116 1338 2199 ύπερ-

129 2243 260 2321 θέσεσιν,
282 2245 343 2309 εἶτα
367 2243 569 2327 άποκάμνοοσι
585 2240 633 2309 καὶ
652 2245 740 2328 μόνον
758 2243 808 2310 ούκ
827 2245 998 2319 ἐκλείπουσι,
1021 2244 1169 2328 συγγνώμη
1186 2251 1237 2326 τῆς
1253 2270 1338 2326 ταχυ·

131 2373 218 2455 τέρας
237 2371 371 2456 γεύσεως·
389 2373 415 2437 εἰ
430 2374 464 2437 de'
477 2399 549 2444 τινες
566 2373 617 2457 οὐχ
635 2371 716 2446 ὅπως
733 2374 786 2457 οὐχ
803 2373 1027 2459 ὑπερτιθέμενοι,
1046 2371 1123 2436 ἀλλὰ
1140 2369 1209 2454 μιγὸὲ
1226 2371 1337 2454 νιγστεύ·

130 2526 235 2573 σαντες
255 2497 273 2584 ἢ
290 2495 340 2566 καὶ
362 2502 559 2583 τρυφήσαντες
580 2501 635 2573 τὰς
658 2503 846 2585 προαγούσας
867 2503 1026 2583 τέσσαρας,
1048 2503 1110 2567 εἶτα
1132 2500 1270 2571 ἐλθόντες
1292 2494 1338 2564 ἐπὶ

130 2629 185 2701 τὰς
202 2629 371 2702 τελευταίας
389 2630 440 2694 δύο
457 2623 505 2692 καὶ
521 2629 614 2710 μόνας
631 2630 753 2714 ἡμερας,
776 2627 868 2704 αύτάς
884 2630 1103 2714 ύπερτιθέντες,
1124 2629 1174 2711 τήν
1196 2655 1226 2693 τε
1243 2654 1337 2712 παρα·

129 2757 230 2840 σκευὴν
247 2752 297 2822 καὶ
314 2756 349 2822 τὸ
366 2757 527 2843 σάββατον,
550 2761 623 2843 μέγα
641 2786 667 2823 τι
685 2753 733 2822 καὶ
751 2758 885 2842 λαμπρὸν
907 2769 994 2824 ποιεῖν
1012 2759 1184 2839 ιιομιζοοσιν,
1207 2753 1244 2821 div
1259 2759 1340 2841 μέχρι

129 2890 179 2968 τῆς
202 2885 239 2951 iu
265 2885 455 2967 διαμείιοισιν,
478 2886 598 2959 τούτους
620 2887 672 2951 οὐκ
696 2887 774 2968 οἶμαι
796 2886 845 2968 τὴν
864 2884 923 2967 ἴσην
941 2885 1066 2967 ἄθλησιν
1084 2889 1263 2968 πεποιῆσθαι
1279 2894 1339 2957 τοῖς

129 3004 184 3079 τὰς
206 3005 343 3077 πλείονας
364 3006 473 3089 ἡμέρας
496 3007 716 3090 προσησκηιιόσι.
754 3010 782 3072 Ε
806 3011 925 3092 quibus
948 3011 1012 3073 hoe
1036 3031 1166 3092 quoque
1189 3015 1337 3092 apparet,

130 3151 198 3193 non
222 3128 367 3192 defuisse
391 3129 631 3208 Alexandriae,
663 3129 718 3213 qui
746 3153 765 3193 a
793 3128 959 3192 communi
985 3149 1044 3212 per
1073 3150 1131 3190 sex
1160 3127 1230 3190 dies
1252 3126 1339 3210 jeju·

130 3249 231 3314 nandi
253 3271 346 3312 more
363 3248 572 3313 discedentes
596 3248 771 3314 etiamtum
793 3271 851 3334 per
870 3249 951 3312 duos
974 3254 1107 3311 tantum
1124 3245 1193 3310 dies
1211 3245 1340 3331 jejunia

131 3370 292 3436 facerent.
314 3405 357 3417 —
378 3369 517 3432 Eususn
532 3391 609 3433 vero
627 3377 737 3433 aetate
748 3369 877 3453 jejunia
887 3371 957 3452 jam
976 3367 1018 3431 ad
1033 3365 1253 3452 quadraginta
1269 3367 1339 3430 dies

130 3490 183 3553 vel
207 3487 320 3574 potius
344 3488 385 3552 ad
409 3511 468 3552 sex
489 3489 715 3554 hebdomadas
739 3488 879 3553 dilatata
895 3489 1008 3568 fuisse,
1035 3510 1075 3552 ex
1097 3487 1149 3551 his
1174 3488 1244 3572 ejus
1266 3509 1339 3551 ver-

131 3609 183 3673 bis
206 3617 359 3694 apertum
383 3609 474 3672 est⁴:
498 3605 573 3688 μειά
592 3605 626 3672 τὸ
649 3607 749 3690 πάσχα
772 3605 821 3688 τὴν
838 3604 1024 3686 πεεπεκοστάμ
1048 3605 1076 3668 ἕν
1093 3605 1245 3690 ἑβδομάσιν
1266 3604 1340 3668 ἑπτά

130 3735 251 3808 τελείαις
268 3735 457 3820 ἑορτάζομεν,
478 3733 528 3799 τὸν
544 3731 596 3817 μὲν
613 3735 753 3818 πρότερον
771 3735 864 3800 ια’ὧνα
881 3738 931 3817 τῆς
948 3732 1005 3816 πρὸ
1023 3737 1074 3798 τού
1092 3733 1193 3818 πάσχα
1211 3757 1339 3796 τεσσα-

217 4033 228 4066 ²
252 4039 466 4112 Vid.Srn1rz,
484 4033 572 4096 Strui.
590 4057 621 4096 ιι.
640 4031 726 4096 Krit.
746 4039 839 4109 1856,
855 4057 884 4114 p.
903 4034 965 4094 750
981 4055 1024 4112 sq.

217 4118 229 4151 '
253 4120 662 4224 sqd.Wu1rzuu‚Pasraf.
686 4145 716 4203 p.
740 4127 811 4182 212.
839 4153 870 4165 -—
897 4123 1132 4192 Ηιοοεεεεεο,
1153 4111 1333 4176 Parrhasia

132 4228 160 4287 p.
177 4212 402 4374 ³4⁸21iirlibteou
420 4302 467 4357 est
481 4299 578 4358 aerior
595 4297 720 4377 quidam
736 4299 768 4354 et
783 4294 931 4352 austerior
941 4290 1100 4370 jejunandi
1117 4288 1233 4348 modus.

215 4376 227 4410 ⁴
250 4383 299 4465 De
315 4383 417 4460 pasch.
434 4403 459 4443 ο.
478 4389 506 4444 5.
524 4384 610 4459 (Mu
625 4384 705 4442 Nor.
722 4387 800 4459 patr.
818 4379 893 4438 bibl.
909 4381 963 4452 IV,
980 4399 1009 4456 p.
1027 4375 1114 4452 212.)
1182 4421 1184 4426 .

1084 4475 1123 4526 5·
