2998 4972
303 403 366 468 240
1365 395 1412 462 τῦ

301 588 406 648 ματα,
435 562 713 649 ἐγκαταφντεύση
742 562 781 629 ἐν
801 559 915 639 αὐτοῖς
935 559 997 628 τδν
1017 557 1124 647 ὐγνόν
1145 559 1252 628 αὐτοῦ
1273 559 1332 628 καὶ
1352 579 1416 628 σω-

301 666 418 751 τήριον
444 664 571 752 φόβον,
601 666 752 751 διαυοίξη
779 661 820 730 τό
841 653 910 730 εἶτα
938 667 1007 730 τόν
1029 664 1181 750 καρδιῦν
1201 660 1316 729 αὐτόν
1337 662 1418 748 κρός

301 765 338 832 τό
373 765 411 833 ἐν
436 771 484 854 τῷ
508 766 601 854 νόμρι
627 763 734 833 αὐτοῦ
764 769 1008 851 καταγίνεσθαι
1032 760 1159 850 ῆμέρας
1185 765 1243 831 καί
1276 765 1415 843 νυκτός·

300 867 471 955 βεβαιόση
499 867 537 934 δὲ
566 865 689 945 αὐτούς
716 868 756 935 ἐν
789 871 831 952 τῆ
853 865 1023 954 εὐσεβείᾳ,
1055 865 1166 954 ἑνοόση
1188 865 1245 932 καί
1276 865 1417 950 ἐγκατα-

267 985 283 1038 b
302 969 452 1056 ριθμῆση
475 966 598 1047 αὐτοὺς
618 972 666 1057 τῷ
685 965 770 1058 όγίμ
792 964 898 1034 αὐτοῦ
912 971 1058 1055 ποιμνίῳ
1075 966 1281 1048 καταξιιόσας
1297 966 1418 1046 αὐτούς

300 1075 363 1136 τοῦ
383 1074 530 1158 λουτροῦ
550 1075 609 1156 τῆς
630 1073 897 1156 παλιγγενεσίας,
916 1073 978 1136 τοῦ
994 1069 1180 1154 ἐνδύματος
1200 1073 1260 1154 τῆς
1280 1067 1417 1155 ἄφθαρ-

300 1175 392 1256 σίας,
420 1176 479 1257 τῆς
500 1170 604 1250 ὄντας
624 1176 723 1258 ζωῆς,
752 1172 892 1259 βύσηται
909 1171 947 1238 δέ
971 1168 1095 1249 αὐτούς
1115 1169 1183 1238 ὐπδ
1208 1171 1319 1256 πόσης
1340 1171 1417 1238 ἀσε-

301 1277 394 1359 βείας
420 1273 478 1341 καλ
504 1273 549 1360 μῆ
578 1275 627 1363 δῷ
654 1275 760 1341 τόπον
785 1277 833 1362 τῷ
853 1271 1019 1362 ἀλλοτρίῳ
1045 1271 1117 1340 κατ’
1148 1270 1278 1356 αὐτόν,
1306 1279 1417 1338 καθα-

301 1378 379 1462 ρίση
398 1377 436 1442 δὲ
455 1372 578 1454 αὐτούς
598 1373 665 1442 ὐπὸ
686 1373 811 1452 παντὸς
836 1378 1014 1461 μολυσμοῦ
1041 1373 1166 1461 σαρκὸς
1186 1374 1244 1440 καί
1265 1374 1417 1459 τνεύμα-

252 1491 286 1544 10
302 1501 376 1562 τος,
417 1477 577 1564 ἑνοικῆση
611 1499 647 1544 τε
680 1477 719 1545 ἐν
750 1475 863 1554 αὐτοῖς
895 1476 952 1544 καὶ
982 1476 1233 1564 ἐμπεριπατήση
1265 1476 1323 1543 διὰ
1357 1481 1419 1542 τοῦ

300 1583 439 1667 χριστοῦ
474 1576 597 1664 αὐτοῦ,
636 1576 803 1666 εὐλογῆση
843 1577 902 1657 τύς
935 1579 1088 1656 είσόδους
1121 1575 1235 1646 αὐτῶν
1270 1579 1328 1645 καὶ
1360 1577 1417 1656 τὰς

301 1680 438 1761 ἐξόδους
459 1680 516 1748 καὶ
545 1681 740 1768 κατευθόνη
765 1677 879 1759 αὐτοῖς
900 1680 942 1746 τὰ
969 1685 1174 1766 προκείμενα
1201 1684 1249 1759 είς
1275 1679 1316 1746 τδ
1332 1699 1417 1764 συμ-

301 1785 418 1871 φέρον.
470 1787 517 1852 ἐτι
550 1782 695 1861 ἐκτενεῖς
719 1780 806 1870 ὑπὲρ
835 1779 948 1850 αὐτῶν
973 1781 1214 1866 ίκετεόσωμεν,
1244 1783 1304 1848 ἵνα
1334 1781 1417 1867 ἀφί-

300 1902 385 1963 σεως
412 1885 570 1971 τυχόντες
590 1889 659 1951 τεόν
680 1883 971 1971 πλημμελημάτων
994 1883 1051 1950 διδ
1071 1888 1131 1969 τῆς
1143 1883 1298 1970 μυήσεως
1318 1883 1416 1964 ὐξιω-

251 2003 283 2054 ιο
299 1990 389 2052 θῦσι
412 2010 481 2052 των
506 1988 612 2071 ἁγίων
632 1991 827 2072 μυστηρίων
851 1987 909 2054 καὶ
934 1991 994 2072 τῆς
1014 1983 1097 2071 μετὰ
1124 2008 1194 2052 των
1213 1982 1322 2069 ἁγίων
1342 1987 1416 2052 δια-

299 2090 414 2172 μονῆς.
459 2087 647 2175 ἐγείρεσθε,
671 2089 707 2153 οί
724 2089 975 2179 κατηχούμευοι.
1012 2085 1076 2174 τῆν
1094 2087 1233 2173 είρῆνην
1254 2111 1317 2153 του
1303 2091 1416 2154 θεοῦ

300 2187 357 2255 διδ
383 2193 444 2255 τοῦ
471 2194 610 2314 χριστοῦ
637 2187 742 2256 αὐτοῦ
769 2191 971 2316 αἰτήσασθε,
1002 2187 1176 2275 είρηνικῆν
1202 2189 1265 2275 τῆν
1288 2186 1415 2312 ἡμέραν

300 2291 356 2357 και
384 2289 620 2378 ἀναμάρτητον
647 2291 704 2358 καί
735 2291 845 2360 πάντα
876 2292 938 2360 τόν
962 2291 1087 2378 χρόνον
1114 2297 1173 2378 τῆς
1195 2289 1327 2376 ζωῆς*
1307 2295 1413 2377 υμων,

299 2393 474 2480 χριστιανύ
501 2389 598 2478 όμῦν
624 2391 666 2461 τό
688 2395 783 2479 τέλη,
806 2397 885 2462 ἵλεω
902 2395 959 2461 καὶ
981 2392 1106 2480 εὐμενῆ
1127 2391 1186 2460 τόν
1202 2393 1307 2476 θεόν,
1333 2391 1414 2478 ἄφε-

248 2509 283 2562 20
300 2512 356 2562 σιν
383 2496 683 2582 πλημμελημάτων.
729 2494 868 2574 ἑαυτούς
894 2499 942 2586 τῷ
961 2496 1054 2584 μόνῳ
1078 2493 1252 2582 ἀγεννῆτῳ
1270 2499 1344 2582 θεῷ
1362 2493 1415 2560 διὰ

298 2601 360 2662 τοῦ
387 2603 525 2682 χριστοῦ
551 2597 657 2666 αὐτοῦ
685 2601 895 2686 παράθεσθε.
946 2602 1083 2665 κλίνατε
1115 2597 1172 2665 καὶ
1205 2594 1412 2682 εὐλογεῖσθε.

301 2696 357 2784 ἐφ’
383 2699 512 2788 ἐκόστιμ
533 2701 571 2766 δὲ
592 2699 722 2780 τούτων
743 2690 793 2766 όν
811 2697 830 2766 6
848 2700 1008 2778 διάκονος
1034 2711 1242 2786 προσφωνεῖ,
1264 2694 1311 2776 ιδς
1333 2722 1413 2784 προ-

300 2804 455 2885 είπομεν,
483 2805 605 2886 λεγέτω
633 2799 651 2868 ό
679 2799 758 2878 λαός
785 2802 892 2888 Κύριε
921 2801 1077 2886 ἐλέησον,
1105 2801 1163 2869 καὶ
1190 2799 1257 2888 πρὸ
1278 2801 1413 2868 πάντων

298 2901 340 2968 τὰ
367 2903 492 2970 παιδία.
542 2903 729 2970 κλινόντων
756 2903 794 2970 δὲ
819 2902 933 2971 αὐτόν
956 2903 1016 2982 τός
1039 2903 1205 2989 κεφαλάς,
1237 2901 1412 2988 εὐλογείτω

247 3019 281 3072 νο
299 3002 421 3084 αὐτούς
440 3003 459 3071 6
478 3005 728 3092 χειροτονηθεὶς
748 3004 930 3084 ἐπίσκοπος
950 3003 1108 3090 εὐλογίαν
1126 3005 1263 3072 τοιόνδε
1279 3001 1317 3070 Ὁ
1336 3002 1414 3080 θεός

299 3104 318 3174 6
333 3109 587 3195 παντοκράτωρ,
611 3103 630 3174 ὁ
650 3106 832 3194 ὐγέννητος
848 3108 906 3175 καὶ
920 3107 1111 3195 ἀπρόσιτος,
1135 3103 1270 3192 όμόνος
1291 3105 1411 3192 ἀληθι-

299 3213 357 3286 νδς
374 3210 471 3294 θεός,
500 3206 518 3276 6
543 3210 624 3288 θεὸς
649 3209 707 3276 καὶ
724 3208 834 3295 πατὴρ
860 3211 921 3278 τοῦ
942 3213 1080 3296 χριστοῦ
1103 3227 1166 3278 σου
1186 3213 1250 3276 τοῦ
1271 3231 1412 3294 μονογε-

299 3315 380 3389 νοῦς
395 3312 474 3376 νίού
488 3328 563 3395 σου,
587 3308 605 3378 ό
624 3312 643 3351 *
657 3315 718 3378 τοῦ
735 3312 952 3398 παρακλήτου
967 3310 1153 3398 προβολεύς
1168 3310 1224 3378 καὶ
1242 3315 1312 3378 τοῖν
1326 3311 1412 3377 ὅλων

298 3411 431 3496 κύριος,
452 3409 470 3476 δ
491 3411 548 3478 διδ
568 3417 706 3498 χριστοῦ
719 3414 945 3492 διδασκάλους
961 3413 1040 3492 τούς
1060 3415 1079 3456 *
1101 3411 1255 3499 μαθητὰς
1277 3412 1412 3498 ἐπιστῆ-

247 3527 282 3582 30
299 3529 360 3590 σας
381 3511 465 3596 πρός
484 3515 634 3600 μάθησιν
653 3520 711 3600 τῆς
732 3513 919 3601 εὐσεβείας,
947 3513 1047 3594 αὐτός
1068 3513 1126 3582 καὶ
1148 3519 1213 3582 νῦν
1235 3513 1411 3582 {mos-321

364 3651 528 3716 6Tit3‚5
554 3653 781 3722 ΙθΟοτβ7,Ι
809 3655 814 3722 Ι
841 3653 1274 3723 locor66‚16=1.ev2o‚
1298 3651 1409 3722 1612!

369 3737 626 3802 11Ps21m121‚8
653 3741 657 3804 Ι
686 3741 717 3790 12
735 3740 828 3792 Ρειιλιιι
845 3739 943 3804 90,17

300 3858 311 3909 l
332 3848 575 3924 ἐγκαταφντεόοει
587 3877 603 3910 x
619 3856 654 3925 12
674 3855 816 3922 διανοίξτι
833 3845 977 3925 112·‹6tu
995 3864 1103 3912 correct
1115 3877 1140 3924 x,
1159 3845 1181 3912 ὐ
1200 3861 1224 3910 Χ
1240 3857 1245 3926 Ι
1261 3861 1276 3909 λ
1294 3851 1409 3926 βεβαιό-

297 3956 340 3994 σει
358 3960 375 3994 x
390 3941 427 4010 14
445 3935 477 3994 δὲ
494 3943 529 4008 >
545 3960 563 4009 y
582 3948 587 4004 1
606 3946 624 3995 4
641 3933 740 3995 ἐνόσει
757 3940 808 3997 καλ
825 3935 1070 4011 ίγκαταρεθμῆσει
1088 3961 1104 3996 x
1125 3943 1130 4011 Ι
1148 3945 1164 3996 5
1182 3937 1381 4010 καταξιοὶαηγ
1404 3945 1407 4006 Ι

297 4021 1410 4096 Ὶδδ>γΙ8.9καθαρίσειιΙθδδ>γΙΙθένοικῆτειιΙΙθτε>γ

298 4113 303 4177 Ι
330 4111 361 4164 10
379 4107 601 4179 ίμκεριπατῆσει
619 4114 662 4178 x!
689 4111 715 4163 ΙΙ
737 4103 885 4180 εὐλογῆσει
902 4111 945 4180 xl
973 4113 1001 4164 ll
1020 4103 1117 4166 αὐταῖν
1133 4113 1169 4178 >
1185 4115 1209 4164 Y
1232 4115 1236 4176 Ι
1262 4113 1292 4164 Ιθ
1310 4129 1409 4166 κατεν-

295 4189 382 4250 θύνει
400 4213 426 4254 x,
444 4198 622 4249 κατευθῦναι·
637 4213 656 4261 y
681 4197 686 4261 Ι
715 4197 754 4247 14.
768 4197 800 4248 16
818 4189 983 4262 όξιαθόσιν
999 4215 1018 4250 x
1043 4194 1048 4265 Ι
1075 4197 1108 4250 λθ
1127 4196 1212 4250 λ’λεων
1229 4203 1259 4263 yt
1277 4194 1282 4264 Ι
1301 4199 1335 4248 21
1356 4197 1410 4248 ιλί·

296 4297 365 4336 κατε
382 4279 433 4334 καλ
451 4272 619 4347 εὐλογεῖσθε
636 4281 705 4346 >y
728 4277 733 4348 Ι
759 4279 800 4334 λλ.
813 4281 847 4336 23
868 4281 1049 4351 προείπαμεν
1070 4300 1090 4349 y
1116 4283 1121 4348 Ι
1146 4283 1181 4336 26
1197 4274 1354 4350 ιίγέννετος
1372 4289 1383 4335 t
1403 4277 1408 4350 Ι

109 4370 222 4450 m
295 4366 330 4416 ²⁸
345 4361 757 4447 νωτιειεεπυεεεὺι
773 4367 854 4438 >ε
868 4367 873 4434 ι
888 4368 922 4420 ν
940 4362 1030 4422 αὐτοῦ
1046 4367 1116 4436 ετ
