3160 4976
145 408 194 480 86

141 583 184 644 ε’πῖ
204 589 368 656 προσφοραῖς
387 586 405 648 ἦ
426 588 471 643 διὰ
491 590 649 666 δοξολσγίειν
664 595 798 658 διηθήτω,
819 597 862 652 ίνα
877 597 890 650 6
904 599 993 671 κύριος
1012 600 1040 654 έν
1057 607 1089 674 τῇ
1101 599 1192 674 βίβλῳ
1205 610 1252 666 τῆς
1271 609 1356 669 ζωῆς

139 677 188 736 ²⁶²5
201 673 302 737 3²6⁰&
316 676 392 745 ἡμῶν
405 695 494 765 γράρη
507 691 552 744 καὶ
565 689 579 741 6
592 685 678 749 ἀίδιος
689 690 753 748 θεός
766 691 875 761 μνησθῇ
888 690 963 758 ἡμῶν
978 690 1004 742 έν
1017 695 1076 751 ταῖς
1089 698 1183 760 μοναῖς
1194 698 1355 766 τοῦρωτδς

139 773 198 828 δαῖέ
217 767 306 838 ἁγίαις
325 779 419 834 αὐτοῦ.
444 779 509 853 ὑπέρ
531 781 578 832 τοῦ
601 779 776 850 χρονίσαντος
798 775 913 849 ἀδιλροῦ
932 777 1065 842 δεηθήτω,
1093 781 1136 834 ίνα
1154 782 1168 834 6
1192 784 1281 855 κύριος
1303 784 1353 855 δῷ

140 862 213 934 αὐτῷ
236 868 354 932 σπονδήν
373 872 418 922 καὶ
436 872 524 929 κόπον,
551 869 705 941 ἀποστρέψη
718 867 746 921 δέ
761 867 807 920 ἀπ’
817 867 899 920 αὐτοῦ
918 871 1003 922 πάντα
1021 873 1054 922 τά
1074 869 1158 940 δεσμά
1178 876 1224 924 τοῦ
1240 874 1351 942 κόσμου

138 953 235 1016 τούτου
248 957 292 1008 καί
306 957 345 1028 δῷ
362 959 435 1030 αὐτῷ
448 961 556 1030 γνώμην
569 958 658 1029 ριλέας
670 956 714 1010 καί
727 955 833 1025 ἀγάπης
844 961 889 1010 καί
903 957 1020 1020 ἐλπίδος.
1041 960 1139 1029 ὁμοίως
1151 960 1169 1023 6
1181 959 1246 1033 ὑπέρ
1261 961 1349 1015 ἀδελ·
1373 983 1389 1022 ,ι

139 1048 189 1113 γῆς
205 1043 223 1106 6
244 1043 309 1120 ὑπὲρ
328 1047 508 1112 διακονίσσης,
527 1046 593 1121 ὑπέρ
611 1052 664 1100 τών
683 1045 861 1120 βραδυνασῶν
880 1048 898 1110 6
915 1048 967 1114 εἜω
980 1056 1116 1118 μενουσῶν
1130 1051 1348 1124 παραγγελλέτω,

139 1129 183 1186 ίνα
202 1133 288 1207 διηθή
309 1143 360 1198 πᾶς
382 1139 395 1191 6
415 1139 480 1199 λαός
500 1136 563 1211 ὑπέρ
583 1135 681 1190 αὐτῶν.
707 1135 777 1188 οὕτω
798 1138 850 1208 γάρ
871 1141 919 1189 τοῦ
939 1137 1062 1193 διακόνου
1083 1144 1278 1212 μαρτυροῦντος
1296 1142 1348 1193 καί

138 1225 366 1295 παροιγγελλοντος
390 1229 448 1300 περὶ
474 1227 561 1281 αὐτῶν
584 1227 601 1289 ή
621 1224 724 1288 σπουδή
748 1230 918 1298 κραταιοῦται
940 1229 985 1280 καί
1007 1229 1020 1280 6
1044 1229 1139 1299 δεσμός
1163 1237 1210 1291 τῆς
1233 1229 1347 1298 ἀγάπης

137 1314 282 1386 πληροῦται
295 1319 340 1370 καί
353 1318 367 1370 6
381 1320 579 1390 καταφρονητὴς
591 1317 636 1369 καὶ
649 1315 663 1367 6
676 1313 776 1387 βραδὺς
791 1314 952 1370 παιδεύεται.
1302 1363 1306 1372 .

79 1381 119 1462 μδ
139 1407 221 1503 [Q]
237 1407 299 1479 Περί
312 1410 436 1475 γυναικός
449 1406 610 1479 βιαζομένης
623 1403 694 1478 παρὰ
708 1405 813 1477 ἀνδρός.
1369 1431 1399 1469 1⁰

138 1495 172 1548 Εἴ
182 1515 222 1556 τις
231 1499 298 1565 γυνή
308 1496 335 1550 έκ
345 1503 398 1550 τῶν
408 1502 540 1567 γυναικῶν
549 1494 614 1566 βίαν
625 1496 696 1567 παρὰ
707 1493 804 1566 ἀνδρός
813 1496 906 1556 πάθοι,
918 1495 1052 1567 έρευνάτω
1062 1497 1200 1570 ἀκριβώςό
1209 1500 1343 1561 διάκονος.

136 1586 181 1638 καὶ
193 1585 308 1648 ἀληθῶς
322 1584 385 1657 βίαν
399 1584 506 1648 ἔπαθεν,
524 1585 546 1638 εί
559 1586 603 1637 καί
620 1583 809 1655 όβιασάμενος
822 1582 904 1646 αὐτὴν
917 1588 954 1654 μή
968 1584 1039 1640 έστιν
1059 1587 1143 1657 ριλών
1157 1587 1247 1652 αὐτήν.
1260 1592 1307 1642 καί
1320 1588 1344 1642 εί

138 1675 221 1737 ὄντως
234 1675 304 1730 ἔστιν
318 1676 388 1730 οὕτω
402 1680 445 1729 καί
459 1678 554 1730 πενθεῖ
570 1676 588 1737 ή
602 1677 731 1727 παθοῦσα
750 1675 808 1746 περὶ
825 1679 872 1736 τῆς
889 1674 954 1746 βίας
971 1675 988 1736 6
1007 1675 1109 1744 έγίνετο
1127 1677 1154 1730 έν
1171 1677 1251 1748 αὐτήι
1269 1677 1342 1730 ἀνα-

137 1767 237 1837 ρερέτω
258 1765 297 1828 είς
315 1769 363 1829 τήν
382 1764 464 1828 ἀκοήν
483 1768 530 1818 τοῦ
551 1765 709 1826 ἐπισκόπου,
731 1763 773 1818 ἵνα
790 1767 967 1833 συγκοινωνὸς
983 1771 1030 1828 τῆς
1047 1767 1189 1830 έκκλησίας
1210 1769 1238 1822 έν
1256 1775 1340 1822 πᾶσιν

137 1854 296 1927 ἀναδειχθή.
316 1856 338 1909 εέ
357 1855 547 1928 ὁβιασάμινος
560 1854 642 1917 αὐτήν
661 1861 754 1915 πιστός
772 1853 829 1916 εἴη,
849 1858 885 1923 μή
905 1855 1069 1925 είοαγαγέτω
1088 1857 1167 1910 αὐτόν
1187 1857 1341 1920 όδιέικονος
1363 1877 1392 1917 ιο

136 1944 174 2006 ιές
185 1948 234 2008 τήν
248 1946 389 2007 ἐκκλησίαν
402 1945 440 2006 είς
452 1946 600 2006 κοινωνίαν,
612 1943 660 1998 κᾶν
674 1947 832 2014 μετανοήσῃ.
853 1942 874 1995 εί
892 1943 920 1997 δέ
934 1947 1133 2015 κατηχούμενος
1145 1946 1187 2009 εἴη
1200 1952 1244 2002 καί
1257 1967 1339 2018 μετα-

136 2037 247 2097 νοήσαι,
271 2034 449 2107 βαπτισθήτω
468 2038 511 2087 καὶ
530 2036 697 2086 κοινωνείτω.
721 2035 783 2093 τοὺς
801 2039 992 2101 μετανοοῦντας
1010 2035 1023 2087 6
1044 2035 1168 2097 διάκονος
1186 2039 1339 2106 κατηχείτω

136 2127 181 2176 καί
194 2123 318 2192 ἀπαγέτω
332 2123 428 2184 αὐτοὺς
442 2125 506 2196 πρός
520 2125 581 2183 τοὺς
600 2121 790 2194 πρεσβυτέρους
810 2123 827 2185 6
840 2124 905 2195 πρός
920 2127 966 2176 τόν
985 2123 1142 2188 ἐπίσκοπον,
1163 2125 1206 2179 ίνα
1218 2147 1340 2197 κατηχη-

136 2214 211 2264 θώσι
231 2216 274 2265 καί
290 2212 447 2282 διδαχθῶσι
465 2216 513 2274 τήν
526 2218 632 2280 γνῶσιν.
653 2213 676 2265 εί
695 2212 724 2266 δέ
744 2213 856 2273 δυνατός
875 2213 930 2266 έστι
949 2214 1092 2286 πληρώσαι
1109 2218 1154 2268 τόν
1169 2215 1278 2288 βαθμόν
1289 2223 1339 2279 τῆς

137 2300 286 2364 διακονίας,
309 2307 341 2372 τῇ
359 2308 497 2374 προσευχῇ
511 2305 590 2371 μόνον
611 2306 836 2376 προσκαρτερείτω
855 2307 899 2356 καί
920 2302 994 2377 ἔργον
1014 2304 1168 2372 ήγηοάσθω
1187 2310 1235 2367 τὴν
1246 2305 1337 2368 δέησιν
1356 2325 1388 2363 σι)

137 2396 181 2444 καί
194 2395 241 2454 τήν
255 2391 372 2459 μελέτην.
394 2389 526 2462 όρείλημα
543 2398 590 2455 τῆς
603 2390 690 2446 ὀδοῦ·
705 2393 804 2453 πένθος
822 2397 866 2447 καὶ
879 2393 935 2446 κατ’
949 2391 1107 2465 δρθαλμοίις
1121 2395 1205 2466 ρόβος
1221 2399 1264 2449 καί
1278 2395 1338 2458 νίές

137 2482 223 2552 ρωτδς
236 2481 411 2544 κληθήσεται.
430 2481 447 2542 6
461 2481 489 2535 δέ
504 2483 668 2554 προχείριοις
681 2481 806 2535 διακένου
819 2485 937 2552 γινέσθω
956 2481 1056 2545 οὕτως·
1074 2484 1088 2534 6
1102 2483 1245 2544 ἐπίσκοπος
1257 2486 1337 2553 μόνος

138 2569 279 2623 ε’πιτιθέτω
298 2577 393 2644 χεῖρας
405 2569 494 2640 αὐτῷ,
518 2571 558 2624 ὅτι
578 2571 624 2623 οιίκ
644 2572 682 2632 είς
701 2571 829 2645 ἱερατείαν
843 2576 1053 2646 προχειρίζεται,
1072 2574 1133 2627 ἀλλ’
1148 2573 1186 2635 εές
1200 2572 1337 2628 διακονίαν

139 2657 285 2732 ὑπηρεσίας
302 2666 349 2713 τοῦ
363 2661 508 2714 έπισκόπον
522 2665 566 2714 καί
579 2666 626 2722 τής
640 2661 793 2724 ἐκκλησίας.

80 2745 118 2828 νβ
140 2752 202 2820 Περὶ
215 2753 372 2822 παρθενίας.
1353 2771 1382 2809 25

138 2841 296 2912 έΙαρθένος·
316 2839 344 2894 δέ
365 2837 407 2892 ὑπ’
426 2838 532 2901 οὐδενός
548 2842 710 2894 καθίσταται
723 2841 741 2902 6
755 2844 964 2914 προχειρίζεται,
984 2841 1055 2894 ἀλλὰ
1074 2841 1127 2895 ἀπό
1144 2845 1252 2912 γνώμης
1266 2841 1336 2914 ἀρο-

137 2931 239 3000 ρίζεται
257 2933 301 2982 καί
321 2926 489 2998 ὀνομάζεται.
509 2929 540 2982 οὐ
557 2932 750 3002 χιιροθετεῖται
766 2930 794 2983 δὲ
809 2931 846 2990 ώς
859 2932 897 2991 είς
910 2933 1065 3003 παρθενίαν.
1078 2933 1186 3000 γνώμης
1197 2933 1249 3002 γὰρ
1264 2931 1336 2992 ίδίας

138 3017 194 3071 έστί
212 3021 241 3071 τό
255 3021 344 3087 τάγμα
356 3021 442 3072 τοῦτο.
462 3018 504 3072 δεῖ
520 3017 631 3081 δὲτὰς·
645 3021 795 3093 παρθένους
812 3025 849 3089 τῷ
868 3023 1007 3089 παθήματι
1022 3020 1088 3092 [ομ]
1103 3026 1150 3082 τῆς
1163 3018 1336 3088 ὑγιαινούσης

137 3111 233 3180 σαρκός
247 3108 334 3162 αὐτῶν
344 3111 476 3170 νηστείαις
485 3111 528 3162 καὶ
538 3115 701 3181 προσευχαῖς
712 3108 887 3179 έμπεπηγίναι
895 3129 922 3162 τε
932 3113 976 3162 καί
986 3108 1190 3182 προσδεδέσθαι.
1203 3109 1336 3179 κλαυθμῷ

136 3201 180 3249 καὶ
194 3199 286 3251 πίνθει
300 3197 364 3251 καθ’
377 3198 476 3270 ἡμέραν
488 3199 701 3270 προσεχέτωσαν,
722 3202 831 3252 πὰντοτε
844 3198 872 3252 δέ
885 3203 933 3260 τήν
951 3199 980 3252 έκ
991 3206 1039 3262 τῆς
1052 3203 1149 3272 σαρκός
1162 3199 1253 3266 ἔξοδον
1272 3218 1336 3271 προ·
1354 3217 1384 3256 σο

137 3286 332 3356 σδεχέσθωσαν
350 3291 393 3341 καὶ
408 3286 445 3348 ώς
459 3289 485 3342 έν
500 3287 586 3359 ἐξόδῳ
600 3288 838 3357 ἀγωνιζέσθωσαν.
858 3291 894 3358 μὴ
907 3290 1011 3342 λύσσαν
1024 3290 1041 3352 6
1056 3289 1175 3343 ἀσωτίαν
1187 3290 1205 3353 6
1219 3291 1304 3359 μέθην
1317 3291 1336 3352 6

136 3376 327 3444 ματαιολογίαν
345 3377 562 3450 έργασάσθωσαν
579 3378 596 3440 6
617 3377 644 3430 έν
664 3375 732 3450 ἔργῳ
750 3382 868 3447 κοσμικῷ
887 3377 904 3440 6
919 3378 946 3431 ε’ν
961 3383 1151 3452 περισπασμῷ,
1170 3380 1242 3433 ἀλλά
1259 3377 1297 3440 ὣς
1309 3379 1336 3431 ίν

136 3469 245 3538 σταυρῷ
259 3463 341 3520 όντων
355 3467 443 3520 αὐτῶν
458 3467 515 3520 σίνω
528 3469 700 3537 γενέσθωσαν
714 3468 802 3520 αὐτῶν
816 3468 845 3520 αί
857 3468 964 3541 καρδίαι
983 3471 1048 3537 μετὰ
1061 3473 1150 3531 πάσης
1162 3487 1336 3542 ταπεινοφρο-

137 3556 220 3617 σύνης
232 3558 276 3608 καί
290 3557 463 3625 κοσμιότητος
482 3557 509 3610 έν
522 3565 554 3628 τῇ
568 3558 661 3629 μελέτη
674 3563 726 3610 τών
740 3557 824 3627 ἁγίων
837 3564 962 3630 γραρών,
982 3558 1008 3610 έν
1022 3559 1153 3619 διανοίαις
1167 3565 1287 3621 πισταῖς,
1308 3559 1335 3612 έν

137 3646 318 3718 παρακλήσεσι
341 3651 488 3718 χρησταῖς,
521 3647 563 3701 ίνα
592 3649 800 3720 προσευχόμενοι
823 3649 981 3716 σχολάζωσι
1005 3653 1068 3721 πρός
1090 3648 1107 3702 ἀ
1130 3649 1259 3702 αἰτοῦσιν.
1289 3649 1336 3710 οδς
1355 3663 1383 3704 σο

136 3735 264 3789 θέλουσιν
278 3736 463 3806 ἐπιμελεῖσθαι
477 3736 566 3789 αὐτῶν
580 3740 689 3799 πιστοὺς
706 3742 742 3807 μή
758 3737 984 3800 ἀθετηοάτωσαν,
1007 3737 1049 3790 ίνα
1062 3737 1097 3791 δι’
1111 3737 1200 3792 αὐτῶν
1213 3742 1257 3792 καί
1271 3739 1337 3790 ε’κεί-

136 3843 191 3886 νοις
209 3828 380 3899 προσνεμηθή
400 3826 417 3887 ή
436 3828 509 3898 μερίς
526 3831 574 3887 τῆς
593 3829 675 3890 ζωής.
696 3827 723 3880 έν
741 3827 831 3899 ἀγάπη
845 3827 889 3880 καί
899 3829 1062 3898 χρηστότητι
1075 3831 1120 3880 καί
1133 3831 1224 3900 χάριτι
1237 3827 1338 3888 ἀληθεῖ

137 3916 182 3969 καί
194 3916 282 3987 τελείᾳ
296 3916 414 3970 ἔστωσαν
427 3914 541 3988 βέβαιοι.
563 3916 590 3969 έν
603 3917 766 3988 παρακλήσει
780 3915 900 3970 ἔστωσαν
914 3916 1037 3978 ἐκτενεῖς,
1051 3917 1261 3985 παρακαλοῦντες
1275 3917 1337 3976 τοὺς

136 4006 250 4068 πλησίον
268 4004 356 4060 αὐτῶν
376 4007 421 4058 καὶ
438 4011 617 4076 κατηχοῦντες
636 4009 680 4058 καὶ
692 4003 861 4066 διδάσκοντες
879 4008 941 4068 τοὺς
958 4010 1054 4059 νεωστὶ
1075 4007 1184 4066 πιστοὺς
1196 4005 1336 4068 ἀποδεδει-

135 4096 247 4165 γμένους
259 4098 385 4168 φρόνησιν
398 4097 442 4148 καὶ
450 4102 547 4165 γνῶσιν
560 4097 604 4150 καί
616 4097 794 4169 χρηστότητα.
806 4101 862 4156 τοῖς
872 4097 932 4149 λίαν
945 4097 1013 4156 νέοις
1027 4099 1214 4168 ε’νεργείτωσαν
1222 4096 1245 4156 “,
1258 4096 1336 4148 τόποι
1354 4111 1381 4148 ιο

137 4183 206 4245 ὄντες
219 4185 371 4254 ἁγιωσύνης
384 4186 410 4238 έν
430 4183 503 4255 μέσῳ
524 4186 611 4240 αὐτῶν
630 4186 656 4239 έν
676 4191 738 4240 πᾶσι
757 4189 814 4246 τοῖς
833 4185 962 4254 ἀγαθοῖς.
987 4186 1087 4254 ὁμοίως
1104 4187 1148 4238 καί
1168 4185 1197 4238 αἱ
1215 4191 1337 4254 γυναῖκες

137 4278 304 4328 ποιείτωσαν.
325 4275 351 4328 έν
370 4274 443 4340 τάξει
462 4273 490 4327 δέ
512 4273 538 4328 έν
551 4279 641 4349 χάριτι
659 4280 703 4330 καὶ
720 4277 816 4346 γνώσει
830 4275 993 4330 λαλείτωσαν
1014 4277 1058 4328 καὶ
1072 4275 1272 4348 πρασσέτωσαν,
1293 4275 1336 4327 ίνα

137 4364 251 4426 ἀληθῶς
263 4364 389 4431 γένωνται
402 4368 431 4418 τό
446 4365 513 4425 ἀλας
522 4371 569 4427 τῆς
579 4373 627 4434 γῆς
637 4373 683 4429 τής
694 4367 850 4428 κληθείσης.
865 4365 894 4418 αί
907 4367 1035 4437 παρθένοι
1048 4367 1277 4419 καλυπτέσθωοαν
1288 4367 1336 4424 τάς

218 4473 241 4509 21
255 4468 364 4510 *mm
379 4473 468 4521 scripsi.
484 4491 510 4501 -
530 4471 578 4513 26⁸
594 4474 713 4523 δίΙέςοιιιετ
727 4476 786 4514 eavit
800 4477 910 4525 ίσέοτρτοι
926 4477 1040 4524 mineus,
1061 4487 1089 4516 ιιε
1105 4485 1201 4524 unquun
1215 4469 1336 4526 παρθένους

137 4551 209 4578 mam
224 4542 289 4580 οιιειει
303 4553 353 4582 οειο
368 4553 434 4591 posue
449 4544 646 4594 οοιινίεοετοιειιιες
670 4551 747 4595 postea
757 4557 845 4596 εοιιιρετ
860 4556 930 4594 genus
945 4549 1092 4587 masculinum
1107 4547 1210 4586 adhibuit
1223 4551 1290 4595 atquo
1304 4545 1335 4585 ίια

138 4620 179 4656 uuo
190 4620 283 4658 quoque.
300 4629 325 4640 -
341 4613 366 4652 2³
377 4609 390 4636 δ
400 4610 451 4656 τοὺς
465 4613 514 4660 Syr.
527 4633 552 4642 -
567 4616 593 4653 40
603 4611 615 4638 *
627 4617 705 4663 Polyb.
718 4619 741 4656 11
757 4619 780 4657 vl
795 4619 815 4656 7.
830 4617 880 4668 μοί.
896 4618 946 4658 Gnl.
963 4619 1005 4658 118
1021 4619 1078 4658 Phil.
1096 4619 1111 4657 ii
1127 4619 1160 4657 13.
