3120 4980
300 430 362 492 218
1349 435 1368 485 τ
1386 417 1423 468 ⁴⁶

299 588 374 666 θελς
401 596 420 635 *
447 592 589 670 κλεῖθρα
621 585 678 652 καὶ
706 585 829 668 πύλας,
863 580 940 650 εἶπα
967 585 1005 650 δὲ
1039 581 1125 670 αὐτή
1154 586 1264 670 Μέχρι
1297 583 1422 650 τούτου

302 691 422 773 ἐλεόση
445 689 501 755 καλ
521 686 581 773 οὐχ
602 685 793 774 ῦπερβήση,
817 687 910 776 πόσῳ
931 690 1062 770 μᾶλλον
1083 682 1177 770 ὑμεῖς
1199 685 1303 752 οὐδὲν
1324 684 1422 772 όφεί-

301 799 375 859 λετε
397 792 414 830 *
437 801 638 874 παρακινεῖν
658 794 728 855 τῶν
748 785 829 874 ὑμῖν
851 785 935 854 κατά
955 785 1093 872 γνῶμην
1111 791 1198 854 θεοῦ
1218 787 1298 873 παρ’
1323 785 1424 874 ήμῶν

302 892 525 981 δρισθέντων;
549 890 622 956 ἀλλ’
646 890 761 976 ἐπειδή
780 892 950 974 πάρεργον
966 891 1002 954 οί
1013 889 1132 955 πολλοὶ
1147 889 1204 956 καλ
1220 895 1320 955 τοῦτο
1337 887 1423 976 ήγή-

267 1013 284 1064 5
302 1015 405 1063 σαντα
424 991 521 1079 εἶναι,
545 996 698 1077 σνγχέειν
714 994 751 1060 δὲ
768 991 827 1070 τὰς
846 993 954 1072 τάξεις
969 991 1025 1058 καλ
1043 991 1106 1075 τήν
1121 991 1176 1076 ἐφ’
1194 992 1339 1058 ε’κάστου
1354 1015 1424 1076 χει-

303 1100 461 1185 ροτονίαν
484 1107 684 1181 παρακινεῖν
710 1098 894 1178 τολμῶσιν,
918 1090 1170 1179 ὑφαρπάζοντες
1195 1095 1326 1171 ἑαυτοῖς
1349 1093 1424 1174 άξι-

303 1197 418 1285 ῶματα
441 1197 481 1264 τά
495 1197 539 1282 μή
556 1199 720 1282 δεδομένα
735 1196 793 1262 καλ
810 1196 1044 1282 ἐπιτρέποντες
1060 1194 1192 1272 ἑαυτοῖς
1211 1201 1424 1280 τυραννικοῖς

303 1298 326 1366 δι’
347 1299 391 1386 μή
416 1303 551 1385 ἔχουσιν
573 1298 732 1378 ἐξουσίαν
748 1297 892 1380 διδόναι,
916 1296 972 1362 ιιαλ
992 1293 1048 1360 διά
1068 1299 1168 1361 τοῦτο
1182 1302 1423 1383 παροργίζουσι

304 1404 367 1488 μὲν
393 1400 495 1484 θεόν,
525 1397 638 1487 ῶσπερ
664 1401 700 1465 οί
721 1405 880 1480 Κορεῖται
908 1398 964 1464 καλ
991 1395 1009 1464 δ
1035 1396 1194 1482 βασιλεὺς
1211 1396 1316 1478 Ὀζίας
1342 1397 1421 1482 παρ’

256 1519 288 1572 10
305 1504 404 1584 ἀξίαν
425 1504 619 1587 ἐπιθέμενοι
645 1502 729 1568 ἄνευ
750 1505 836 1566 θεοῦ
856 1505 897 1585 τῇ
914 1498 1147 1586 ἀρχιερωσύνη
1169 1498 1224 1566 καὶ
1245 1501 1424 1584 γενόμενοι

305 1609 341 1672 οί
359 1607 422 1690 μὲν
444 1608 678 1690 πυρίφλεκτοι,
699 1599 717 1669 ὁ
738 1603 775 1668 δέ
798 1600 883 1668 κατά
904 1606 966 1667 τοῦ
976 1601 1133 1686 μετῶπον
1156 1601 1295 1685 λεπρός,
1316 1623 1423 1683 παρα

305 1709 445 1788 ξύνουσι
460 1707 497 1772 δὲ
513 1705 570 1771 καὶ
590 1703 650 1770 τόν
669 1710 685 1746 *
708 1701 845 1789 χριστόν
864 1701 924 1769 τόν
939 1703 1201 1787 διαταξάμενον,
1224 1707 1373 1769 λυποῦσι
1387 1704 1423 1769 δὲ

305 1807 362 1875 καλ
384 1805 422 1874 τό
441 1811 573 1892 πνεῦμα
601 1805 639 1872 τό
662 1806 761 1891 άνιον
788 1803 995 1890 ἀκυροῦντες
1017 1802 1121 1871 αὐτοῦ
1141 1805 1203 1890 τήν
1221 1810 1424 1891 μαρτυρίαν,

307 1909 442 1986 είιιότως
467 1908 526 1975 τόν
551 1909 781 1995 ἐπηρτημένον
806 1909 971 1973 κίνδυνον
996 1919 1066 1983 τοῖς
1088 1906 1128 1972 τά
1153 1906 1292 1972 τοιαῦτα
1318 1907 1425 1992 πράτ-

258 2027 289 2078 15
306 2028 402 2077 τουσι
429 2012 646 2096 προϊδόμενοι
675 2009 732 2075 καλ
758 2008 821 2093 τήν
849 2011 895 2086 είς
916 2007 974 2085 τὰς
991 2013 1116 2086 θυσίας
1138 2008 1194 2074 καὶ
1214 2005 1426 2094 εὐχαριστίας

307 2111 464 2196 άμίλειαν
483 2113 520 2176 ἐκ
536 2115 598 2178 τοῦ
617 2107 677 2196 ὑφ’
699 2102 749 2176 ῶν
768 2109 812 2196 μή
830 2111 892 2197 χρή
909 2113 1163 2196 προσανομένας
1182 2110 1325 2196 ἀσεβῶς,
1348 2133 1425 2178 παι-

307 2213 386 2280 διάν
403 2210 602 2298 ἡγουμένων
623 2212 685 2299 τήν
708 2211 945 2298 ἀρχιερατικὴν
965 2211 1083 2296 τιμήν,
1109 2209 1181 2297 ήτις
1202 2217 1347 2298 μίμησιν
1366 2237 1426 2279 πε-

308 2317 408 2402 ριέχει
430 2320 492 2380 τοῦ
517 2315 667 2399 μεγάλου
688 2313 868 2400 ἀρχιερέως
884 2313 991 2399 Ἰησοῦ
1017 2317 1155 2398 χριστοῦ
1181 2317 1242 2379 τοῦ
1262 2315 1427 2398 βασιλέως

304 2415 413 2503 ήμῶν,
435 2415 588 2503 ἀνάγκην
609 2421 749 2502 ἔσχομεν
771 2414 948 2481 καὶτοῦτο
970 2418 1185 2498 παραινέσαι·
1208 2415 1272 2501 ήδη
1290 2417 1359 2500 γάρ
1377 2440 1425 2482 τι-

256 2534 291 2585 ·ιθ
308 2541 364 2595 νες
388 2519 618 2604 ἐξετράπησαν
645 2516 751 2585 ὀπίσω
777 2521 836 2601 τῆς
859 2517 988 2583 ἑαυτῶν
1013 2517 1239 2601 ματαιότητος.
1284 2519 1427 2603 λένομεν

308 2621 345 2685 δέ
367 2617 412 2695 ῶς
431 2625 559 2705 Μωσῆς
580 2619 598 2686 δ
619 2624 681 2686 τοῦ
698 2624 784 2686 θεοῦ
797 2618 971 2704 θεράπων,
993 2609 1154 2707 ᾦόθεδς
1175 2619 1319 2697 ἐνῶπιος
1342 2619 1424 2687 ἐνω

308 2725 374 2809 πίω
394 2718 510 2805 ῶμίλει
532 2719 576 2798 ῶς
604 2727 638 2786 εί
657 2746 707 2799 τις
727 2722 865 2806 λαλήσει
885 2719 968 2806 πρὸς
989 2719 1111 2786 ἑαυτοῦ
1133 2724 1251 2806 φίλον,
1281 2712 1310 2809 ᾧ
1333 2718 1427 2788 εἶπεν

311 2819 397 2892 Οἶδά
419 2839 457 2888 σε
478 2820 568 2908 παρά
590 2822 727 2906 πάντας,
751 2813 877 2910 ρλιιατά
896 2823 1078 2904 πρόσωπον
1098 2818 1214 2906 ῶμίλει
1235 2822 1292 2888 καλ
1315 2822 1358 2890 οὐ
1381 2823 1425 2889 δι’

309 2921 485 3011 ἀδήλωνή
506 2924 678 2990 ἐνυπνίων
699 2921 720 3009 ή
740 2922 892 3010 ἀγγέλων
908 2919 931 3007 ή
949 2924 1171 3008 αίνιγμάτων,
1194 2915 1303 3008 οὗτος,
1327 2923 1427 3009 ἡνίκα

258 3041 291 3093 25
309 3025 371 3111 τήν
388 3031 490 3093 θείαν
510 3031 718 3110 νομοθεσίαν
740 3026 948 3108 διετάσσετο,
970 3026 1075 3092 διεῖλε
1096 3029 1172 3091 τίνα
1191 3027 1256 3110 μὲν
1276 3025 1340 3112 χρή
1362 3025 1427 3092 ὑπὸ

310 3133 378 3195 τῶν
400 3127 583 3214 ἀρχιερέων
604 3128 846 3210 ἐπιτελεῖσθαι,
871 3132 947 3193 τίνα
969 3127 1005 3193 δὲ
1024 3123 1091 3192 ὑπό
1110 3131 1178 3193 τῶν
1201 3129 1330 3212 ίερέων,
1353 3135 1426 3194 τίνα

310 3232 347 3296 δὲ
367 3225 434 3297 ὑπὸ
456 3234 525 3296 τῶν
538 3235 701 3314 Λευιτῶν,
723 3229 851 3316 ἑκάστῳ
868 3228 930 3315 τήν
953 3231 1082 3295 οίιιείαν
1103 3227 1160 3295 καὶ
1175 3228 1374 3314 ἀνήκουσαν
1389 3233 1427 3314 τῇ

311 3336 502 3418 λειτουργίᾳ
527 3336 716 3416 θρησκείαν
738 3329 931 3416 ἀπονείμας.
977 3330 1033 3396 καλ
1065 3329 1151 3415 άπερ
1177 3331 1241 3414 μὲν
1269 3343 1340 3409 τοῖς
1366 3331 1425 3416 άρ-

311 3437 458 3520 χιερεῦσι
479 3434 704 3518 προστέτακτο
724 3432 907 3516 ἐπιτελεῖν,
931 3432 1062 3510 τούτοις
1081 3431 1160 3510 τούς
1179 3433 1286 3520 ίερέας
1304 3432 1347 3500 οῦ
1366 3439 1425 3500 θε-

379 3624 411 3675 12
430 3624 491 3691 τρι
507 3624 533 3687 ι,
552 3623 605 3688 τοι
625 3625 655 3677 ιο
672 3625 733 3675 Tim
752 3640 771 3674 α
789 3623 813 3686 5,
835 3624 865 3674 ιε
880 3621 885 3691 Ι
899 3623 932 3674 21
952 3623 1028 3676 αισι
1046 3623 1088 3687 33,
1108 3623 1139 3675 11
1155 3625 1160 3690 Ι
1175 3623 1208 3676 τε
1225 3625 1304 3676 οισι
1323 3624 1365 3690 τι,
1386 3625 1415 3675 111

312 3784 1424 3861 1111241123611112111115131011111v45111211>511110&-

310 3893 383 3944 μετα
401 3885 413 3929 ι
428 3883 433 3938 Ι
452 3879 469 3928 8
487 3873 589 3945 ἔχωσιν
606 3887 618 3928 1
637 3880 641 3940 Ι
660 3879 677 3929 9
695 3881 808 3942 νορλται
825 3895 862 3944 xy
881 3881 885 3945 Ι
907 3878 939 3929 10
957 3870 1193 3946 άρχιερωρωσόνη
1212 3886 1224 3930 1
1243 3879 1247 3945 Ι
1271 3880 1310 3931 11.
1326 3881 1357 3931 1⁸2
1375 3897 1424 3931 πα-

311 3955 482 4028 ροξύνουσιν
499 3965 535 4026 ιΙ
553 3963 583 4013 12
601 3960 651 4014 καὶ
718 3957 750 4014 δὲ
767 3963 802 4028 >
819 3967 831 4016 ῖ
846 3965 849 4026 Ι
869 3964 898 4014 11
918 3957 967 4014 τὸν
984 3965 1060 4030 ρεῖαν
1077 3963 1112 4028 >
1128 3981 1146 4030 y
1161 3965 1165 4027 Ι
1190 3965 1220 4015 12
1240 3959 1345 4031 ίηαοῦν
1361 3965 1393 4032 -Ι-
1408 3981 1424 4030 y

314 4049 317 4112 Ι
338 4048 370 4098 l'l
389 4047 527 4100 λυποῦσιν
544 4065 561 4098 x
582 4047 586 4109 Ι
611 4047 640 4097 14
659 4040 867 4114 ἀπηρτισμένου
884 4065 902 4099 x
917 4046 921 4115 Ι
944 4049 975 4098 14
992 4039 1027 4100 τά
1045 4048 1133 4113 >51
1152 4048 1236 4101 1415
1254 4042 1425 4112 πράττωσιν

311 4147 329 4184 x
347 4137 352 4192 1
375 4133 406 4184 15
423 4125 625 4200 κρυπτόμενοι
644 4137 692 4198 151
711 4134 716 4196 Ι
735 4132 767 4182 11
788 4126 820 4183 οι
837 4132 873 4196 >
891 4139 902 4182 ι
922 4131 926 4198 Ι
946 4134 979 4182 ιτ
997 4129 1105 4200 ιαιηιη
1123 4133 1154 4199 ιι
1173 4135 1207 4185 τι
1224 4121 1269 4185 dm
1286 4150 1306 4185 ι
1320 4135 1326 4203 Ι
1340 4135 1383 4187 ετ.
1395 4137 1424 4184 11

313 4210 459 4283 διαδήλων
476 4233 501 4275 x,
520 4209 669 4284 διαδήλων
685 4233 717 4281 y,
736 4209 786 4268 διά
805 4212 900 4284 δήλων
917 4224 943 4279 t,
967 4209 999 4269 ἐν
1016 4210 1091 4269 άλλω
1108 4210 1150 4269 δι’
1168 4209 1286 4286 ἀδήλων
1304 4227 1425 4288 margot

314 4299 318 4366 Ι
342 4302 375 4352 ²5
398 4301 487 4354 θείαν
503 4303 538 4365 >
554 4317 572 4366 y
598 4303 603 4366 Ι
629 4303 662 4354 25
685 4300 792 4354 διεῖλεν
810 4321 840 4366 x,
864 4299 1056 4368 1511'1111121115
1080 4303 1084 4366 Ι
1108 4303 1142 4354 28
1160 4303 1317 4368 θριανείαν
1334 4321 1351 4356 x
1371 4306 1376 4370 Ι
1393 4302 1424 4353 18

312 4373 387 4449 άπερ
403 4391 442 4450 πῖ,
462 4381 534 4449 όπέρ
551 4403 569 4452 y
585 4387 589 4450 Ι
604 4387 645 4438 ⁶28.
660 4385 693 4442 29
710 4379 891 4453 ἀρχιερεῦσιν
908 4404 926 4438 1
941 4387 945 4454 Ι
960 4387 993 4439 29
1010 4381 1187 4454 προσέταιιτο
1205 4393 1218 4439 1
