3052 4974
295 361 335 472 ιο
1337 357 1418 468 ἰο

294 571 430 653 λότριον
458 569 642 655 άπάσησθε
671 573 688 610 *
713 572 771 652 τῆς
797 567 990 652 ἐκκλησίας,
1019 565 1122 650 λόγον
1148 563 1287 650 ὑφέξετε
1318 567 1360 634 ἐν
1381 573 1421 653 τῇ

293 671 400 761 ἡμέρα
421 677 482 738 τοῦ
504 675 641 756 κυρίου·
674 669 723 735 ὅτι
749 670 931 754 γέγραπται
951 666 1083 734 Ἀθοάον
1109 667 1166 733 καλ
1193 670 1333 735 δίκαιον
1358 667 1420 734 οὐκ

295 773 507 851 ἀποκτενεῖς·
538 770 590 838 Οὐ
611 772 701 858 λη’ψη
722 774 817 854 δῶρα
840 770 981 849 πατάξαι
1003 769 1131 854 ψυχήν·
1165 769 1211 836 Τά
1232 768 1300 855 γάρ
1327 772 1421 855 δῶρα

296 875 463 960 ἐκτυφλοῖ
481 870 680 960 ὀφθαλμοὺς
704 876 823 957 σοφοῖν
842 871 900 938 καὶ
921 874 1118 955 λυμαίνεται
1136 871 1265 957 ῥήματα
1286 873 1419 938 δίκαια·

261 977 353 1046 οκαλ
378 976 481 1041 πάλιν
505 975 551 1040 Οί
569 977 780 1051 δικαιοῦντες
806 973 866 1039 τὸν
885 971 992 1057 άσεβῆ
1014 971 1132 1038 ἕνεκεν
1160 973 1283 1058 δώρων
1306 972 1367 1039 καλ
1386 973 1421 1040 τδ

295 1080 431 1144 δίκαιον
449 1081 510 1142 τοῦ
522 1078 657 1142 δικαίου
679 1083 841 1160 αίροντες.
876 1075 1095 1160 φυλάσσεσθε
1118 1063 1181 1145 οὖν
1202 1071 1240 1140 τδ
1257 1079 1421 1160 κατακρί-

297 1201 370 1244 νειν
388 1177 482 1255 τινάς
503 1177 628 1254 άδίκιος
649 1177 706 1244 καὶ
728 1189 933 1262 συνηγορεῖν
954 1187 1023 1252 τοῖς
1042 1188 1217 1260 πονηροῖς·
1245 1173 1335 1242 Οὐαί
1356 1176 1421 1260 γάρ

297 1283 344 1365 τῷ
366 1281 497 1363 λέγοντι
516 1276 555 1345 τδ
574 1277 725 1365 πονηρὸν
748 1277 854 1344 καλὸν
876 1277 932 1344 καλ
953 1277 992 1342 τδ
1013 1275 1119 1343 καλὸν
1140 1276 1301 1361 πονηρόν.
1336 1301 1420 1362 προ

298 1382 408 1466 σέχετε
436 1371 499 1447 οὖν
526 1382 643 1467 μήπως
669 1385 952 1468 προσωπολῆπται
972 1378 1148 1463 γευόμενοι
1168 1375 1360 1463 ὑποπέσητε
1383 1385 1421 1464 τῇ

250 1501 281 1552 Ιο
299 1488 399 1570 φωνῇ
412 1486 429 1524 *
441 1489 563 1570 κυρίου
578 1482 698 1568 ταύτῃ·
729 1479 816 1547 Οὐαὶ
832 1482 868 1546 οί
879 1482 1032 1565 λέγοντες
1045 1479 1083 1545 τδ
1098 1480 1221 1564 πικρόν
1239 1478 1353 1563 γλυκδ
1366 1481 1421 1546 καλ

298 1581 335 1650 τδ
354 1583 465 1668 γλνκύ
486 1587 625 1674 πικρόν,
649 1585 686 1650 οί
703 1585 853 1660 τιθέντες
871 1582 908 1648 τὸ
929 1586 1002 1666 φάς
1023 1581 1143 1659 σκότος
1164 1581 1279 1648 καὶτὸ
1301 1581 1421 1659 σκότος

297 1691 379 1772 φῶς.
426 1686 488 1754 ἐάν
515 1688 580 1772 γάρ
607 1686 741 1774 ἑτέρους
766 1684 891 1761 άδίκως
914 1687 1155 1769 κατακρίνητε,
1183 1682 1265 1750 καθ’
1289 1685 1420 1751 ἑαυτῶν

297 1781 548 1873 άποφαίνεσθε·
582 1789 632 1854 ὅτι
649 1791 738 1873 λέγει
760 1785 778 1853 ὀ
800 1787 916 1869 κύριος
936 1777 991 1852 Ὧι
1007 1787 1174 1872 *κρίματι
1190 1789 1322 1869 κρίνετε
1345 1811 1420 1872 κρι-

297 1889 465 1974 θήσεσθε,
495 1890 551 1956 καὶ
575 1887 620 1967 ὥς
648 1889 880 1969 καταδικάζετε
897 1888 1255 1974 -καταδικασθήσεσθε,
1302 1891 1333 1954 εί
1358 1878 1421 1954 οὖν

248 2010 280 2060 15
298 1988 617 2077 άπροσωποληπττος
643 1995 790 2074 κρίνετε,
821 1989 1051 2074 ἐπιγνώσεσθε
1079 1987 1139 2056 τόν
1167 1995 1420 2076 κατηγοροῦντα

299 2089 383 2156 κατά
412 2096 473 2158 τοῦ
501 2098 645 2178 πλησίον
677 2091 782 2160 αὐτοῦ
810 2095 1000 2179 μαρτυρίαν
1026 2093 1137 2176 ψευδῆ
1167 2091 1224 2158 καλ
1253 2092 1421 2171 ἐπιδείξας

298 2189 404 2260 αὐτόν
418 2195 652 2282 συκοφάντην,
674 2195 860 2280 βάσκανον,
884 2195 1002 2279 φονέα,
1026 2194 1238 2278 ταράσσοντα
1254 2189 1298 2270 τός
1313 2191 1421 2259 κακὸν

299 2292 519 2381 άντιλογίαις,
552 2296 699 2364 άστατον
726 2298 765 2363 ἐν
793 2309 862 2374 τοῖς
889 2295 1000 2379 λόγοις
1028 2293 1166 2378 ἑαυτοῦ,
1194 2295 1353 2362 ἐναντίον
1382 2295 1422 2362 ἐν

299 2388 350 2473 οἷς
367 2400 550 2484 φθέγγεται
566 2401 623 2466 καὶ
638 2398 862 2483 ἁλισκόμενον
882 2397 1028 2482 ῥήμασιν
1049 2397 1138 2463 ίδίου
1154 2396 1330 2481 στόματος·
1354 2419 1421 2462 πα-

247 2515 281 2568 20
298 2497 349 2582 γλς
367 2498 432 2582 γάρ
454 2499 546 2590 αὐτῷ
566 2501 687 2586 ἰσχυρά
710 2501 871 2586 ἐφέστηκε
891 2491 930 2564 τά
951 2500 1019 2564 ῖδια
1039 2502 1141 2583 χείλη.
1180 2494 1221 2564 δν
1239 2497 1321 2583 μετά
1342 2497 1422 2575 τούς

300 2597 456 2684 ἐλέγχους
477 2606 536 2686 τῆς
555 2605 777 2686 ψευδολογίας
798 2613 924 2687 κρινεῖς
943 2598 1118 2685 άποτόμως
1140 2600 1197 2666 καὶ
1213 2603 1255 2686 τῇ
1275 2605 1423 2686 μαχαίρᾳ

298 2703 359 2764 τοῦ
386 2701 493 2788 πυρὸς
516 2703 729 2790 παραδόσεις
757 2704 814 2769 καὶ
842 2703 992 2787 ποιήσεις
1014 2701 1106 2790 αὐτῷ
1129 2699 1170 2769 δν
1189 2701 1316 2787 τρόπον
1340 2703 1422 2768 ε’πο-

366 2907 478 2962 2Exod
496 2909 543 2974 23,
564 2911 579 2961 7
600 2911 604 2972 1
624 2910 641 2964 3
658 2912 734 2961 Dent
750 2910 797 2973 27,
817 2911 851 2960 25
870 2911 874 2976 Ι
896 2909 1005 2962 3Dout
1023 2908 1070 2974 16,
1089 2907 1245 2974 19151221·
1264 2909 1293 2972 5,
1313 2908 1367 2974 331
1389 2909 1423 2960 111

366 2994 423 3060 Isaj
442 2995 473 3062 5,
493 2995 526 3046 20
541 2993 545 3064 Ι
562 2997 594 3048 13
612 2995 702 3048 Matth
720 2994 786 3056 7,2

298 3178 311 3229 1
331 3169 484 3248 άπόσησθε
502 3199 516 3236 τ
532 3181 566 3250 ΙΙ
587 3177 620 3235 δέ
637 3181 672 3250 -Ιν
689 3199 707 3232 x
722 3179 726 3243 Ι
744 3180 755 3230 1
774 3171 912 3246 όφέξεται
930 3195 954 3230 w
970 3181 974 3244 Ι
995 3184 1012 3231 2
1030 3179 1081 3234 τοῦ
1098 3175 1396 3247 >γι1131ηφειτι
1416 3181 1421 3246 Ι

297 3264 313 3312 4
332 3257 481 3333 όφαλμοίις
494 3269 518 3319 X
533 3269 537 3331 Ι
553 3267 771 3334 4λυμαίνονται
783 3283 807 3316 w
822 3263 827 3332 Ι
842 3267 858 3315 4
873 3263 974 3317 δίκαια
987 3272 1084 3332 wxyzt,
1104 3263 1226 3318 δικαίων
1244 3265 1403 3316 cotelerius
1416 3263 1420 3326 Ι

297 3341 373 3398 ὃτδν
383 3357 479 3416 wxyzt,
492 3347 524 3403 τὸ
534 3353 569 3403 W
584 3351 588 3416 Ι
604 3345 733 3418 δάσεβῆι
742 3367 765 3402 w
780 3341 989 3416 ΙδάρροντεςΥ
1003 3347 1008 3418 Ι
1023 3345 1233 3417 δφολάσσεσθε
1243 3385 1290 3405 .....
1303 3347 1423 3417 Suom-

298 3425 351 3495 ρδν
368 3439 431 3498 post
448 3429 538 3502 ταύτῃ
551 3435 583 3488 10
596 3443 607 3486 t
622 3435 626 3502 Ι
641 3436 657 3486 6
670 3428 855 3502 φυλάσεσθαι
868 3453 906 3500 ιν,
926 3428 1093 3502 φολόσεσθε
1106 3453 1120 3486 τ
1140 3436 1143 3499 Ι
1164 3426 1251 3488 νότον,
1268 3427 1424 3500 κροσέχετε

354 3514 443 3584 ταύτῃ
459 3519 544 3571 8-10
562 3522 665 3572 omittit
683 3538 705 3584 z,
730 3537 821 3588 neque
839 3537 856 3586 y
875 3521 960 3572 habet
978 3521 1033 3572 αἰεί
1050 3522 1079 3571 in
1097 3522 1231 3588 margine,
1250 3520 1299 3572 σεδ
1316 3535 1336 3584 y
1353 3525 1423 3572 anta

299 3595 501 3666 φυλάσσεσθαι
518 3605 535 3655 δ
553 3606 638 3656 inseri
656 3606 734 3656 iubet
748 3607 752 3669 Ι
768 3605 820 3657 89
838 3600 1006 3672 προσέχεται
1023 3623 1047 3656 w
1062 3607 1066 3669 Ι
1083 3604 1115 3656 10
1133 3605 1186 3657 τοῦ
1202 3605 1236 3671 Ι-
1254 3611 1265 3656 t
1279 3605 1284 3670 Ι
1300 3603 1333 3655 10
1350 3596 1422 3658 odai

299 3681 329 3738 ολ
345 3681 475 3752 λέγοντες
491 3689 526 3752 >
542 3695 590 3754 yzt
604 3692 609 3754 Ι
625 3689 658 3741 10
674 3685 786 3757 πυκρόν
803 3707 817 3741 z
834 3690 839 3756 Ι
859 3691 890 3741 11
910 3684 940 3742 οἱ
956 3684 1088 3750 τιθέντες
1105 3707 1161 3754 ιτα,
1186 3689 1224 3742 τά
1241 3683 1354 3742 τιθέντι
1371 3697 1423 3754 yn

300 3768 305 3840 Ι
333 3773 361 3823 ll
381 3767 413 3824 τό
431 3775 580 3825 seeundum
598 3773 664 3838 >z
692 3773 695 3840 Ι
724 3774 755 3825 12
778 3773 993 3838 τατακρίνειται
1011 3793 1036 3826 w
1062 3774 1067 3842 Ι
1094 3775 1126 3828 13
1143 3767 1364 3841 άκοφαίνεσθαι
1384 3791 1422 3836 w,

298 3848 484 3922 άποφένεσθε
502 3875 517 3908 τ
538 3857 542 3919 Ι
564 3859 595 3910 13
613 3849 628 3910 δ
646 3859 681 3922 >
697 3865 744 3923 yzt
762 3859 767 3926 Ι
791 3858 822 3910 13
839 3845 861 3910 ά
878 3865 955 3924 κγτῖ,
976 3845 992 3910 δ
1010 3858 1053 3926 w!
1074 3859 1106 3912 13
1124 3855 1179 3926 γάρ
1196 3859 1230 3924 -Ι-
1247 3875 1271 3908 w
1287 3857 1292 3924 Ι
1306 3857 1339 3910 13
1356 3858 1422 3924 τρί-

298 3957 377 3994 νιται
395 3959 419 3992 w
439 3941 443 4008 Ι
465 3942 548 3994 1314
567 3938 763 4010 κριθήσεσθαι
782 3960 806 3992 w
826 3941 831 4009 Ι
853 3943 884 3994 14
901 3935 939 4004 ὥς
957 3961 1011 4008 wx,
1030 3931 1052 3995 ά
1069 3951 1116 4010 yzt
1135 3943 1139 4010 Ι
1162 3945 1193 3995 15
1215 3935 1423 4010 άιτροσαιτολό-

298 4043 373 4086 πτας
392 4028 425 4090 τΙ
448 4027 479 4078 15
497 4025 626 4092 κρίνεται
645 4044 669 4077 w
695 4028 700 4090 Ι
727 4027 761 4078 18
777 4021 1030 4097 μαρτυρήσανταῖ
1056 4028 1060 4094 Ι
1082 4029 1113 4080 11
1132 4025 1244 4096 φονίαν
1261 4046 1286 4079 w
1306 4029 1310 4093 Ι
1332 4029 1361 4079 17
1379 4021 1423 4090 τάς

298 4105 389 4164 κακόν
406 4119 463 4178 xyt,
482 4109 594 4172 πάντας
613 4129 645 4177 τι,
665 4117 790 4163 neutrum
809 4131 823 4164 τ
840 4113 844 4180 Ι
862 4113 893 4164 18
910 4104 1089 4180 α’ντιλογίαις
1105 4115 1140 4178 >
1158 4131 1172 4166 ι
1187 4111 1193 4182 Ι
1214 4113 1246 4166 18
1265 4105 1356 4167 ἑαυτά
1371 4121 1425 4178 yzt

298 4196 303 4264 Ι
329 4196 362 4248 18
379 4189 513 4250 ἐναντίον
530 4203 593 4264 post
610 4187 735 4249 ιῖστατον
753 4213 777 4246 w
801 4197 806 4264 Ι
831 4197 863 4248 18
881 4191 913 4250 ἐν
932 4199 1049 4250 alterum
1067 4216 1098 4262 x,
1118 4199 1152 4262 >
1168 4215 1205 4262 w,
1226 4190 1277 4266 ἐφ’
1294 4205 1342 4264 γτε
1361 4196 1367 4263 Ι
1389 4199 1424 4251 19

297 4275 397 4346 οἷσπερ
415 4299 438 4332 w
454 4283 458 4345 Ι
476 4281 508 4334 111
526 4278 686 4350 φθέγκεται
705 4298 719 4332 τ
739 4279 743 4348 Ι
764 4281 798 4332 20
815 4275 973 4350 ἐφέστηκεν
990 4301 1007 4334 x
1027 4281 1031 4350 Ι
1051 4281 1084 4332 20
1106 4271 1142 4335 δν
1164 4297 1246 4350 super
1264 4297 1373 4334 versum
1392 4299 1422 4350 y,

296 4363 330 4432 >
347 4381 361 4414 z
376 4363 382 4436 Ι
397 4367 428 4417 21
448 4361 597 4436 έλλίγχοος
614 4383 628 4418 ι
644 4365 649 4436 Ι
664 4367 695 4417 ‘21
715 4365 825 4434 κρίνεις
843 4384 867 4416 w
