2994 4972
81 415 99 459 τ
120 398 222 453 16-18
1139 411 1200 476 177

79 572 142 652 τῆς
160 571 321 652 τιμωρίας
335 573 403 634 τῶν
422 566 507 634 αὐτοὶ
522 571 815 656 συγγραψαμένων
830 568 883 638 ἐπ’
901 570 1012 659 ἀπάτη
1028 573 1084 640 καὶ
1107 573 1200 642 ἄπω-

80 675 157 757 λείρι
178 672 248 735 τῶν
266 674 395 736 πιστῶν
413 669 470 736 καλ
487 668 667 756 ύμέμπτων
687 676 750 738 τού
763 676 885 757 κυρίου
898 671 1006 759 Ἰησοῦ
1026 680 1200 760 μαθητῶν.

37 777 88 858 ΠΙ
112 771 301 838 ἐπίσκοπον
315 771 373 838 καὶ
390 771 622 858 πρεσβύτερον
634 773 691 838 καὶ
713 775 877 840 θιύκονον
899 781 1038 860 είπομεν
1053 777 1202 863 μονογύ-

80 897 168 956 μους
189 877 436 957 καθίστασθαι,
455 873 521 940 τόν
542 897 578 940 τε
592 879 692 954 ζῶσιν
714 873 828 942 αύτῶν
850 877 889 942 αἱ
899 876 1039 962 γαμεταὶ
1061 874 1127 944 κόν
1146 903 1201 946 τε-

79 975 251 1058 θνήξεται,
277 972 322 1060 μή
344 977 467 1056 ε’ξεῑναι
490 976 528 1042 θέ
551 973 666 1054 αὐτοῖς
689 975 772 1061 μετὰ
788 983 1000 1064 χειροτονίαν
1022 975 1234 1066 ἢύγύμοιςσ

80 1066 183 1142 οὖσιν
202 1079 252 1142 ἔτι
274 1074 331 1142 ἐπὶ
351 1076 462 1160 γόμον
490 1081 649 1164 ἔρχεσθαι
674 1073 698 1163 ἦ
721 1079 949 1164 γεγαμηκόσιν
970 1081 1097 1167 ἑτέραις
1114 1101 1201 1168 συμ-

81 1179 280 1261 πλέκεσθαι,
303 1175 377 1243 ἀλλ’
401 1177 580 1265 ύρκείσθαι
601 1171 625 1266 ᾖ
646 1184 778 1264 ἔχοντες
795 1172 908 1265 ἦλθον
930 1182 986 1249 ἐπὶ
1006 1181 1069 1268 τήν
1089 1207 1201 1272 χειρο-

81 1284 211 1346 τονίαν.
257 1275 423 1366 ὑπηρέτας
441 1282 479 1346 δὲ
503 1279 560 1347 κάλ
581 1279 778 1370 ψαλτμόούς
796 1282 853 1348 καὶ
874 1281 1094 1368 ἀναγνώστας
1114 1288 1132 1328 *
1143 1286 1201 1354 καὶ

81 1380 263 1468 πυλωροὺς
277 1381 334 1448 καί
347 1379 469 1459 αύτούς
481 1382 721 1467 Ι’μονογύμους
733 1378 821 1450 εἶναι
832 1383 1031 1469 κελεύομεν·
1047 1389 1079 1452 εί
1085 1388 1123 1454 δέ
1134 1386 1201 1473 πρὸ

79 1483 195 1566 γόμου
217 1485 265 1560 είς
285 1487 414 1568 κλῆρον
435 1486 667 1570 προέλθωσιν,
693 1486 915 1570 ἐπιτρέπομεν
936 1484 1049 1564 αύτοίς
1068 1500 1199 1573 γαμεῖν,
1220 1502 1252 1554 10

82 1591 153 1668 είγε
181 1582 266 1664 πρὸς
293 1588 393 1650 τοῦτο
423 1584 590 1671 πρόθεσιν
614 1589 764 1669 ἔχουσιν,
795 1587 853 1654 ἵνα
877 1585 921 1672 μιΙ
950 1585 1202 1674 ύμαρτήσαντες

81 1683 255 1764 κολάσεως
275 1685 431 1770 τύχωσιν.
476 1685 591 1754 ούθενλ
612 1687 649 1753 δὲ
671 1691 740 1752 τῶν
761 1686 799 1752 ἐν
819 1691 866 1774 τρῖ
887 1688 1001 1776 κλήρῳ
1018 1690 1201 1776 κελεύομεν

79 1783 103 1870 ἢ
129 1787 269 1874 ἑταίραν
295 1783 318 1872 ἦ
346 1788 470 1854 οίκέτιν
494 1785 517 1873 ἢ
542 1788 650 1875 χήραν
675 1783 699 1872 ἢ
725 1788 976 1875 ἐκβεβλημένην
1003 1791 1200 1878 λαμβάνειν,

81 1885 127 1966 ῶς
155 1888 214 1954 καὶ
247 1887 265 1955 ὁ
291 1889 393 1973 νόμος
419 1893 518 1974 λέγει.
563 1891 761 1958 διακόνισσα
793 1891 831 1956 δὲ
857 1892 1005 1975 γινέσθω
1031 1894 1203 1979 παρθένος

81 1989 171 2076 ἁγνή
178 2015 186 2029 ·
214 1993 245 2057 εί
270 1993 307 2057 θλ
331 1991 433 2076 μήγε,
461 1987 527 2057 κᾶν
552 1992 639 2078 χήρα
661 1991 869 2077 μονόγαμος,
898 1992 996 2077 πιστὴ
1019 1994 1077 2060 καλ
1097 1998 1198 2078 τιμία.
1220 2006 1252 2058 15

37 2091 71 2153 18
84 2098 86 2176 Ι
97 2091 179 2169 τούς
188 2095 205 2132 *
213 2094 707 2179 μετανοοῦνταςιιροσθέχεσθε,
721 2097 820 2162 τοῦτο
829 2092 1032 2179 γὰρθέλημα
1043 2099 1106 2162 τοῦ
1114 2099 1202 2162 θεοῦ

83 2192 124 2260 ἐν
146 2198 287 2281 χριστῷ·
317 2193 396 2271 τούς
419 2195 689 2280 κατηχουμένους
711 2193 984 2280 στοιχειῶσαντες
1000 2199 1198 2280 βαπτίσατε·

80 2294 161 2373 τούς
183 2293 309 2372 ἀθέους
329 2295 542 2379 αλρεσιῶτας,
565 2293 797 2380 ύμετανοήτως
818 2299 965 2381 ἔχοντας,
989 2298 1201 2363 διαστείλαν-

81 2419 136 2473 τες
151 2393 337 2482 ύφορίσατε
353 2395 419 2463 ιἰπό
441 2401 510 2465 τῶν
525 2400 653 2465 πιστῶν
667 2397 724 2463 καὶ
739 2402 757 2441 *
775 2401 832 2481 τῆς
848 2398 1027 2484 ἐκκλησίας
1041 2402 1103 2464 τοῦ
1115 2402 1203 2464 θεοῦ

83 2497 316 2583 έκκηρύκτονς
336 2499 508 2584 ποιήσατε,
532 2498 589 2566 καὶ
610 2503 855 2586 παραγγείλατε
877 2490 946 2576 τοῖς
963 2510 1093 2576 πιστοῖς
1114 2521 1201 2565 παν·
1218 2511 1253 2564 20

82 2605 182 2676 τοίως
206 2597 320 2666 αὐτῶν
350 2599 534 2685 ἀπέχεσθαι
568 2599 625 2666 καὶ
657 2600 739 2685 μήτε
771 2600 860 2688 λόγῳ
883 2599 967 2684 μήτε
1000 2612 1203 2685 προσευχαῖς
1345 2605 1347 2608 ’

82 2712 265 2767 κοινωνεῖν
286 2697 408 2778 αὐτοῖς.
454 2692 547 2768 οὗτοι
568 2701 634 2787 γάρ
655 2704 741 2767 είσιν
762 2699 928 2767 ύντίόικοι
947 2700 1004 2768 καὶ
1026 2702 1202 2788 ἐπίβουλοι

81 2807 142 2887 τῆς
164 2801 358 2887 ἐκκλησίας,
378 2804 415 2868 οἱ
432 2805 692 2890 διαφθείροντες
711 2801 750 2868 τό
774 2807 932 2888 ποίμνιον
953 2801 1010 2869 καί
1032 2803 1202 2887 μολύνον-

82 2927 137 2980 τες
157 2901 221 2988 τήν
241 2907 486 2989 κληρονομίαν,
518 2905 553 2969 οἱ
578 2904 759 2989 θοξόσοφοι
785 2903 841 2970 καὶ
864 2902 1094 2990 παμπόνηροι·
1125 2900 1202 2985 περὶ

82 2996 132 3072 ῶν
146 3008 263 3088 ἐλεγεν
279 3003 444 3090 Σολομῶν
460 3001 477 3071 ὁ
495 3004 600 3092 σοφὸς
621 3004 670 3070 ότι
691 3007 938 3090 όνσσεβοῦντες
959 3000 1201 3089 ὑποκρίνονται
1218 3016 1252 3066 25

152 3211 184 3262 14
203 3213 263 3264 Lev
280 3212 323 3276 21,
344 3211 375 3262 14
390 3213 394 3276 Ι
412 3211 443 3264 Ιθ
460 3213 549 3264 Thess
566 3229 586 3263 α
603 3214 628 3276 5,
649 3213 680 3262 18
695 3210 700 3278 Ι
715 3213 748 3262 25
767 3212 952 3277 apocryphum

84 3417 95 3466 Ι
116 3405 165 3467 ἐπ’
182 3415 218 3480 >
235 3432 267 3476 x,
286 3407 334 3467 ἐττλ
351 3431 384 3480 γε
405 3413 411 3482 Ι
432 3415 485 3466 1.2
503 3414 631 3468 απωλεία
649 3410 698 3466 κοιλ
717 3404 813 3480 ῶπύτη
832 3431 855 3466 w
875 3411 879 3480 Ι
902 3413 953 3465 1.2
971 3403 1094 3464 α’τιολεία
1114 3417 1141 3464 τί
1160 3409 1166 3480 Ι
1185 3413 1202 3462 2

81 3493 220 3567 ιίμὲπτιιν
233 3516 247 3550 τ
264 3499 269 3563 Ι
283 3499 300 3548 2
314 3499 351 3550 fin
363 3493 395 3552 έν
406 3491 482 3552 ἄλλα
494 3497 544 3552 καλ
556 3493 628 3552 υλῶν
640 3495 689 3551 καλ
701 3491 885 3565 κληρονόμων
898 3515 992 3566 margo
1005 3503 1017 3547 t
1030 3499 1035 3564 Ι
1050 3497 1067 3549 3
1079 3496 1202 3564 εἴπαμεν

82 3603 105 3634 w
120 3587 125 3650 Ι
141 3586 158 3634 4
176 3599 208 3636 τε
226 3583 310 3646 ζῶσιν
327 3601 352 3644 x,
371 3578 487 3647 τέξωοιν
505 3602 537 3650 w,
557 3583 641 3648 ζῶσιν
658 3576 971 3652 γι114.5τεθνήξωοι
989 3599 1022 3647 w,
1041 3575 1201 3650 τεθνήκασι

80 3687 132 3736 xyz
148 3663 276 3737 [''mvx],
289 3667 431 3720 τεθνᾶοιί
446 3666 451 3737 Ι
465 3663 605 3733 δόξελναι
618 3687 632 3720 τ
647 3666 653 3738 Ι
668 3667 910 3734 όχειροτονείανε
924 3666 929 3734 Ι
944 3667 960 3718 5
973 3659 1089 3734 ἧ>γτι
1104 3668 1108 3732 Ι
1123 3659 1201 3732 570?-

80 3755 194 3820 μοιςλλί
211 3753 215 3816 Ι
231 3739 510 3820 7ἦιγτ,είο,ἢ11
526 3753 737 3820 τειχοποιίαν
750 3771 773 3802 w
788 3753 792 3817 Ι
807 3750 885 3803 8καλ
899 3753 1017 3803 medium
1028 3751 1062 3816 >
1074 3768 1098 3801 w
1114 3750 1150 3815 18
1169 3745 1202 3802 δὲ

79 3839 113 3906 -Ι
131 3855 157 3888 τι
174 3835 178 3903 Ι
193 3836 211 3887 9
228 3832 371 3902 πυλοροός
389 3856 412 3888 w
427 3836 463 3904 Ιθ
481 3831 534 3904 μὲν
545 3838 579 3903 -Ι-
589 3855 622 3903 yz
638 3835 644 3906 Ι
663 3838 693 3889 10
710 3830 809 3904 γύμων
821 3854 872 3902 xyz
888 3835 893 3903 Ι
915 3836 946 3887 10
963 3831 1148 3901 παρέλθωσιν
1165 3839 1177 3884 t
1196 3832 1201 3899 Ι

82 3924 111 3974 11
133 3915 296 3987 πρόσθεσιν
314 3928 337 3982 t,
356 3919 532 3988 πρόθυσινπ
549 3925 553 3986 Ι
572 3922 599 3974 11
621 3917 755 3989 ἔχουσιν
771 3920 776 3988 Ι
794 3921 823 3972 12
842 3914 984 3981 τολύοεως
1002 3915 1122 3985 τύχωσιν
1134 3925 1198 3982 th,

79 4007 266 4060 κολασθῶσιν
283 4024 317 4072 yz
333 4009 337 4072 Ι
354 4007 385 4060 13
404 3999 505 4071 ἑτέραν
522 4009 570 4068 W,
589 4011 634 4072 ἴοι
654 3999 785 4072 έταιρίδα
804 4023 898 4072 margo
917 4023 940 4055 w
955 4002 960 4072 Ι
977 4005 1009 4058 13
1027 3999 1143 4068 οίκέτην
1161 4019 1202 4052 wx

81 4093 85 4157 Ι
109 4093 141 4144 13
159 4081 180 4159 ἢ
198 4097 324 4158 quartum
343 4109 398 4156 ιιι,
422 4091 471 4145 καλ
489 4097 537 4158 yzt
556 4092 561 4156 Ι
583 4091 614 4142 16
633 4085 665 4144 δέ
684 4090 716 4157 -Ι-
733 4097 781 4158 γτί
799 4090 804 4160 Ι
825 4091 858 4142 111
875 4083 1088 4156 προσδέχεσθαι
1106 4103 1121 4136 τ
1144 4087 1149 4149 Ι
1171 4083 1202 4136 16

79 4176 134 4230 τοῦ
152 4177 187 4240 >
203 4175 270 4242 γτίΙ
289 4175 319 4226 18
336 4169 402 4236 τούς
421 4193 529 4228 erasum
547 4193 571 4226 w
586 4175 591 4243 Ι
608 4175 639 4228 19
657 4166 822 4242 α’φορήσατε
841 4193 864 4225 w
879 4175 883 4238 Ι
901 4173 933 4225 19
951 4165 982 4226 ἐκ
999 4173 1033 4237 -Ι-
1051 4189 1065 4220 ι
1081 4170 1086 4236 Ι
1105 4169 1136 4220 21
1156 4161 1202 4222 λό-

79 4277 145 4327 γοις
162 4267 175 4310 ε
191 4259 196 4326 Ι
210 4259 244 4312 23
263 4256 479 4330 διαφθήροντες
497 4278 521 4311 w
536 4258 542 4328 Ι
556 4261 589 4312 ‘25
608 4253 685 4327 ἔλεγε
697 4267 745 4326 yzt
759 4259 763 4328 Ι
779 4261 812 4312 25
831 4251 845 4311 ό
865 4252 953 4324 τορὸς
971 4253 1100 4321 οολομῶν
1117 4271 1133 4304 x
1149 4252 1154 4322 Ι
1168 4253 1202 4305 21

81 4343 273 4410 θυσσεβούαιν
289 4361 308 4396 x

959 4429 998 4494 12
