2994 4972
79 415 91 452 ε
111 399 144 454 14
1138 411 1199 476 143

77 569 119 636 οὐ
142 573 250 658 πολά,
280 567 487 656 προσηύχετο
515 572 562 656 τῷ
590 567 691 652 πατρὶ
714 571 822 653 λέγων
843 571 974 657 Πάτερ,
995 571 1199 657 παρένεγκαι

76 672 138 739 ἀπ’
156 675 250 759 -έμοῦ
272 675 311 742 τό
332 671 511 756 ποτήριον·
543 669 631 756 πλην
652 670 696 756 μη
718 670 757 737 τὸ
779 671 862 756 έμδν
881 674 1013 758 θέλημα
1034 677 1200 758 γενέσθω,

76 775 167 841 ἀλλά
202 776 240 843 τό
276 777 345 844 σόν.
391 771 446 838 καλ
473 777 572 838 τοῦτο
600 773 741 859 ποιήσας
772 779 903 859 τρίτον,
931 773 1027 861 ἡμῶν
1053 774 1120 842 ἀπὸ
1141 781 1200 862 τῆς

77 875 231 962 ἀθυμίας
255 883 301 957 είς
325 877 436 942 ὕπνον
464 874 739 959 καταπεσόντων,
777 873 891 942 έλθιδν
925 878 1014 962 λέγει
1044 877 1198 962 *Ἤγγι-

77 1003 139 1044 κεν
161 976 184 1064 ἡ
205 979 295 1065 ῶρα,
318 976 373 1045 καλ
390 973 408 1042 ό
428 975 501 1054 υίὸς
522 981 583 1042 τοῦ
603 975 792 1061 ἀνθρώπου
814 980 1037 1065 παραδίδοται
1059 983 1106 1056 είς
1130 993 1232 1065 χεῖ-ο

78 1105 141 1164 ρας
177 1079 395 1165 άμαρτωλῶυ.
442 1078 499 1143 καὶ
533 1076 610 1144 ίδοά
634 1077 759 1156 Ἰούδας
788 1078 845 1145 καλ
871 1079 943 1164 μετ’
972 1079 1077 1147 αὐτοῦ
1104 1079 1200 1166 ὄχλος

76 1180 232 1267 ἀσεβῶν·
273 1182 330 1249 καὶ
357 1195 496 1266 σημεῖον
523 1182 706 1266 προδοσίας
727 1180 841 1258 αὐτοῖς
868 1185 1021 1249 δείκνυσι
1044 1184 1200 1249 *δόλιον

77 1289 228 1369 φίλημα,
252 1287 288 1351 οἱ
303 1285 341 1351 δὲ
364 1283 538 1368 δεξάμενοι
556 1281 594 1348 τδ
615 1282 784 1368 σύνθημα,
803 1284 991 1370 ἐκράτησαν
1005 1283 1065 1351 τόν
1079 1285 1200 1368 κόριον

78 1385 137 1450 καλ
165 1387 305 1470 δέσμιον
332 1383 554 1470 ποιησάμενοιΙ
577 1383 706 1470 ἤγαγον
733 1388 818 1463 εἰς*
846 1389 958 1452 οέκίαν
980 1388 1119 1472 Καίάφα
1138 1391 1200 1452 τοῦ

78 1487 278 1572 ἀρχιερέως,
310 1487 348 1553 έν
369 1478 391 1574 ᾗ
410 1485 516 1564 πολύς
538 1486 785 1572 συγκεκρότητο
809 1487 850 1553 οὐ
871 1488 967 1570 λαός,
995 1487 1070 1554 ἀλλ’
1091 1486 1197 1572 ὄχλος,
1218 1505 1251 1556 10

78 1588 162 1655 οὐδὲ
191 1591 435 1675 πρεσβυτέριον
466 1589 573 1676 ἱερόν,
603 1586 689 1654 ἀλλά
713 1590 895 1676 συνέδριον
916 1591 1121 1675 παρανόμων
1143 1589 1199 1654 καλ

77 1692 329 1777 βουλευτήριον
350 1690 499 1776 ἀσεβῶν·
538 1693 572 1756 οἳ
588 1689 776 1757 καὶ-πολλά
796 1692 1016 1777 ποιησάμενοι
1039 1688 1199 1758 κατ’ἀύ-

78 1797 142 1857 τοῦ
171 1797 240 1858 πᾶν
273 1790 361 1870 εἶδος
386 1792 517 1878 ὕβρεως
545 1789 587 1858 οὐ
608 1794 812 1878 παρέλιπον,
840 1792 1058 1878 ε’μπτόοντες,
1082 1817 1200 1880 κερτο-

79 1899 234 1979 μοῦντες,
249 1895 440 1978 τύπτοντες,
455 1895 656 1978 βαπίςοντες,
674 1894 965 1979 λοιδορούμενοι*,
978 1896 1198 1982 πειράζοντες,

79 2001 241 2080 μαντείας
270 1997 500 2082 ἐπιζητοῦντες
527 1995 603 2062 ἀντὶ
630 2003 856 2082 προφητείας,
880 2004 1021 2084 εἴρωνα,
1044 1998 1200 2083 βλάσφη-
1218 2015 1251 2067 15

80 2121 165 2182 μον,
186 2099 336 2176 Μωσέως
358 2098 572 2184 παραβάτην,
597 2100 690 2184 ἱεροῦ
709 2101 926 2186 καθαιρέτην,
945 2101 1080 2166 θυσιῶν
1102 2097 1201 2166 ἀναι-

82 2203 199 2284 ρέτην,
217 2197 388 2285 Ῥωμαίων
413 2202 592 2285 πολέμιον,
613 2205 783 2286 Καίσαρος
808 2202 965 2267 ἐναντίον
985 2201 1200 2268 ἀποκαλοῦν-

82 2325 144 2378 τες.
170 2301 227 2366 καλ
250 2303 355 2368 ταῦτα
375 2304 489 2388 μέχρις
506 2301 638 2388 ὄρθρου
659 2305 785 2388 βαθέος
809 2304 1116 2388 έμπαροινήσαντες
1137 2302 1200 2368 αὐ-

82 2408 129 2490 τῷ
155 2404 191 2468 υό
215 2409 334 2489 ταῦροι
357 2405 414 2471 καλ
434 2407 452 2444 *
476 2405 577 2482 κύνες
607 2403 800 2489 ἀπάγουσιν
829 2402 932 2470 αὐτὸν
960 2403 1043 2490 πρὸς
1061 2403 1199 2486 Ἅνναν,

84 2496 186 2590 δςῆν
216 2505 383 2593 πενθερός
411 2511 472 2572 τοῦ
493 2507 647 2592 Καιάφα·
693 2505 792 2573 κάκεί
816 2505 856 2572 τά
883 2505 980 2590 ὅμοια
1003 2507 1198 2593 δράσαντες,
1217 2523 1252 2574 2⁰

84 2611 300 2693 παρασκευῆς
327 2606 444 2694 οὔσης,
474 2613 522 2697 τῷ
545 2608 682 2694 ἀρχοντι
713 2613 781 2675 τῶν
804 2605 974 2693 Ῥωμαίων
1000 2611 1201 2694 παρέδωκαν

83 2707 187 2776 αὐτόν
224 2711 378 2798 Πιλάτφ,
406 2713 672 2798 κατηγοροῦντες
701 2709 845 2777 αὐτοῦ*
872 2714 993 2796 βαρέα,
1026 2701 1076 2776 ῶν
1100 2709 1201 2777 οὐδὲν

84 2820 203 2896 ίοχνον
225 2810 415 2892 ἀποδείξαι·
449 2811 506 2897 ἐφ’
533 2806 582 2890 οἷς
602 2809 622 2878 δ
639 2811 752 2899 ἅρχων
774 2814 1067 2899 δυσανασχετήσας
1087 2817 1202 2896 ἔλεγεν

86 2913 260 2998 Οὐδεμίαν
278 2918 389 2981 αίτίαν
411 2914 485 2980 κατ’
511 2913 621 2992 αὐτοῦ,
636 2912 790 2998 εὑρίσκω.
837 2917 874 2981 οί
889 2916 927 2980 δὲ
949 2917 1123 3000 μάρτυρας
1137 2914 1200 2980 δάο

83 3019 220 3092 ψευδεῖς
261 3014 443 3100 ἀγαγόντες
483 3017 666 3102 ἐβούλοντο
703 3029 932 3102 συκοφαντεῖν
965 3016 1025 3081 τὸν
1061 3016 1198 3099 κύριον·
1218 3031 1251 3081 25

84 3117 304 3202 ἀσυμφῶνων
333 3119 370 3185 δὲ
399 3117 511 3185 αὐτῶν
542 3116 752 3202 εὑρεθέντων
775 3122 821 3196 είς
843 3123 1052 3184 καθοσίωσιν
1073 3115 1201 3202 ἀνῆγον

84 3219 121 3284 τό
142 3224 281 3305 πρᾶγμα
303 3222 457 3305 λέγοντες
481 3211 589 3298 Οὗτος
609 3219 731 3288 ἑαυτὸν
752 3222 840 3306 λέγει
861 3221 1001 3304 βασιλέα
1017 3214 1120 3301 εἶναι,
1144 3217 1201 3284 καλ

151 3428 164 3479 1
186 3429 245 3478 Luc
263 3431 306 3492 νε,
325 3430 358 3480 ιν
374 3429 377 3486 ι
393 3430 409 3479 ι
426 3429 518 3480 matth
530 3429 571 3493 νο,
584 3430 618 3480 ιε
634 3429 637 3492 ι
656 3429 686 3481 ιο
704 3429 798 3480 Psalm
816 3431 857 3493 αν,
874 3428 913 3480 13.
930 3426 979 3495 ιιΙ
999 3425 1032 3478 24
1051 3424 1201 3491 10h18‚38

152 3526 155 3576 ς
176 3515 210 3564 νε
229 3515 288 3564 Luc
306 3513 349 3577 τε,
368 3515 384 3563 2

86 3701 97 3750 1
109 3691 144 3752 τό
154 3707 182 3751 et
195 3703 258 3766 virg
267 3700 302 3763 >
310 3707 358 3766 γει
372 3699 376 3764 Ι
392 3699 404 3750 l
417 3694 575 3766 παρένεγκε
583 3705 631 3766 yzt
645 3699 648 3763 Ι
663 3696 814 3767 θγινέσθω
822 3717 855 3766 γε
871 3699 874 3766 Ι
889 3698 1046 3754 δείπνονΖ
1061 3699 1065 3766 Ι
1079 3703 1095 3752 4
1107 3693 1202 3753 έλθών

82 3786 115 3849 >
133 3787 155 3836 Y
173 3787 208 3848 14
227 3781 299 3852 ἡμῖν
316 3787 350 3850 -Ι-
368 3803 392 3835 w
411 3791 439 3836 et
458 3803 474 3836 a
494 3791 648 3836 correctore
666 3803 683 3850 y
698 3788 702 3848 Ι
724 3787 739 3834 ό
757 3776 829 3850 ῶραι
849 3803 872 3836 w
887 3785 892 3853 Ι
908 3786 922 3835 7
941 3778 1052 3852 ἀσεβῶν
1069 3792 1131 3850 th,
1151 3800 1201 3836 πο·

83 3865 132 3931 λάς
149 3887 185 3936 γε
200 3868 236 3937 ΙῚ
255 3868 306 3921 καλ
323 3871 358 3934 >
375 3871 413 3921 Yz
429 3868 434 3937 Ι
449 3871 464 3920 7
484 3869 631 3922 δείκνυσιν
648 3887 674 3934 x,
694 3863 763 3929 δοδς
780 3887 813 3935 yz
833 3869 839 3938 Ι
858 3872 873 3921 ’1
892 3865 923 3922 τὸ
940 3871 973 3936 -Ι-
991 3887 1024 3935 yz
1040 3873 1044 3934 1
1061 3872 1076 3920 ’ί
1095 3868 1201 3936 φίλιμα

81 3956 151 4022 γΙθ
169 3949 360 4021 ποιησάμενοι
379 3963 442 4020 th,
463 3949 598 4020 λαβόντες
615 3971 648 4022 γτ
664 3957 668 4020 Ι
683 3955 700 4006 9
718 3949 771 4022 τήν
788 3955 823 4021 -Ι-
839 3961 886 4021 yzt
902 3956 905 4020 Ι
927 3955 956 4006 ll
976 3949 1147 4022 παράνομον
1165 3961 1177 4004 t
1195 3951 1199 4022 Ι

83 4040 115 4090 12
133 4032 326 4106 ποιησάμενοι
345 4046 405 4103 th,
425 4035 615 4106 τολμήσαντες
632 4057 666 4106 γτ
686 4041 690 4106 Ι
714 4040 744 4091 13
761 4040 822 4092 πάν
839 4047 901 4101 th,
919 4031 1007 4092 υάδέν
1024 4057 1057 4106 γε
1073 4039 1078 4106 Ι
1099 4041 1130 4090 13
1148 4055 1200 4090 πα-

82 4121 217 4189 ρέλειπον
235 4141 267 4176 xz
287 4125 291 4188 Ι
316 4125 345 4177 13
364 4117 515 4184 έπτόυντες
533 4125 567 4188 τΙ
590 4126 620 4175 14
640 4119 807 4190 βαπίζοντες
823 4127 857 4191 >
875 4143 891 4176 x
907 4125 911 4190 Ι
930 4126 960 4176 14
978 4118 1201 4190 λοιδορούμενοι

81 4227 114 4274 w,
135 4209 336 4274 λοιδοροῦντες
355 4217 366 4260 t
386 4212 390 4276 Ι
412 4211 443 4260 11
462 4201 551 4260 αότάν
568 4209 601 4278 -Ι-
619 4227 643 4260 w
663 4212 668 4274 Ι
689 4210 720 4261 18
739 4205 854 4278 βαθέως
871 4227 903 4274 x,
927 4209 1053 4276 βαθείας
1071 4225 1085 4258 τ
1101 4207 1106 4274 Ι
1123 4207 1155 4257 19
1172 4201 1204 4258 ολ

81 4296 115 4362 -Ι-
133 4301 181 4360 γτε
196 4293 201 4361 Ι
218 4295 249 4344 19
267 4292 339 4360 πρὸς
351 4284 453 4346 ’Ἅνναν
471 4300 533 4358 th,
553 4285 629 4345 ἀννα
641 4313 674 4359 yz
690 4293 695 4364 Ι
709 4295 743 4346 20
761 4295 837 4362 κακῇ
849 4313 872 4345 w
888 4298 892 4356 Ι
907 4297 940 4345 22
958 4293 1007 4345 καλ
1019 4293 1054 4359 -Ι-
1065 4309 1091 4355 x,
1110 4285 1201 4344 πολλά

80 4379 131 4434 καλ
149 4379 186 4448 -Ι-
202 4378 316 4448 γτ1123
334 4371 490 4444 ἀποδεῖξαι
507 4397 558 4443 wx,
577 4372 731 4445 άπελέγξαι
749 4386 796 4445 γει
