3160 4976
1386 421 1433 493 61

240 604 363 681 νομίσαι
380 601 502 668 ἑαυτοῖς
518 594 644 682 κέρδους
659 600 763 682 καιρὸν
773 595 848 662 εἶναι
862 595 1041 682 ἀνθρώπων
1058 601 1136 658 ἐστίν
1150 593 1275 678 ἀσεβῶν
1292 601 1342 658 καί
1359 595 1437 658 θεο·

241 713 362 790 στυγῶν
380 704 449 768 ούδέ
465 703 637 790 ὑπερβολὴν
654 703 810 776 ἀτοπίας*
828 705 972 787 ίχύντων.
996 705 1071 766 ὅθεν
1089 700 1172 779 ἔδοξε
1188 708 1259 772 τοῦς
1281 709 1438 772 τοιούτους

242 818 363 886 πάντας
390 811 562 898 ίκκηρύξαι,
593 819 711 897 μὴποτε
739 811 787 899 ἐφ’
814 811 883 889 ὅλον
906 811 984 893 ἔλθῃ
1008 815 1059 872 τάν
1082 809 1156 874 λαύν
1182 815 1200 881 6
1225 813 1302 895 ἀργὴ
1318 816 1369 873 καί
1391 811 1438 872 ἐπ’

244 925 356 993 αύτούς
379 933 500 1006 πρῶτον
530 927 601 993 τούς
625 930 824 1006 προεστῶτας
846 924 919 990 τοῦς
945 924 987 997 μὴ
1015 919 1244 993 ἐπιζητοῦντας.
1276 916 1438 1002 φοβοῦμαι

213 1035 316 1114 σγάρ,
335 1033 378 1102 ώς
395 1035 533 1114 ήγραφὴ
550 1028 640 1112 λέγει,
656 1035 699 1112 μή
717 1026 907 1110 συναπολέσῃ
925 1029 940 1088 6
958 1023 1079 1108 ἀσεβὴς
1095 1030 1144 1088 τὸν
1162 1025 1288 1088 δίκαιον.
1314 1029 1438 1108 πορνεία

242 1141 316 1223 γάρ,
335 1145 420 1224 φησί,
446 1143 495 1200 καί
512 1134 678 1214 πλεονεξία,
708 1133 745 1196 δι’
773 1137 794 1196 ἃ
817 1137 940 1218 ἔρχεται
970 1135 1088 1218 ἡάργὴ
1114 1143 1169 1196 τοῦ
1191 1135 1270 1196 θεοῦ
1294 1134 1341 1194 έπί
1368 1140 1441 1204 τοῦς

243 1249 326 1318 υίοῦς
347 1257 404 1318 τῆς
432 1245 608 1315 ἀπειθείας.
641 1251 683 1326 μὴ
712 1245 763 1308 οὖν
787 1243 912 1326 γίνεσθε
936 1245 1124 1325 συμμέτοχοι
1156 1245 1270 1304 αιίτιῖον.Ι
1301 1242 1354 1312 ἦτε
1377 1246 1439 1326 γάρ

243 1375 314 1415 ποτε
331 1357 450 1431 σκότος,
476 1361 529 1414 νῦν
547 1351 578 1414 δέ
603 1362 670 1440 φῶς
686 1355 716 1414 ἐν
741 1357 854 1437 κυρίῳ·
881 1359 926 1421 ώς
953 1351 1042 1413 τέκνα
1066 1355 1169 1436 φωτὸς
1190 1360 1382 1434 περιπατεῖτε
1399 1348 1439 1434 (6
1482 1361 1485 1364 '

242 1466 305 1545 γὰρ
323 1466 440 1544 καρπὸς
457 1470 510 1522 τοῦ
525 1465 624 1547 φωτδς
644 1463 673 1521 έν
691 1463 775 1541 πάσῃ
794 1458 992 1542 ἀγαθωσύνῃ
1015 1464 1066 1520 καί
1090 1457 1262 1540 δικαιοσύνῃ
1286 1465 1336 1520 καί
1359 1457 1439 1527 ἀλη-

201 1589 225 1628 ιυ
243 1567 337 1653 θείᾳ)
356 1567 571 1651 δοκιμάζοντες
587 1574 615 1628 τί
633 1571 711 1630 ἐστιν
728 1569 891 1650 εύάρεστον
909 1573 952 1644 τῷ
969 1572 1060 1650 κυρίῳ
1077 1573 1127 1628 καί
1151 1573 1193 1646 μὴ
1211 1575 1439 1650 συγκοινωυεῖτε

242 1688 307 1748 τοῖς
323 1679 425 1761 ἐργοις
449 1687 514 1748 τοῖς
530 1678 681 1760 ἀκάρποις
708 1685 762 1740 τοῦ
791 1681 929 1751 σκότους,
952 1671 1069 1754 μᾶλλον·
1090 1671 1123 1734 δέ
1144 1675 1195 1733 καί
1218 1673 1368 1758 ἐλέγχετε.
1395 1677 1438 1734 τά

242 1788 304 1868 γὰρ
322 1795 420 1870 κρυφῇ
437 1787 582 1868 γινόμενα
595 1780 645 1846 ὑπ’
662 1785 764 1846 αὐτῶν
782 1784 911 1866 αίσχράν
929 1782 1058 1844 ἐστικαὶ
1078 1779 1192 1863 λέγειν·
1219 1786 1258 1842 τὰ
1281 1779 1313 1842 δέ
1338 1784 1441 1842 πάντα

242 1890 431 1976 ἐλεγχόμενα
448 1895 506 1954 ὑπὸ
522 1901 574 1954 τοῦ
591 1896 695 1976 φωτὸς
711 1900 907 1978 φανεροῦται.
933 1899 1063 1952 τοιαῦτα
1079 1894 1133 1971 μέν
1152 1889 1167 1949 6
1185 1889 1318 1959 Παῦλος.
1337 1891 1389 1950 ἐάν
1408 1887 1442 1950 δέ

242 1996 294 2060 διά
311 2005 365 2069 τὴν
383 2004 534 2084 προτέραν
551 1997 724 2073 πλεονεξίαν
741 2004 795 2069 τὴν
812 2002 842 2059 έν
859 2009 896 2078 τῇ
914 1999 1013 2081 είρὴνῃ
1034 2001 1195 2081 γινομένην
1222 1993 1305 2064 δίκην
1322 2002 1440 2058 τιννύν·

198 2127 224 2168 τε
242 2127 293 2177 τες
305 2109 335 2168 έν
353 2110 439 2186 αύτῷ
457 2114 501 2186 τῷ
517 2115 615 2191 καιρῷ
632 2118 688 2178 τῆς
705 2109 802 2191 ἀργῆς
817 2105 906 2168 πάλιν
920 2107 996 2188 πρὸς
1013 2112 1066 2174 τὴν
1079 2101 1251 2179 πλεονεξίαν
1266 2106 1441 2188 έκτραπῶσί

241 2235 331 2293 τινες,
355 2213 563 2299 κερδαίνοντες
587 2213 622 2292 ἐξ
640 2218 775 2299 αίματος
802 2220 851 2276 καί
884 2212 1016 2296 ὀλέθρου
1045 2213 1225 2297 ἀνθρώπων
1253 2216 1438 2276 ἀναστάτων

241 2326 411 2405 γενομένων
428 2326 447 2392 ἢ
464 2322 675 2407 αἰχμαλώτων
693 2328 711 2396 ἢ
729 2321 970 2410 πεφονευμένων,
988 2326 1016 2382 τί
1033 2321 1132 2404 ἕτερον
1150 2319 1322 2401 προσδοκᾶν
1340 2327 1401 2405 χρὴ
1419 2325 1437 2390 ἦ

242 2430 285 2500 ώς
301 2430 590 2513 ἐπαγωνιζομένους
605 2445 642 2512 τῇ
660 2428 814 2509 πλεονεξίᾳ
831 2433 1034 2511 ἐπισωρεῦσαι
1050 2430 1144 2512 ἀργὴν
1166 2435 1217 2489 καί
1241 2431 1364 2498 ἑαυτοῖς
1389 2435 1439 2490 καί

241 2543 333 2600 παντί
349 2545 392 2616 τῷ
410 2536 493 2616 λαῷ;
519 2541 571 2598 ούκ
588 2537 652 2600 ι’δού
669 2537 776 2622 Ἀχαρ
795 2539 810 2600 6
827 2546 880 2601 τοῦ
897 2539 987 2620 Ζαρᾰ
1000 2533 1189 2618 πλημμελείᾳ
1206 2535 1434 2616 ἐπλημμέλησεν

197 2667 224 2704 ευ
243 2648 305 2707 ἀπὸ
328 2655 383 2706 τοῦ
412 2644 619 2720 ἀναθέματος
635 2653 686 2707 καί
712 2649 758 2710 ἐπί
781 2653 886 2706 πᾶσαν
904 2650 1090 2727 συναγωγὴν
1111 2641 1236 2727 Ἰσραὴλ
1253 2643 1387 2726 ἐγενήθη
1416 2648 1435 2714 ἡ

245 2756 341 2837 ἀργή;
366 2759 417 2814 καί
433 2751 521 2824 οὗτος
544 2751 588 2824 είς
608 2756 702 2835 μύνος
717 2758 855 2838 ἤμαρτε·
881 2759 922 2834 μὴ
940 2754 1033 2832 μόνος
1051 2750 1210 2812 ἀπέθανεν
1233 2752 1263 2810 ἐν
1281 2762 1317 2830 τῇ
1336 2753 1441 2836 ἀμαρ-

245 2867 298 2941 τίᾳ
315 2863 429 2932 αύτούς
454 2865 525 2943 ἡμῖν
551 2858 583 2922 δέ
600 2870 661 2922 πᾶν
687 2865 720 2922 τὸ
736 2867 778 2942 μὴ
803 2865 961 2945 ἡμέτερον,
987 2856 1066 2920 ἀλλὰ
1090 2855 1247 2940 ἀλλότριον
1273 2865 1317 2936 τῷ
1339 2866 1437 2944 καιρῷ

243 2973 342 3048 τούτῳ
359 2966 466 3054 κέρδος
474 2969 625 3051 ἀνάθεμα
634 2967 814 3050 νενομίσθαι
831 2973 985 3052 προσήκει.
1002 2967 1137 3037 κάκεῖνος
1152 2971 1207 3046 μέν
1224 2971 1285 3049 γὰρ
1304 2965 1438 3051 ίἈχαρ

244 3079 275 3138 ἐκ
291 3087 348 3146 τῆς
375 3087 532 3161 προνομῆς
553 3075 648 3160 ἔλαβε
676 3080 726 3138 καί
743 3079 830 3138 αὐτοὶ
856 3086 907 3136 νῦν
924 3078 956 3136 ἐκ
972 3084 1145 3158 προνομῆςι
1171 3076 1306 3144 κάκεῖνος
1330 3079 1384 3155 μέν
1401 3079 1443 3136 τά

198 3205 226 3243 ιτ.
244 3193 305 3244 τῶν
323 3182 486 3265 πολεμίων,
504 3187 532 3246 οἱ
547 3182 580 3245 δέ
596 3193 649 3244 νῦν
666 3189 705 3246 τά
723 3191 784 3244 τών
801 3181 955 3269 ἀδελφῶν,
981 3180 1182 3266 κερδάναντες
1205 3180 1345 3264 ὀλέθριον
1368 3187 1439 3266 κε’ρ-

245 3289 308 3362 δος.
332 3289 439 3373 μηδείς
455 3289 643 3367 ἐξαπατάτω
662 3294 770 3352 έαυτίν
787 3297 863 3373 μήτε
880 3297 924 3360 ώς
941 3293 1048 3374 εὑρών.
1072 3291 1214 3373 οὔτεγὰρ
1229 3292 1356 3373 εύρόντα
1374 3311 1443 3374 κερ·

245 3395 356 3459 δαίνειν
380 3394 530 3485 ἐξεστι[ν].
569 3407 641 3485 φησί
663 3403 697 3459 τύ
725 3397 968 3483 δευτερονύμιον·
993 3405 1035 3479 μὴ
1068 3395 1141 3458 ἰδών
1173 3401 1223 3458 τὸν
1248 3400 1366 3482 μόσχον
1392 3405 1445 3458 τοῦ

243 3504 379 3592 ἀδελφοῦ
418 3526 473 3568 σου
511 3513 561 3570 καί
593 3511 626 3568 τὸ
658 3504 818 3590 πρόβατον
858 3506 1053 3589 πλανώμενον
1082 3505 1111 3566 έν
1141 3518 1176 3586 τῇ
1209 3505 1272 3586 ὁδῷ
1308 3504 1444 3590 περιίδῃς

247 3619 340 3677 αύτά.
375 3615 556 3700 ἀποστροφῇ
589 3615 791 3699 ἀποστρέψεις
822 3617 904 3678 αὐτοὶ
934 3623 977 3693 τῷ
1002 3613 1134 3700 ’ἀδελφῷ
1168 3633 1233 3678 σου.
1264 3616 1319 3675 ἐὰν
1344 3611 1377 3675 δέ
1400 3620 1443 3695 μή

200 3744 227 3780 το
244 3725 350 3806 ἐγγίζῃ
368 3723 383 3784 6
401 3720 534 3808 ἀδελφός
559 3742 613 3786 σου
636 3726 712 3807 πρὸς
729 3728 762 3784 σέ
778 3719 856 3804 μηδέ
873 3725 978 3805 ἐπίστῃ
996 3725 1109 3798 αύτόν,
1139 3717 1279 3796 συνάξτις
1296 3723 1378 3782 αῦτά
1393 3723 1445 3784 καί

326 3832 337 3870 1
352 3829 439 3882 νομίσαι
453 3824 527 3872 αὐτοῖς
543 3827 604 3868 bodl.
619 3829 654 3878 26,
670 3831 730 3869 τετιῖ.
746 3828 794 3868 625.
809 3847 836 3856 -
850 3825 925 3881 καιρὸν
939 3823 997 3867 εἶναι
1010 3823 1100 3880 κέρδους
1111 3827 1172 3866 bodl.
1183 3825 1224 3866 2⁰⁶
1238 3831 1261 3866 οε
1270 3837 1285 3875 p
1295 3829 1374 3865 σοαεεε
1383 3827 1444 3866 bodl.

243 3902 352 3952 reliquos.
368 3921 395 3930 -
415 3895 466 3942 λδ.
480 3901 517 3942 καί
534 3897 608 3954 ὑπιρβ.
623 3899 655 3950 Β,
678 3904 786 3950 sequutus
802 3900 862 3940 bodl.
879 3899 918 3940 15⁸
933 3900 1022 3950 ε11ύύς
1045 3909 1118 3948 neque
1136 3897 1173 3938 καί
1191 3907 1264 3946 neque
1284 3893 1335 3938 ούδί
1353 3899 1448 3948 praebet

139 3997 142 4006 ·
246 3974 307 4014 bodl.
322 3974 356 4022 26,
379 3977 497 4024 utrumque
519 3972 565 4024 (καί
580 3969 639 4023 οδδέ)
653 3983 675 4012 ε.
696 3972 732 4013 καί
748 3969 831 4023 πολλὴν
846 3968 970 4025 ὑπερβολὴν
988 3973 1050 4011 ml.
1066 3969 1114 4010 ⁶25.
1130 3989 1157 3998 -
1177 3965 1300 4019 *ἀσεβείας
1319 3972 1380 4008 ml.
1396 3971 1445 4018 625,

246 4042 342 4102 ἀσωτίας
356 4045 417 4084 bodl.
433 4045 480 4085 158.
495 4046 549 4086 -ύ
565 4045 647 4086 Gom.
661 4047 716 4085 ινῖῖί
730 4046 764 4084 111.
777 4063 804 4074 -
813 4041 902 4094 6me.
913 4064 940 4074 -
954 4044 968 4084 6
981 4043 1041 4092 aph,
1051 4053 1067 4080 ν
1081 4043 1101 4090 1,
1118 4042 1226 4082 6418.-
1239 4040 1314 4082 πλεον.
1329 4039 1384 4094 μηδέ
1399 4040 1446 4082 δνο-

247 4113 352 4170 μεζίτδω
366 4115 389 4157 ἐν
404 4115 462 4169 ὑμῖν,
478 4113 505 4156 δι’
518 4115 532 4158 λ
546 4119 567 4158 B
580 4122 646 4168 atquo
656 4119 688 4158 ῖεε
699 4116 804 4166 Gregoru
814 4117 851 4156 ed.
866 4117 980 4166 princeps.
992 4125 1004 4154 ε
1014 4115 1080 4154 libris
1095 4113 1186 4162 ειτίφῖίε
1200 4123 1229 4153 πε
1238 4123 1296 4152 unua
1307 4115 1397 4163 quidem
1407 4125 1447 4154 αεσ

245 4201 274 4242 με
284 4193 416 4239 moseum·
427 4209 453 4218 -
463 4191 476 4228 11
486 4201 506 4230 ιι.
518 4189 558 4230 τοῦ
567 4188 688 4243 πνεύματος
697 4189 719 4232 έν
729 4192 790 4230 ml.
801 4190 850 4230 626.
861 4209 888 4220 -
898 4183 1023 4244 ἀγαδοσὺνῃ
1035 4188 1077 4237 Rp.
1089 4207 1116 4216 -
1126 4189 1152 4226 10
1161 4183 1219 4226 ἐστιν
1229 4197 1255 4226 ιν
1264 4187 1326 4226 bodl.
1337 4187 1377 4227 2⁰⁶
1391 4191 1414 4228 σε
1422 4199 1446 4238 p.

246 4283 273 4292 -
283 4262 446 4317 συγκοινωνῆτε
455 4263 485 4301 M.
495 4283 522 4292 -
532 4264 558 4304 1³
568 4261 607 4315 μέν
618 4262 630 4303 6
640 4259 766 4305 ἀπόστολος.
777 4258 815 4301 ἐὰν
824 4257 848 4300 δέ
858 4260 901 4310 Bp.
912 4279 939 4289 -
954 4261 980 4300 14
988 4257 1092 4313 προτερον
1106 4270 1128 4309 p.
1141 4279 1166 4288 -
1180 4255 1351 4314 γενομένηνΒρ.
1359 4279 1386 4290 ··-
1397 4261 1422 4299 1⁷
1432 4258 1447 4311 ἢ

246 4337 342 4374 altorum
351 4333 499 4376 ινλνοδῖείεαί
513 4339 537 4374 σε
548 4346 585 4385 με.
594 4354 622 4364 -
636 4334 663 4372 10
678 4329 818 4386 ἀναθήματος
831 4345 854 4383 p.
869 4334 931 4372 -11
948 4329 1011 4376 οὗτος
1025 4336 1077 4382 [κοτε
1091 4329 1155 4384 μένος
1172 4343 1195 4382 ρ.
1210 4351 1238 4362 -
1252 4333 1276 4372 ln
1289 4341 1333 4380 τας.
1342 4329 1447 4380 erogem

248 4407 357 4446 τοτείεαίι
375 4402 457 4452 ἄλλως.
473 4403 529 4447 ἀλλὰ
540 4405 570 4459 μὴ
582 4401 647 4458 μένος
661 4403 720 4462 ἀυτῇ
731 4402 826 4460 ἁμαρτίᾳ
836 4403 903 4446 αὑτοῦ
917 4400 1032 4445 ἀπέθανεν.
1044 4423 1070 4434 -
1080 4405 1106 4444 δύ
1120 4400 1269 4458 κερδαίνοντες
1279 4404 1322 4454 Rp.
1333 4405 1397 4444 -18
1407 4402 1446 4456 μή·

247 4489 300 4518 ποτε
315 4472 347 4522 ώς
361 4479 429 4518 admo
446 4476 551 4528 Gregorii
565 4479 686 4528 prinecps..
695 4496 722 4506 -
736 4477 762 4514 11
779 4473 848 4524 Ιξεετι
861 4476 904 4526 Bp.
915 4495 942 4506 -
957 4487 980 4528 φ.
996 4473 1038 4529 γάρ
1051 4473 1112 4528 τδρ.
1128 4494 1155 4503 -
1169 4475 1196 4516 88
1210 4475 1279 4515 Dent.
1295 4475 1333 4516 nl
1349 4476 1442 4516 1-1.-

247 4545 379 4602 πλανώμενα
389 4562 425 4601 ερ.
436 4569 463 4580 -
473 4551 499 4591 30
514 4547 589 4602 ἐπίττη
601 4546 801 4598 anserinum..
818 4549 930 4588 ῦοάῖείεαί
940 4551 1026 4597 nepum
1040 4551 1063 4588 οε
1071 4548 1099 4598 B,
1115 4545 1227 4588 ἐπίστασαι
1238 4548 1298 4588 bodl.
1310 4557 1368 4588 ααυε
1378 4551 1400 4588 οῖ
1410 4559 1446 4599 με,

247 4619 331 4660 εῦοώί.
344 4621 383 4660 715
398 4623 467 4662 verba
481 4623 570 4663 εῦευιιε.
585 4619 661 4672 έαιστῆ
677 4621 706 4660 M.
723 4617 818 4676 Ιπεγνυνς
828 4620 868 4672 (itt
877 4618 907 4672 B)
917 4621 941 4662 ία
955 4629 999 4670 ται.
1016 4620 1121 4670 ungoru
1136 4620 1244 4660 vomani·
1261 4639 1284 4650 -
1299 4615 1375 4660 αὐτῶν
1384 4620 1415 4660 M.
