3120 4980
132 311 226 368 XLVI

202 495 242 548 *29
266 483 381 570 regula
396 488 436 561 πζ
452 482 620 573 Syrorum.
646 491 800 574 ἀπόφασιν
825 501 858 555 -ζ-
878 497 911 551 at
926 487 1094 575 ὁλοκλήρως
1115 493 1163 568 γ».

202 603 242 656 30
271 600 482 659 συνεπίσκοπον
501 603 550 676 †.

134 703 176 766 55
227 717 239 764 1
269 707 434 789 αίρετικοῦς
451 712 521 777 τοῦς
536 711 625 767 κατὰ.
644 742 686 750 -
703 703 802 768 verba
817 712 865 768 καί
883 705 1081 777 ἀποστολικὴν
1096 733 1137 766 ιν.

225 820 242 872 3
273 816 476 898 ἀντιχρίστων
506 827 553 882 ÷.
582 811 785 899 excipiuntur
799 811 880 877 haee
897 812 1042 877 versione
1058 813 1185 899 syriaca
1200 810 1316 900 episto-

266 918 369 984 larum
393 919 434 983 ad
450 916 605 1000 Quintum
628 929 660 984 et
683 918 724 984 ad
744 919 887 1001 Philum,
911 919 943 983 id
966 930 1015 985 est
1029 919 1146 985 Fidum
1169 922 1316 1010 (ΦΙΛΟΣ

268 1028 410 1113 ΦίΔΟΣ)
429 1027 583 1093 datarum.
606 1028 666 1093 hae
682 1049 758 1093 varo
774 1028 927 1115 epistolae
944 1049 1041 1114 quum
1057 1051 1176 1117 graece
1191 1051 1254 1094 non
1268 1029 1316 1092 in-

268 1135 436 1200 veniantur
458 1146 491 1202 at
512 1135 626 1201 Latina
647 1137 708 1202 hoa
731 1147 797 1202 toto
820 1136 981 1201 volumine
1008 1159 1072 1202 non
1093 1160 1217 1220 eurem,
1246 1137 1317 1202 aliis

198 1267 224 1294 ·-
272 1243 507 1330 comparandae
535 1265 606 1309 eum
631 1241 787 1332 Cypriani
817 1244 924 1309 verbis
947 1244 1180 1332 relinquuntor.
1225 1247 1316 1310 abso-

267 1353 337 1416 luta
357 1352 491 1441 epistola
512 1351 594 1417 Fido
617 1351 713 1417 missa
735 1353 961 1418 subscribitur:
980 1354 1085 1438 ,ἀτονία
1107 1369 1155 1419 εει
1174 1354 1317 1442 synodus

268 1485 363 1548 quam
376 1465 529 1548 episcopi
535 1461 777 1526 celebraverunt
787 1459 983 1548 Οστίόσριτια
988 1461 1127 1548 Afn'cae
1138 1463 1217 1528 τιτόο
1231 1476 1314 1526 octo·

267 1575 363 1656 ριίιτσ
389 1585 509 1657 neptem
533 1585 672 1656 tempore
686 1573 799 1634 εσηοοί
813 1568 978 1657 Cypriani
989 1573 1140 1656 episcopi
1154 1585 1185 1635 et
1198 1585 1316 1658 marty-

269 1683 334 1742 ria:
353 1701 434 1765 quae
451 1686 560 1744 omm'a
575 1693 651 1743 tana
666 1677 791 1764 quadem
806 1701 823 1741 e
837 1701 982 1744 aer-mona
997 1701 1129 1744 romano
1145 1683 1182 1743 ιἰι
1197 1702 1315 1742 aermo-

270 1811 341 1852 ιισοι
354 1811 506 1874 ρτσεοιιικ
521 1811 617 1852 aeraa
631 1800 718 1868 aunt,
738 1809 825 1852 νιοιισ
839 1809 914 1850 vero
930 1811 1016 1852 anno
1032 1785 1102 1851 998
1120 1787 1319 1853 Graecorum

272 1893 305 1984 [i.
323 1917 350 1959 a.
369 1893 622 1984 Seleucidarum]
647 1900 813 1982 eyraeat'a
836 1899 969 1982 ερηὶεοα
988 1896 1090 1980 saeta
1115 1911 1200 1962 ουτοι.
1224 1896 1316 1960 venio

269 2025 354 2068 nune
371 2002 412 2066 ad
428 2002 594 2091 epistolam
609 2001 698 2068 Petri
714 2002 928 2068 alexandrini:

138 2113 179 2178 63
208 2121 245 2174 12
271 2113 365 2177 Πάλιν
379 2117 411 2175 ἐκ
423 2125 478 2185 τῆς
490 2123 690 2198 κατηχήσεως
704 2124 757 2176 τοῦ
770 2117 859 2198 ἁγίου
872 2114 987 2198 Πέτρου
1000 2116 1159 2176 ἐπισκόπου
1175 2111 1317 2190 Ἀλεξαν-

271 2221 374 2306 δρείας
396 2227 446 2283 καί
467 2226 625 2307 μάρτυρος
647 2211 789 2308 περίτῶν
806 2222 934 2305 διωγμῷ
951 2225 1158 2304 ἐμπεσόντων·
1181 2229 1248 2308 περί
1263 2233 1340 2290 τοῦτ

271 2337 343 2402 τοὺς
370 2334 519 2402 πεσόντας
547 2333 590 2403 είς
616 2337 670 2402 τῆν
698 2329 817 2416 παγίδα
845 2341 897 2393 τσῦ
922 2327 1069 2414 διαβόλου
1092 2341 1314 2414 μετανοοῦντας

270 2437 389 2510 τελείως
413 2445 462 2500 καί
484 2441 625 2509 ἑκουσίως
649 2445 725 2525 πρός
741 2445 826 2521 ἡμᾶς
849 2439 980 2502 ἕλκῦσσιι.
1004 2446 1075 2512 τοὺς
1099 2441 1316 2526 θηρευθέντας

275 2545 326 2611 ὑπ’
340 2552 434 2611 αὐτοῦ
450 2550 493 2619 τίς
507 2551 541 2609 τὸ
557 2547 683 2630 θέλημα
701 2552 807 2626 αὐτοῦ,
820 2545 1073 2632 παραπηδῶντοις
1085 2555 1134 2612 καί
1148 2555 1318 2636 φεύγοντας

271 2657 325 2720 ἀπ’
357 2660 450 2719 αῦτοῦ
484 2659 513 2718 ἐν
541 2660 626 2740 πάση
656 2670 692 2738 τῇ
730 2656 855 2738 δυνάμει
890 2659 1009 2738 αὐτῶν,
1045 2657 1318 2742 αναθηρεῦσωμεν,

270 2764 383 2847 μᾶλλον
399 2774 634 2850 προσευχόμενοι
650 2769 797 2852 ὑπάρχειν
815 2769 919 2836 αὐτοῖς
935 2771 987 2835 τῆν
1005 2767 1047 2837 είς
1062 2770 1112 2828 τόν
1128 2765 1203 2828 θεόν
1220 2767 1317 2826 πίστιν

272 2876 322 2935 καί
353 2871 519 2948 συνείδησιν
549 2875 678 2958 ἀγαθὴν
706 2878 736 2935 ἐν
769 2876 867 2946 Ἰησοῦ
896 2876 1017 2958 Χριστῷ
1045 2882 1088 2953 τῷ
1115 2879 1207 2958 κυρίῳ
1231 2877 1316 2955 ἡμῶν

270 2983 402 3066 λέγοντι·
427 2983 551 3067 γίνεσθε
576 2986 774 3067 οἰκτίρμονες,
803 2983 913 3053 καθὼς
931 2985 946 3044 ὁ
963 2987 1063 3067 πατὴρ
1080 2986 1164 3064 ὑμῶν
1189 2983 1204 3044 ό
1227 2985 1320 3066 οὐρά-

272 3113 336 3163 νιος
353 3095 509 3176 οἰκτίρμων
528 3092 617 3154 ἐστίν.
640 3099 691 3153 καί
707 3096 749 3174 μὴ
765 3096 892 3175 κρίνετε,
918 3093 968 3152 ἵνα
989 3097 1031 3171 μὴ
1053 3090 1188 3177 κριθῆτε.
1212 3095 1260 3152 καί
1276 3096 1318 3171 μὴ

272 3199 500 3278 καταδικάζετε,
519 3203 566 3261 ίνα
579 3207 621 3282 μὴ
633 3198 895 3269 καταδικασθῆτε.
913 3205 961 3260 καί
980 3197 1124 3261 ἀπολύετε
1139 3205 1189 3260 καί
1205 3195 1319 3260 ἀπολυ-

272 3309 426 3379 θήσεσθε.
452 3307 550 3371 δίδοτε
571 3316 620 3371 καί
643 3305 813 3378 δοθήσεται
828 3311 906 3390 ὑμῖν.
932 3311 1040 3391 μέτρον
1058 3310 1253 3388 πεπιεσμένον
1269 3313 1319 3368 καί

273 3419 545 3501 ὑπερεκχυνόμενον
559 3415 707 3482 δώσουσιν
723 3419 766 3488 εἰς
781 3420 831 3477 τὸν
847 3415 952 3478 κόλπον
966 3419 1060 3497 ὑμῶν.
1078 3422 1121 3492 τῷ
1138 3419 1200 3498 γάρ
1217 3417 1318 3497 μέτρῳ

276 3524 299 3604 ᾧ
317 3535 451 3609 μετρεῖτε
475 3525 771 3608 ἀντιμετρηθήσεται
796 3528 865 3605 ὑμῖν
881 3522 916 3610 ¹).
941 3527 994 3584 Δεῖ
1018 3521 1068 3585 οὖν
1090 3529 1139 3584 καί
1161 3527 1200 3584 τοί
1221 3526 1319 3606 μίτρα

274 3633 436 3718 ὁρισθῆναι
452 3644 506 3702 τῆς
519 3636 548 3694 ίν
561 3646 597 3713 τῆ
610 3635 756 3716 μετανοίᾳ
773 3635 894 3710 ἰάσεως,
913 3629 987 3694 διότι
1004 3633 1034 3692 ίκ
1051 3640 1192 3717 περισσοῦ
1209 3633 1319 3693 ἀκοῦο-

272 3764 325 3823 μεν
351 3746 393 3804 ὅτι
418 3745 451 3802 ου’
469 3751 528 3802 πᾶν
551 3751 675 3826 τραῦμα
697 3753 733 3822 τῆ
757 3743 834 3822 αὐτῆ
856 3741 1039 3825 όμπλάστρῳ
1054 3737 1080 3824 ²)
1101 3739 1318 3824 θεραπεύεται.

272 3847 320 3935 ἐρ’
343 3849 386 3922 οίς
414 3848 460 3910 δεῖ
483 3853 568 3931 ἡμᾶς
594 3854 715 3920 πάντας
743 3852 789 3910 ἀεί
812 3856 968 3934 προσέχειν
997 3857 1038 3928 τῷ
1067 3855 1158 3930 κυρίῳ
1186 3846 1318 3930 λέγοντι·

273 3978 437 4043 προσεχετε
448 3963 578 4037 ἑαυτοῖς,
589 3964 705 4040 μήποτε
713 3957 900 4042 βαρηθῶσιν
914 3963 998 4039 ὑμῶν
1012 3961 1046 4019 αί
1055 3955 1178 4042 καρδίαι
1195 3959 1225 4017 όν
1238 3976 1320 4040 κραι-

277 4073 357 4152 πάλη
372 4075 422 4130 καί
436 4069 520 4152 μέθη
536 4074 586 4130 καί
598 4073 756 4152 μερίμναις
766 4065 925 4150 βιωτικαῖς
934 4069 1093 4146 καίέπιστῇ
1110 4062 1159 4151 ἐρ’
1175 4069 1257 4146 ὑμᾶς
1274 4063 1321 4124 οιί-

276 4175 431 4262 ρνιδίωςῆ
448 4182 548 4264 ἡμέρα
566 4180 657 4246 ἐκείνη
676 4178 721 4246 ὡς
732 4181 836 4259 παγίς.
855 4173 1086 4237 ἐπεισελεῦστται
1104 4179 1165 4259 γὰρ
1184 4177 1230 4235 ε’πί
1244 4177 1319 4234 ποίν-

272 4305 330 4355 τας
339 4289 409 4357 τοὺς
417 4286 615 4368 καθημένους
627 4288 674 4347 ἐπί
687 4287 847 4368 πρόσωπον
857 4290 960 4354 πάσης
975 4296 1031 4354 τῆς
1047 4296 1122 4368 γῆς·
1142 4285 1320 4366 ἀγρυπνεῖτε

274 4391 306 4454 δέ
329 4397 359 4454 όν
383 4401 472 4456 παντί
497 4402 592 4479 καιρῷ
616 4391 748 4476 δεόμενοι
773 4395 821 4454 ίνα
845 4397 1047 4476 κατισχύσητε
1064 4395 1201 4478 ίκρυγείν
1218 4393 1320 4452 πάντα

221 4535 236 4586 ¹)
252 4535 305 4574 Luc.
321 4537 344 4574 υί
358 4537 445 4576 36-38.
462 4559 486 4566 -
503 4536 521 4586 ²)
536 4535 669 4594 ''¹1⁵2''2fi·
701 4537 772 4584 Ignnt.
789 4537 815 4573 nd
833 4535 948 4586 Polycarp.
963 4537 983 4574 2.
