2994 4972
293 391 353 454 174
1346 379 1408 436 ιιι
1484 411 1485 470 ss

292 553 397 616 πᾶσιν
416 545 621 634 εὐχαρίστως
640 549 898 633 προσέρχεσθαι,
922 542 966 622 ός
987 547 1073 610 θεοῦ
1094 547 1205 629 ἔργοις
1225 547 1284 610 καὶ
1308 545 1409 630 μηδὲν

293 651 332 718 έν
359 649 474 727 αὐτοῖς
500 653 614 734 ἔχουσι
640 651 791 734 φαῦλον·
825 647 882 713 καὶ
903 659 1024 732 γαμεῖν
1051 652 1216 730 νομίμως,
1244 645 1412 732 ἄμεμπτος

291 751 357 840 γάρ
378 749 560 828 ότοιοῦτος
579 750 702 834 γάμος,
727 748 777 816 ὄτι
801 749 857 816 καὶ
877 747 968 834 παρά
989 752 1111 832 κυρίου
1128 745 1306 834 ἁρμόζεται
1326 745 1410 832 γυνά

291 853 404 940 άνδρί,
428 852 484 918 καὶ
506 848 524 918 6
546 851 662 936 πόριος
689 852 778 935 λέγει
795 848 830 916 Ὁ
852 849 993 933 ποιήσας
1020 847 1080 916 ἀπ’
1108 847 1212 935 ἀρχῆς
1232 847 1342 932 ἄρσεν
1359 848 1412 916 καὶ

258 958 384 1039 οθῆλν
405 953 563 1037 ἐποίησεν
586 949 708 1030 αὐτοὺς
732 951 789 1019 καὶ
812 947 1052 1018 εἷπενἝνεκεν
1073 949 1196 1017 τούτου
1218 954 1411 1030 καταλείψει

293 1056 475 1138 ἄνθρωπος
494 1053 554 1120 τόν
575 1055 700 1136 πατέρα
727 1051 833 1119 αὐτοῦ
858 1052 914 1118 καὶ
937 1052 998 1137 τνΙν
1018 1053 1145 1138 μητέρα
1166 1051 1223 1118 καὶ
1243 1055 1411 1138 προσκολ-

293 1155 477 1242 ληθήσεται
497 1161 540 1241 τῇ
561 1154 697 1240 γυναικὶ
719 1152 839 1237 αὐτοῦ,
868 1152 924 1220 καὶ
947 1157 1080 1220 ἔσονται
1100 1155 1136 1220 οί
1153 1153 1215 1220 δύο
1238 1157 1286 1231 είς
1304 1155 1411 1238 σάρκα

292 1263 384 1344 μίαν.
418 1258 500 1344 μήτε
517 1255 584 1342 μὴν
599 1255 681 1342 μετά
701 1257 810 1342 γάμον
827 1257 844 1295 *
861 1256 1039 1340 ἐκβάλλειν
1060 1253 1324 1340 ἀκατάγνωστον
1346 1255 1412 1334 έξέ-

294 1378 371 1426 στω.
416 1359 550 1444 φυλάξῃ
577 1356 660 1444 γάρ,
692 1361 794 1443 φησί,
821 1360 868 1444 τῷ
896 1355 1064 1441 πνεύματί
1090 1373 1153 1422 σου
1180 1356 1237 1423 καὶ
1264 1368 1411 1441 γυναῖκα

245 1478 277 1530 10
294 1461 448 1548 νεότητός
470 1479 533 1526 σου
555 1458 599 1544 μή
624 1459 858 1545 ίγκαταλίπῃς.
895 1461 912 1498 *
935 1458 1058 1544 φάσκει
1086 1457 1151 1543 γάρ
1177 1457 1233 1524 καὶ
1255 1455 1275 1524 6
1298 1457 1413 1544 κάρτος

294 1564 344 1630 ὅτι
358 1561 397 1630 “A
427 1561 446 1628 6
471 1560 553 1640 θεὸς
578 1561 791 1643 συνέζευξεν,
815 1559 997 1644 ἅνθρωπος
1022 1557 1067 1644 μιΙ
1093 1560 1271 1644 χωριζέτω·
1301 1556 1323 1644 ἡ
1349 1559 1411 1644 γάρ

293 1665 380 1750 γυνὴ
402 1665 566 1742 κοινωνός
581 1663 651 1729 έστι
668 1665 758 1748 βίον,
777 1663 941 1746 ἑνουμὲνη
963 1663 1010 1738 είς
1029 1662 1067 1728 ἓν
1086 1664 1181 1746 σῶμα
1203 1661 1243 1728 ἐκ
1263 1661 1330 1728 δύο
1348 1657 1411 1726 ότδ

294 1775 312 1814 *
332 1772 433 1834 θεοῦ·
464 1763 539 1832 ὁδέ
562 1763 599 1831 τό
618 1767 655 1832 ἓν
676 1763 846 1830 άνάτιαλιν
868 1765 1010 1848 διαιρεῖν
1038 1766 1086 1840 είς
1111 1763 1174 1830 δύο
1201 1760 1326 1847 ἐχθρός
1352 1764 1409 1846 δη-
1484 1841 1485 1848 χ

280 1926 281 1930 ,
293 1871 470 1954 μιουργίας
495 1871 582 1934 θεοῦ
610 1865 667 1934 καὶ
689 1869 849 1952 προνοίας
866 1868 884 1906 ’
904 1863 1098 1948 άντίιταλος,
1121 1861 1280 1942 ὡσαύτως
1306 1861 1326 1928 6
1352 1888 1411 1930 κα-
1484 1853 1485 1890 ss

248 1987 276 2038 15
294 1971 398 2053 τέχωυ
411 1969 588 2053 μοιχαλίδα
604 1966 666 2052 τήν
679 1973 964 2054 παραφθαρεῖσαν
977 1966 1034 2032 καὶ
1045 1969 1334 2053 παραφθείρασαν
1346 1964 1411 2050 φό-
1484 2003 1485 2006 ¹

294 2088 378 2147 σεως
406 2067 538 2154 θεσμὸν
566 2071 776 2155 παράνομος,
807 2069 981 2153 ἐπείπερ*
1012 2065 1031 2134 ὁ
1063 2069 1212 2154 κατέχων
1234 2069 1412 2152 μοιχαλίδα

294 2170 415 2258 άφρων
442 2169 499 2238 καὶ
526 2169 664 2256 ἀσεβής·
692 2168 850 2255 Ἀπότεμε
876 2168 941 2256 γάρ
963 2168 1085 2257 αότήν,
1110 2175 1233 2255 φησίν,
1256 2163 1326 2235 άκό
1347 2171 1412 2234 τάν

294 2277 431 2361 σαρκῶν
446 2291 526 2340 σου·
549 2270 590 2339 οά
607 2272 671 2356 γάρ
693 2273 764 2337 ε’στι
785 2271 923 2357 βοηθός,
941 2270 1016 2337 ἀλλ’
1040 2271 1230 2357 ἐπίβουλος,
1253 2269 1339 2355 πρὸς
1353 2270 1412 2336 άλ-

294 2381 357 2443 λον
377 2375 588 2442 ἀποκλίνασα
610 2372 672 2460 τὴν
697 2373 863 2440 διάνοιαν.
908 2373 991 2458 μήτε
1017 2375 1055 2440 δὲ
1083 2373 1326 2460 περιτέμνεσθε
1353 2370 1413 2457 τὴν

243 2495 277 2546 20
295 2480 404 2564 σάρκα
418 2479 447 2560 *,
462 2477 623 2563 άρκεῑσθε
638 2477 675 2540 δέ
687 2478 803 2541 πιστοί
812 2479 840 2554 *,
852 2473 914 2559 τὴν
925 2479 983 2559 τῆς
997 2477 1138 2558 καρδίας
1148 2473 1335 2561 περιτομὴν
1346 2478 1365 2514 *
1377 2475 1413 2540 έν

362 2616 468 2667 3Ρεον
487 2615 527 2678 19,
551 2611 1228 2681 111419011119,4.οΙ9Με.1κυ112,14.[15]
1250 2615 1255 2680 Ι
1274 2615 1302 2665 11
1323 2613 1412 2665 Manli

365 2700 404 2766 19,
423 2700 459 2759 01
478 2700 508 2750 10
525 2701 596 2751 Prov
618 2698 1005 2764 18,22Ι1781εευ1ι25,20

297 2819 308 2868 1
330 2810 489 2884 εόχάριστοι
509 2835 523 2868 z
544 2817 548 2880 Ι
571 2817 582 2866 1
602 2813 796 2883 κροσέρχεσθε
815 2833 843 2880 x,
867 2816 995 2884 χράσθαι
1012 2833 1046 2883 γε
1072 2817 1078 2881 Ι
1103 2819 1120 2868 2
1139 2807 1254 2876 ἑαυτοῖς
1272 2822 1285 2867 1
1305 2819 1310 2881 Ι
1330 2818 1348 2866 2
1365 2813 1412 2867 νεά

293 2905 328 2968 >
346 2921 369 2954 w
384 2904 388 2970 Ι
404 2905 420 2954 2
438 2895 564 2971 άμεπτος
582 2919 597 2954 τ
617 2900 622 2969 Ι
642 2903 658 2953 4
676 2900 725 2953 καὶ
743 2894 759 2953 6
777 2897 875 2967 κάρτος
893 2897 968 2968 λέγει
987 2909 1054 2966 th,
1077 2893 1116 2961 ὥς
1132 2898 1183 2954 καὶ
1201 2894 1216 2953 6
1234 2895 1337 2968 κάρτος
1356 2895 1412 2954 έδί-

295 2987 365 3053 δαξε
377 2983 466 3054 λέγων
477 3005 511 3053 γε
527 2989 532 3052 Ι
552 2990 568 3038 4
580 2976 669 3052 άόόεν
679 3003 714 3052 γε
734 2984 779 3054 [ρρ
792 2987 817 3054 z]
835 2987 840 3050 Ι
855 2987 871 3038 5
884 2981 967 3039 εἶκεν
978 2993 1042 3047 ντί,
1055 2980 1143 3038 πάλιν
1153 3003 1187 3054 γε
1202 2985 1207 3052 Ι
1222 2979 1413 3053 manna

295 3093 337 3142 τι]
352 3079 357 3135 Ι
372 3075 388 3127 8
405 3065 477 3141 μήτε
493 3067 553 3140 μὴν
570 3079 634 3135 th,
652 3069 702 3125 καὶ
718 3088 753 3137 γε
769 3072 773 3135 Ι
788 3071 805 3123 8
822 3066 862 3139 μή
878 3071 913 3138 -Ι-
930 3089 964 3138 γτ
980 3073 984 3137 Ι
999 3070 1054 3124 09
1071 3063 1293 3137 άκατάγνωστον
1311 3063 1412 3135 ἐξέστω

294 3166 349 3211 ινιτ
368 3157 444 3227 [vide
463 3157 543 3225 mox]‚
563 3150 798 3224 κατεγνωσμένον
815 3151 870 3223 γάρ
888 3157 972 3209 τοῦτο
990 3156 1114 3221 γτ18.9
1133 3151 1241 3220 ἔξεστιν
1259 3173 1298 3220 τι,
1319 3151 1410 3220 ἔξεστι

295 3251 434 3296 corrector
451 3260 468 3294 x
486 3249 516 3295 ut
533 3245 642 3296 videtur
663 3259 717 3294 non
739 3257 857 3309 graecus
881 3243 886 3304 Ι
908 3241 925 3292 9
943 3236 1066 3307 φυλάξει
1084 3243 1129 3292 ιιΖ
1153 3239 1159 3309 Ι
1182 3241 1199 3292 9
1217 3236 1272 3306 γάρ
1289 3242 1326 3305 >
1344 3243 1411 3306 wyz

297 3327 301 3392 Ι
320 3328 337 3380 9
355 3326 429 3396 φησί
443 3329 478 3392 >
496 3345 529 3392 w,
548 3343 637 3395 φησιν
655 3345 671 3378 x
687 3328 691 3390 Ι
710 3326 728 3377 9
745 3341 796 3379 σου
813 3327 847 3390 >
864 3343 888 3376 w
912 3325 916 3388 Ι
944 3326 976 3376 10
993 3315 1046 3379 οόκ
1065 3317 1285 3391 ἐγκαταλείψεις
1301 3342 1337 3390 γε
1355 3324 1361 3393 Ι
1383 3325 1413 3376 10

296 3404 503 3478 έγκαταλείπης
520 3431 538 3464 x
552 3411 557 3480 Ι
576 3412 606 3462 10
623 3407 667 3466 ὅτι
686 3403 759 3478 αότὴ
778 3403 916 3472 κοινωνός
933 3409 1000 3476 βίον
1017 3424 1069 3462 σου
1086 3407 1136 3461 καὶ
1148 3403 1313 3477 ὑπόλειμμα
1324 3407 1411 3462 ενεό·

294 3489 383 3562 ματός
401 3510 466 3560 σου,
491 3493 540 3547 καὶ
563 3489 616 3562 έγά
635 3489 757 3564 ἐποίησα
774 3492 824 3548 καλ
842 3486 895 3548 οόκ
913 3485 998 3555 άλλος
1015 3493 1049 3562 -Ι-
1065 3503 1127 3560 γτιι
1151 3497 1199 3548 sed
1217 3483 1290 3562 αὕτη
1308 3511 1358 3560 yx:
1378 3495 1412 3545 ιδ

294 3571 457 3646 ὑπόλειμμα
475 3597 570 3646 margo
590 3587 600 3630 t
619 3573 650 3632 έν
667 3571 742 3633 άλλω
760 3579 857 3647 λῆμμα
883 3580 888 3645 Ι
916 3580 948 3632 19
970 3572 1075 3646 φάσκει
1096 3573 1151 3647 γάρ
1168 3581 1203 3645 >
1219 3597 1253 3646 γε
1279 3584 1285 3646 Ι
1313 3579 1347 3630 10
1363 3575 1412 3630 καλ

293 3665 327 3728 >
346 3671 357 3713 t
375 3662 381 3731 Ι
402 3665 431 3714 11
451 3653 495 3716 ὅτι
511 3664 545 3728 >
562 3682 595 3729 γε
623 3667 627 3731 Ι
658 3665 684 3716 11
704 3659 853 3728 σννέζευξε
871 3667 919 3728 W,
940 3661 1052 3728 ἔζευξεν
1069 3671 1081 3715 t
1101 3663 1105 3731 Ι
1135 3665 1165 3715 12
1182 3658 1279 3725 κοινός
1298 3666 1332 3716 W
1354 3665 1360 3726 Ι
1381 3663 1411 3713 12

295 3740 371 3800 έστεν
388 3743 547 3813 11126216
565 3766 616 3807 wx,
635 3744 713 3814 παρά
732 3755 779 3814 γει
799 3750 804 3816 Ι
826 3749 858 3800 13
875 3750 927 3801 τοά
936 3749 971 3816 -Ι-
987 3748 1031 3816 νεΙ
1049 3751 1080 3802 14
1097 3749 1173 3802 θεοῦ
1190 3757 1254 3816 post
1271 3747 1412 3814 προνοίας

294 3851 318 3884 w
338 3833 343 3900 Ι
365 3834 396 3884 14
415 3833 489 3886 θεοῦ
505 3832 540 3899 -Ι-
556 3850 581 3891 x,
601 3832 650 3901 τῆς
664 3825 778 3886 ἐκείνου
794 3833 828 3902 -Ι-
845 3839 892 3901 χιιι
911 3837 916 3898 Ι
942 3835 972 3884 15
990 3833 1163 3901 μοιχαλλίδα
1181 3851 1219 3894 w,
1237 3835 1272 3898 >
1288 3839 1334 3898 yut
1353 3830 1360 3901 Ι
1381 3831 1411 3882 10

294 3919 543 3986 καραφθαρεῖσαν
560 3915 609 3969 καλ
625 3918 660 3981 >
678 3936 729 3983 xyz
744 3919 749 3984 Ι
766 3919 797 3969 15
815 3917 865 3970 καὶ
882 3919 1132 3984 παραφθείρασαν
1148 3919 1183 3983 >
1200 3925 1213 3969 t
1227 3921 1232 3983 Ι
1249 3918 1281 3968 10
1298 3915 1411 3982 θεσμεό

294 4010 305 4055 t
325 4006 329 4070 Ι
353 4003 382 4054 16
400 3997 572 4068 παρανόμως
590 4019 613 4052 w
628 4003 633 4065 Ι
651 4002 682 4054 10
699 4001 748 4055 καὶ
766 4003 800 4068 -Ι-
817 4021 850 4068 γε
871 4003 875 4066 Ι
897 4003 928 4054 10
944 4002 1116 4070 μοιχαλλίδα
1133 4021 1158 4052 ιε
1177 4003 1182 4068 Ι
1210 4003 1240 4053 11
1258 3995 1410 4064 άκόιανον

294 4105 318 4139 w
342 4087 347 4156 Ι
369 4088 399 4138 17
420 4080 475 4154 γάρ
493 4087 527 4150 >
543 4103 577 4152 γι
598 4087 602 4150 Ι
624 4087 654 4137 17
673 4099 763 4153 φησιν
781 4081 872 4156 αὐτὴν
889 4106 906 4139 x
926 4087 931 4156 Ι
953 4088 984 4140 18
1002 4081 1078 4140 ἐστιν
1095 4105 1113 4138 x
1136 4093 1141 4146 Ι
1165 4087 1198 4139 19
1215 4079 1281 4140 οότε
1297 4103 1332 4151 5⁸
1352 4087 1356 4150 Ι
1379 4083 1410 4134 19

293 4168 516 4240 περιτέμνεσθαι
533 4178 581 4236 yzt
601 4169 606 4240 Ι
624 4170 659 4222 20
676 4167 787 4238 σάρκαν
804 4189 819 4224 ι
839 4170 844 4240 Ι
864 4173 898 4224 20
915 4166 969 4240 χρή
986 4163 1051 4225 άλλ’
1067 4172 1102 4239 -Ι-
1119 4189 1153 4238 γτ
1176 4172 1182 4236 Ι
1201 4172 1236 4223 20
1252 4163 1408 4236 άριιείεθαι
1484 4157 1485 4200 ἶ

293 4264 324 4321 yt
339 4256 343 4324 Ι
358 4258 392 4308 20
410 4251 443 4308 δὲ
459 4258 493 4321 >
510 4273 544 4321 γι
565 4255 570 4324 Ι
590 4255 623 4307 20
641 4255 734 4310 πιστοῑ
753 4275 808 4316 wx.
833 4251 899 4317 τούς
917 4251 1033 4318 πιστοὺς
1050 4275 1096 4323 γε,
1116 4259 1257 4317 πιστοῖς1
1282 4257 1287 4319 Ι
1310 4253 1343 4306 20
1362 4243 1408 4308 ότ-

294 4355 339 4400 τες
356 4342 390 4405 -Ι-
407 4359 429 4390 w
446 4339 451 4408 Ι
466 4342 500 4391 20
517 4341 551 4408 τῇ
569 4348 597 4393 ε1
615 4341 752 4410 περιτομῇ
770 4359 803 4408 γε,
823 4336 852 4410 [ἠ
873 4340 901 4409 z]
919 4342 923 4406 Ι
938 4343 972 4392 20
988 4343 1023 4410 τῇ
1040 4342 1074 4407 -Ι-
1091 4359 1116 4408 y,
1135 4341 1171 4408 τῆ
1188 4342 1254 4410 -Ιη
