3160 4976
122 349 171 424 12

120 525 346 619 φυλαττόμενος
357 527 388 587 έν
400 530 579 598 συναντήσει
594 524 706 612 λώβας
722 528 819 611 ὄψεων
835 532 855 598 ἦ
868 525 971 593 ποδῶν
986 532 1007 599 ἦ
1023 530 1157 617 ὀρνίθων
1169 535 1189 602 ἦ
1203 531 1308 617 χαλῶν

119 637 369 723 ἦέπιρωνὴσεων
390 638 409 706 ἦ
431 640 704 721 παρακροαμάτων
728 635 921 722 σνμβολικῶν
944 641 1047 724 χρόνῳ
1071 637 1309 722 δοκιμαζέσθω-

120 762 190 805 σαν.
215 740 407 814 δυσέκνιπτος
423 746 485 828 γάρ
506 747 526 815 ἡ
547 749 649 807 κακία.
673 729 863 832 παυσάμενοι
880 747 931 810 οὖν
947 745 1244 832 προσδεχέσδωσαν,
1268 755 1310 833 μὴ

118 851 295 933 πειθόμενοι
312 848 345 915 δέ
362 847 664 933 ἀποβαλλέσθωσαν.
691 853 836 927 Παλλακὴ
855 875 936 926 τινος
953 855 1082 918 ἀπίστου
1100 853 1190 927 δούλη
1208 859 1310 935 ἐκείνω
1412 933 1415 936 ¹

119 963 202 1040 μόνῳ
232 958 429 1044 σχολάζουσα
459 956 703 1045 προσδεχέσθω·
734 964 770 1024 εί·
786 959 819 1025 δέ
847 969 897 1025 καί
920 970 998 1048 πρός
1027 963 1139 1036 ἄλλους
1161 962 1310 1049 άσελχαί-
1341 983 1355 1024 ο

119 1091 178 1148 νει,
210 1065 455 1151 ἀποβαλλέσθω.
486 1067 599 1141 Πιστός
619 1072 673 1132 έάν
695 1072 753 1156 έχῃ
778 1070 950 1152 παλλακήν,
979 1074 1006 1135 εί
1032 1078 1086 1154 μέν
1115 1071 1206 1144 δοόλη
1236 1075 1311 1150 έστί,

119 1177 302 1241 παυσάσθω
328 1181 379 1238 καί
407 1179 491 1259 νόμῳ
521 1182 680 1260 γαμείτω,
710 1182 737 1240 εί
763 1177 797 1241 δέ
824 1178 991 1266 ἐλευθέρα,
1020 1183 1190 1266 ίκχαμείτω
1216 1184 1311 1252 αὐτόν

119 1289 216 1367 νόμῳ·
233 1286 259 1346 εέ
275 1283 308 1348 δέ
323 1292 379 1365 μή,
402 1282 646 1367 ἀπσβαλλέσθω.
674 1284 857 1358 Ἑλληνικοῖς
871 1311 920 1361 τις
934 1289 1038 1352 ἔθεσιν
1061 1285 1311 1363 ἐξακολουθῶνῆ

121 1390 285 1464 ίουδαίκσίς
309 1392 423 1473 μύθοις
446 1396 466 1464 ἢ
488 1393 713 1474 μετατιδέσθω
736 1398 755 1466 ἡ
779 1394 1024 1480 ἀπσβαλλέσθω.
1051 1398 1270 1483 Θεατρομανίρι
1287 1397 1315 1457 τί

119 1521 166 1572 τις
189 1504 363 1587 πρόσκειται
385 1504 405 1572 ἢ
429 1507 580 1582 κυνηγίοις
601 1506 621 1574 ἢ
639 1503 866 1589 έπποδρομικοῐς
888 1509 1017 1590 άχῶσιν,
1046 1509 1066 1578 ἢ
1088 1504 1269 1570 παυσάσθω
1292 1507 1310 1577 ἢ
1330 1521 1356 1562 ιο

122 1607 366 1693 ἀποβαλλέσθω.
384 1606 448 1672 “0
464 1608 580 1691 μέλλων
603 1613 813 1697 καταχεῖσθαι
835 1619 905 1698 τρία
928 1616 981 1685 έτη
997 1613 1212 1699 κατηχείσθω.
1237 1614 1263 1674 εί
1279 1611 1312 1674 δέ

121 1717 289 1790 σπουδαῖός
310 1739 357 1790 τις
379 1717 399 1800 β
423 1720 473 1780 καί
495 1720 612 1782 εὔνοιαν
636 1720 714 1806 έχῃ,
739 1718 984 1807 προσδεχέσδω,
1008 1724 1052 1783 ότι
1077 1726 1135 1806 οιίχ
1154 1724 1169 1785 ό
1186 1725 1311 1807 χρόνος,

122 1824 219 1890 άλλ’ό
240 1829 353 1912 τρόπος
380 1831 521 1912 κρίνεται.
550 1824 589 1889 ‘0
614 1824 764 1891 διδάσκων
786 1832 811 1892 εί
834 1837 883 1894 καί
903 1830 1007 1903 λαῖκός
1029 1833 1091 1912 είη,
1116 1833 1257 1915 ἔμπειρος
1279 1826 1312 1892 δέ

120 1933 287 2018 τοῦλόγου
318 1940 367 1998 καί
393 1939 444 1997 τόν
468 1938 578 2019 τρόπον
602 1940 730 2018 σεμνός,
763 1935 943 2002 διδασκέτω.
968 1940 1090 2002 έσσνται
1114 1942 1176 2022 γάρ
1199 1941 1311 2008 πάντες

122 2041 258 2107 διδακτοὶ
272 2043 361 2106 θεοῦ.
376 2042 447 2115 Πᾶς
462 2046 596 2114 πιστόςὴ
610 2051 699 2114 πιστὴ
717 2044 817 2108 ἕωθεν
834 2049 1025 2119 ἀναστάντες
1037 2042 1072 2122 έξ
1080 2050 1172 2110 ὕπνου
1191 2049 1312 2130 κρότου
1331 2064 1358 2106 ιο

122 2156 156 2214 τό
173 2154 348 2237 ἐρχόχειρον
366 2147 530 2214 ἐπιτελέσαι
547 2152 704 2234 νιψάμενοι
723 2156 1025 2239 προσευχέσθωσαν·
1050 2159 1076 2218 εί
1097 2152 1131 2218 δέ
1154 2176 1200 2227 τις
1223 2152 1313 2238 λόγος

122 2267 325 2343 κατηχήσεως
334 2265 808 2345 χίνεταιμτροτιμησάτωσαντοῦ
818 2264 908 2348 έρχου
917 2269 967 2327 τόν
976 2263 1065 2349 λόγον
1075 2274 1131 2336 τῆς
1142 2261 1312 2347 εὐσεβείας.

122 2368 263 2440 Πιστόςῆ
276 2374 366 2437 πιστὴ
378 2377 440 2440 τοῖς
453 2370 583 2441 οἰκέταις
597 2372 731 2452 εὐμενῶς
746 2377 995 2457 προσεχέτωσαν,
1010 2373 1123 2444 καθὼς
1139 2373 1190 2435 καλ
1207 2377 1236 2434 έν
1249 2380 1313 2442 τοῖς

123 2474 313 2562 προλαβοῦσι
331 2471 546 2559 διεταξάμεθα
559 2465 612 2540 Ικαί
628 2481 658 2539 έν
674 2486 744 2550 ταῖς
760 2478 933 2552 έπιστολαῖς
949 2478 1143 2563 ἐδιδάξαμεν.

126 2583 180 2648 21.
204 2584 321 2668 Πέτρου
350 2586 400 2646 καί
427 2583 551 2647 Παύλου
573 2593 634 2647 τῶν
659 2585 757 2669 άχίων
780 2586 958 2652 ἀποστόλων
989 2582 1145 2661 διατάξεις
1172 2592 1239 2672 περί
1260 2594 1312 2647 τοῦ
1331 2605 1359 2646 νο

261 2691 420 2780 φυλάττειν
437 2693 561 2755 όκαστον
577 2688 661 2767 τάξιν
677 2701 726 2757 καί
742 2693 941 2781 λειτουργίαν.

219 2802 306 2885 Ἐγὼ
327 2801 443 2886 Πέτρος
465 2806 515 2864 καί
535 2801 659 2874 Παῦλος
682 2800 886 2887 διατάσσομεν
911 2804 1104 2890 ἐργάζεσθαι
1126 2811 1198 2875 τοὺς
1220 2801 1314 2875 λαοὺς

125 2917 211 2976 πέντε
226 2915 362 2995 ἡμέρας,
380 2906 567 2995 βσάββατον
585 2910 618 2975 δέ
633 2918 684 2976 καί
704 2921 846 2998 κυριακὴν
864 2913 1103 2999 σχολαζέτωσαν
1119 2925 1156 2995 τῇ
1174 2911 1314 2991 έκκλησίᾳ

125 3056 240 3118 κινήσεις
257 3057 310 3106 τῶν
329 3052 415 3122 μελῶν
434 3047 488 3106 οἷον
509 3051 618 3123 ὤμουῆ
638 3051 780 3124 όρδαλμοῦ
797 3054 815 3118 ἣ
834 3053 919 3108 ἄλλου
936 3057 1007 3115 τινός
1024 3053 1148 3128 μέρουςῆ
1162 3055 1256 3127 μορίου
1267 3055 1314 3105 τοῦ

126 3145 257 3214 σώματος.
276 3142 379 3212 παλμός
394 3143 446 3214 χόερ
458 3141 475 3204 ἡ
489 3143 598 3204 κίνησις.
617 3143 654 3195 Τό
669 3141 697 3197 δὲ
710 3142 827 3205 κίναιδος
844 3143 927 3214 ὄνομα
939 3145 983 3198 τόν
996 3144 1090 3217 πόρνον
1103 3145 1258 3217 παριστάτω
1272 3159 1314 3194 σοι

126 3235 214 3308 (παρὰ
226 3235 277 3306 εμἰρ
290 3235 319 3285 τό
332 3236 410 3286 κινεῖν
422 3233 456 3284 τὰ
469 3231 560 3287 αέδοία
576 3232 693 3305 λέγεται)
709 3233 727 3297 ἣ
739 3235 784 3288 τόν
798 3233 908 3308 ἑτέροις,
926 3232 964 3296 ὥς
976 3252 1043 3295 τινες
1061 3234 1182 3304 λέγουσι,
1201 3237 1314 3298 τὴντῶν

127 3323 214 3379 αὐτῶν
224 3325 325 3387 κίνησιν
335 3320 526 3389 ὑπιξάπτοντα.
536 3322 612 3389 Βλᾰξ
621 3323 649 3379 δέ
659 3324 672 3376 ό
683 3325 816 3398 τρυρηλός
825 3329 868 3380 καὶ
878 3324 1066 3397 διακεχυμένος
1075 3324 1140 3379 έστέ.
1155 3323 1277 3394 Ἀλόχοις
1286 3323 1314 3378 δέ

126 3413 299 3484 μιγνυμένους
307 3414 368 3474 τοὺς
375 3411 582 3483 άλοχευομένους
589 3413 607 3477 ἦ
614 3416 658 3468 καί
665 3432 725 3469 ποτε
731 3417 807 3468 τοῦτο
816 3414 1045 3490 διαπραξαμένους
1052 3417 1096 3468 καί
1106 3413 1315 3484 ἀποσχομένους.

126 3507 179 3558 Τόν
187 3503 215 3558 δ’
222 3503 250 3557 έκ
257 3505 303 3557 τοῦ
313 3505 454 3557 σατανικοῦ
464 3502 559 3577 ἔρωτος
567 3503 705 3574 ἀσπασμόν
713 3509 766 3559 τῶν
774 3504 890 3579 ἀρρένων
899 3504 945 3560 διόι
951 3511 998 3568 τῆς
1005 3509 1057 3559 τῶν
1063 3504 1193 3575 γλωσσῶν
1201 3502 1317 3576 έμβολῆς

126 3595 240 3665 μιασμόν
249 3591 361 3664 χειλέων
370 3591 431 3646 ἴσθι
439 3591 580 3646 καλεῖσθαί
588 3611 615 3646 τε
625 3596 669 3648 καί
678 3591 755 3658 εἶναι,
766 3593 804 3656 ὣς
812 3595 824 3648 δ
833 3595 913 3666 μέχας
922 3594 1063 3655 Βασίλιιός
1072 3610 1151 3666 φησιν
1162 3591 1189 3647 έν
1199 3593 1317 3646 οκανόνι.

126 3689 161 3741 πό
173 3685 290 3740 οείτεσιε
305 3688 336 3738 in
352 3686 470 3752 margine
489 3687 652 3753 adscriptum
664 3693 718 3740 οείι
737 3683 766 3738 iz
778 3691 825 3748 τῆς
838 3684 865 3739 έν
883 3685 1001 3759 Ἀχκόρᾳ
1012 3688 1059 3739 τοῦ
1073 3683 1150 3754 ἁγίου
1164 3684 1317 3738 Βασιλείαν.

217 3776 251 3849 ει)
269 3777 333 3849 Περί
350 3774 443 3828 τούτου
462 3776 535 3839 ζὴτει
552 3781 599 3838 τῆς
617 3773 636 3848 β
655 3776 769 3831 συνόδου
794 3778 892 3830 κανόνα
909 3779 934 3842 ζ,
953 3782 1000 3839 τῆς
1019 3795 1035 3840 ς
1059 3778 1157 3829 κανόνα
1180 3793 1208 3828 κε
1226 3777 1270 3829 καί
1289 3783 1317 3828 δε

127 3867 170 3923 καί
188 3870 236 3922 τοῦ
255 3866 332 3938 όιχίου
352 3866 495 3920 Βασελιίου
515 3867 612 3920 κανόνα
624 3886 636 3920 ε
649 3867 693 3921 καί
712 3866 799 3922 πδ.-
811 3866 847 3941 β)
866 3869 894 3921 τό
914 3867 972 3940 περὶ
991 3869 1038 3920 τοῦ
1057 3863 1197 3937 σαββάτου
1215 3864 1320 3937 ἀναιρεῖ

210 3999 220 4037 1
229 3993 303 4050 όψεευς
313 3993 362 4036 ΟΠ.
372 3992 388 4046 ἢ
397 3991 470 4034 ποδῶν
479 4005 505 4036 ιν
515 3991 563 4036 ΟΠ.
574 4015 600 4024 -
610 3995 696 4035 δπσυσ.
707 3991 731 4034 δό
740 4006 775 4048 πρ.
787 3993 836 4036 ΟΠ.
847 4015 874 4024 -
882 3989 1019 4047 όΠαλλεκής
1029 3991 1135 4046 „lw-
1144 3993 1166 4034 5.
1176 3994 1189 4033 ό
1199 3989 1317 4046 ἀσελγαίνῃ

128 4067 176 4110 ΟΠ.
186 4086 214 4097 ·-
227 4070 240 4108 ό
254 4066 328 4119 συλλ,
338 4065 375 4108 όάν
385 4064 423 4120 μέν
434 4063 521 4118 δούλην,
531 4077 553 4106 π.
565 4064 613 4107 ΟΠ.
624 4086 651 4096 ·-·
661 4067 673 4106 ’ί
684 4062 810 4120 ίλευδέριιν,
820 4065 919 4119 γαμείτω
930 4065 978 4107 ΟΠ.
989 4087 1016 4096 -
1025 4066 1038 4105 8
1048 4068 1099 4106 εειίε
1108 4059 1167 4106 Ἐλλ.
1179 4060 1234 4105 ΟΠε
1248 4061 1284 4103 όάν
1294 4059 1318 4103 δέ

126 4141 163 4181 καί
171 4138 241 4194 πιστῷ
258 4139 337 4192 [πίστει
346 4137 421 4192 „w
430 4141 487 4180 ίοείο
496 4136 609 4189 Πευτίοίο]
624 4133 696 4193 δοὺλφ
711 4135 818 4194 συναφθῇ,
834 4135 984 4190 ἢπαυοόσόω
999 4135 1014 4190 ἢ
1029 4133 1197 4189 όποβαλλέσδω.
1208 4155 1235 4166 ·-
1245 4132 1319 4177 έόεσέν

126 4225 158 4257 τις
168 4210 251 4253 ΟΠ.-
264 4212 277 4252 θ
291 4207 328 4252 Θε.
343 4221 413 4262 unque
427 4211 456 4252 τό
469 4220 507 4262 με.
523 4211 558 4260 12,
573 4213 598 4251 11
613 4207 675 4264 όποβ
691 4210 733 4253 ΟΠ
746 4213 799 4261 pont
816 4209 911 4264 κρίνεται
928 4220 966 4262 ps.
983 4212 1016 4261 12,
1032 4211 1066 4251 1³.
1086 4230 1113 4240 -
1131 4209 1157 4249 12
1172 4219 1203 4253 τις
1218 4205 1253 4260 εἴη
1268 4207 1318 4249 οΠ.

126 4304 155 4316 -
167 4281 215 4338 έχιι
227 4285 258 4334 Μ,
273 4280 320 4338 έχει
337 4285 386 4337 περί
395 4281 420 4324 τό
428 4281 515 4337 πρᾶγμα
529 4282 578 4324 ΟΠ.
588 4303 615 4312 -
625 4277 660 4324 ότι
669 4279 695 4324 οὐ
703 4281 779 4336 χρόνος
790 4281 838 4325 ΟΠ.
849 4303 875 4313 -
890 4284 916 4325 18
931 4279 986 4324 όλλόι
994 4277 1072 4335 τρόπος
1082 4279 1130 4323 ΟΠ.
1145 4301 1172 4311 -
1187 4281 1221 4322 u.
1237 4280 1263 4321 15
1277 4279 1319 4320 Jo-

126 4357 194 4398 hm.
201 4357 225 4396 vi
234 4358 268 4398 4⁵.
277 4377 302 4386 -
312 4357 344 4397 λδ.
356 4357 383 4398 16
391 4353 431 4410 πρό
441 4354 480 4396 τοῦ
490 4351 551 4410 όργοιι
559 4351 592 4394 έπ.
603 4352 651 4397 ΟΠ.
663 4357 694 4395 cr.
703 4355 825 4396 Jmtinlan.
836 4355 922 4396 Novell.
934 4353 972 4408 ρλγ
980 4367 1003 4406 p.
1013 4354 1119 4396 mamad.
1128 4349 1164 4396 σ’ό.
1173 4352 1320 4394 Βασιλιδ-

127 4431 162 4469 18.
179 4428 203 4469 11
219 4425 256 4469 έόν
270 4423 290 4468 δ.
305 4439 325 4468 τ.
340 4422 407 4482 λόγου
421 4426 541 4483 κετήχηαις
555 4424 651 4482 γένηται,
666 4423 822 4480 προτιμησότω
836 4424 875 4467 τοῦ
890 4425 938 4467 ΟΠ.
954 4447 981 4456 -
997 4428 1021 4467 18
1036 4423 1051 4478 ἡ
1065 4426 1081 4480 ἡ
1096 4425 1145 4467 ΟΠ.
1160 4445 1187 4455 ·-
1203 4425 1229 4464 19
1249 4421 1318 4463 ίκιστ.

128 4495 256 4554 διετέξαμεν
269 4501 300 4540 Μ.
311 4521 338 4530 -
352 4501 387 4540 όο.
398 4503 424 4541 21
439 4497 495 4541 όιετ.
510 4500 559 4554 περί
574 4497 648 4554 όργίες
663 4495 750 4540 δοόλυεν
760 4498 808 4541 ΟΠ.
825 4519 852 4528 -
866 4500 893 4538 22
908 4496 943 4540 Ἦ.
959 4494 1044 4544 Παῦλος
1058 4499 1095 4540 καί
1109 4493 1191 4552 Πέτρος
1209 4492 1321 4537 δεετιεσοό·

129 4569 187 4626 μεόε
201 4571 249 4614 ΟΠ.
260 4592 287 4603 -
301 4568 392 4618 όοὺλους
400 4584 442 4624 μευ
452 4569 518 4618 λαοὺς
528 4571 577 4614 ΟΠ.
