2994 4972
75 421 179 478 ⁸²-4
1135 411 1195 492 1'15

74 591 135 674 ἵν’,
159 591 241 660 ὅταν
256 597 372 674 δεξιάς
386 594 449 681 τήν
462 597 581 681 τέχνην
602 589 815 680 κατορθώσῃ,
837 587 875 656 τό
892 594 1076 676 τηνικαῦτα
1090 591 1197 676 δόνη-

75 720 129 759 ται
158 695 215 761 καὶ
244 695 286 761 τά
311 701 370 780 τῆς
398 702 514 782 τέχνης
542 697 699 782 ἐργαλεῖα
727 695 835 784 ἑαυτῷ
861 694 1083 780 παρέχεσθαί,
1112 693 1198 772 ὅπως

74 797 192 880 μηκέτι
218 799 352 884 βαρόνη
379 798 443 884 τήν
471 804 539 864 τάν
567 798 727 883 ἀδελφάν
755 795 985 882 ἀνυπόκριτον
1007 799 1062 873 ,είς
1092 794 1197 862 αὐτόν

74 897 223 982 άγάπην,
247 898 324 964 ἀλλ’
349 899 457 988 ἑαυτῷ
479 900 673 986 ἐπιχορηγή.
714 899 770 964 καὶ
794 898 859 986 γάρ
878 898 1015 984 άληθῶς
1035 899 1198 984 μακάριός

76 999 182 1078 ἐστιν,
213 995 251 1076 ὃς
282 997 326 1066 άν
355 1002 544 1086 δυνάμενος
572 1006 714 1087 βοηθεῖν
746 1001 855 1088 ἑαυτῷ
882 999 926 1085 μή
953 1003 1058 1086 θλίβη
1091 1001 1231 1068 τόπονο

44 1099 235 1184 3όρφανοῦ
255 1103 353 1180 ξένου
373 1127 408 1168 τε
431 1104 487 1169 καὶ
513 1103 625 1189 χήρας.
650 1105 654 1186 Ι
679 1103 751 1169 ἐπεὶ
773 1103 830 1167 καὶ
853 1099 871 1168 ὁ
892 1103 1009 1188 κύριος
1029 1102 1198 1187 μακάριον

76 1199 172 1267 εἶπεν
205 1197 293 1268 εἶναι
323 1202 382 1269 τόν
409 1206 547 1271 διδόντα
574 1203 660 1290 ἥπερ
687 1203 747 1270 τόν
772 1203 998 1288 λαμβάνοντα.
1049 1203 1105 1269 καὶ
1132 1202 1198 1288 γάρ

76 1311 206 1388 εῖρηται
220 1307 323 1370 πάλιν
336 1302 395 1370 ὑπ’
418 1304 524 1372 αὐτοῦ
547 1303 634 1372 Οόαλ
648 1317 717 1383 τοῖς
732 1309 868 1390 ἔχουσιν
887 1305 943 1370 καὶ
965 1306 1004 1370 έν
1020 1302 1198 1392 ὑποκρίσει

76 1406 325 1491 λαμβάνουσιν,
347 1404 371 1491 ή
391 1409 591 1493 δυναμένοις
612 1411 757 1493 βοηθεῖν
784 1408 914 1484 ἑαυτοῖς
935 1406 992 1472 καὶ
1013 1407 1200 1492 λαμβάνειν

77 1506 158 1588 παρ’
190 1508 316 1592 ἑτέρων
343 1511 579 1594 βουλομένοις·
626 1509 782 1595 ἑκάτερος
803 1508 868 1595 γάρ
898 1507 1067 1574 άποδάσει
1096 1509 1200 1593 λόγον
1219 1525 1250 1576 10

77 1613 188 1696 κυρίῳ
216 1614 264 1698 τῷ
290 1615 362 1697 θεῷ
387 1611 426 1676 έν
451 1608 558 1698 ήμέρςι
580 1601 731 1698 κρίσεως.
783 1609 886 1695 ὁμὲν
907 1607 973 1694 γάρ
994 1609 1039 1674 δι’
1063 1607 1200 1699 ἡλικίαν

76 1709 247 1794 ὀρφανίας
266 1707 290 1796 ή
310 1711 436 1796 γήρους
456 1709 636 1797 άτονίανή
657 1714 763 1778 νόσου
786 1712 1003 1798 πρόσπτωσιν
1024 1707 1047 1794 ή
1071 1713 1200 1777 τέκνων

77 1817 317 1898 πολυτροφίαν
338 1816 537 1899 λαμβάνων,
568 1814 586 1881 ό
606 1819 756 1892 τοιοῦτος
778 1812 819 1879 οό
846 1814 954 1898 μόνον
980 1811 1021 1880 οό
1040 1813 1201 1898 μεμφθή-

77 1933 184 1997 σεται,
206 1913 293 1979 άλλά
322 1916 378 1981 καὶ
398 1916 671 2003 ἐπαινεθήσεται·
701 1915 948 2001 θυσιαστήριον
975 1913 1040 2002 γάρ
1062 1919 1109 2002 τῷ
1129 1919 1202 2004 θεῷ

77 2018 321 2100 λελογισμένον
335 2015 402 2083 όπό
417 2023 478 2084 τοῦ
492 2023 578 2085 θεοῦ
592 2018 823 2103 τιμηθήσεται,
847 2015 978 2093 άόκνως
993 2024 1010 2060 *
1025 2011 1112 2101 ὑπὲρ
1133 2021 1202 2081 τάν
1222 2033 1252 2083 15

78 2119 250 2183 διδόντων
270 2118 361 2207 αὐτῷ
379 2122 542 2206 διηνεκῶς
557 2120 835 2204 προσευχόμενος,
858 2117 920 2185 οὐκ
941 2117 1052 2202 άργτδς
1072 2119 1202 2204 λαμβά-

79 2243 169 2301 νων,
195 2218 280 2284 άλλά
294 2223 313 2260 *
329 2226 387 2306 τῆς
402 2222 527 2299 δόσεως
549 2220 654 2287 αὐτοῦ
675 2221 735 2312 ὅση
758 2221 900 2306 δύναμις
921 2218 981 2286 τόν
1003 2219 1128 2304 μισθόν
1149 2222 1202 2284 δι-

79 2322 162 2398 δοός
184 2321 242 2387 διὰ
264 2327 322 2406 της
343 2329 546 2409 προσευχῆς·
571 2321 755 2400 ότοιοῦτος
777 2313 841 2388 οὖν
864 2321 902 2388 έν
923 2326 965 2408 τῇ
988 2323 1113 2409 αἰωνίῳ
1135 2325 1202 2406 ζωῇ

79 2421 148 2489 ὑπὸ
178 2429 266 2489 θεοῦ
293 2427 592 2510 μακαρισθήσεται.
647 2422 665 2489 ὁ
691 2426 728 2489 δὲ
759 2427 845 2509 ἔχων
874 2424 930 2489 καὶ
960 2423 997 2489 έν
1026 2419 1201 2510 ὑποκρίσει

80 2526 269 2610 λαμβάνων
288 2521 312 2611 ή
331 2525 376 2591 δι’
400 2525 539 2611 ἀργίαν,
569 2525 645 2592 ἀντὶ
673 2530 734 2592 τοῦ
766 2526 989 2612 ἐργαζόμενον
1016 2530 1159 2611 βοηθεῖν
1186 2529 1253 2591 *²0

81 2629 224 2710 ἑτέροις,
254 2628 354 2713 δίκην
375 2626 516 2713 ὀφλήσει
545 2632 591 2716 τῷ
618 2632 691 2716 θεῷ
722 2628 772 2693 ὅτι
798 2629 953 2713 πενήτων
977 2627 1108 2714 ἥρπασε
1131 2639 1203 2706 φω-

46 2731 156 2813 ῖμόν.
194 2735 197 2813 ξ
238 2726 257 2794 ό
285 2728 352 2813 γάρ
383 2734 469 2814 ἔχων
500 2729 645 2816 άργόρια
679 2730 735 2795 καὶ
765 2728 809 2815 μή
842 2732 1044 2815 μεταδιδούς
1077 2729 1202 2813 ἑτέροις

43 2832 167 2922 ,εμήτε
194 2829 263 2914 μήν
291 2828 391 2908 αὐτός
417 2832 604 2916 χρεόμενος,
635 2833 741 2897 τόπον
765 2831 874 2917 ὄφεως
904 2834 1129 2919 κεκλήρωται,
1164 2829 1204 2895 όν

81 2950 191 3016 φασιν
214 2931 252 2997 έν
274 2945 344 3010 τοῖς
364 2939 553 3018 θησαυροῖς
574 2933 775 2999 καθεύδειν·
805 2935 861 3000 καὶ
882 2939 974 3000 ἔστιν
996 2936 1013 2974 *
1037 2931 1090 2999 ἐπ’
1113 2929 1205 3018 αὐτῷ

81 3031 254 3119 άληθήςή
277 3033 390 3120 γραφή
412 3033 433 3119 ή
454 3036 598 3118 λέγουσα
621 3037 802 3121 Συνήγαγε
825 3040 972 3102 πλοῦτον
990 3037 1019 3116 *,
1044 3033 1078 3110 ἐξ
1100 3023 1142 3096 οὗ
1163 3030 1205 3096 οὐ
1222 3047 1255 3096 25

152 3173 170 3224 0
185 3175 239 3226 Act
254 3174 295 3237 20,
308 3173 341 3225 35
356 3174 392 3239 118
408 3175 593 3242 apocryphum
610 3176 614 3239 Ι
633 3175 664 3225 21
683 3175 732 3225 Iob
747 3177 789 3238 22,
806 3171 886 3241 7Ι24,
906 3171 965 3240 102]
988 3173 992 3238 Ι
1011 3175 1044 3223 25
1056 3171 1104 3223 Iob
1118 3170 1160 3235 20,
1175 3169 1206 3221 18

85 3293 96 3342 1
119 3291 150 3343 δν
167 3298 241 3358 xyzt,
261 3280 300 3360 ἣν
322 3311 346 3342 ιτ
366 3291 370 3360 Ι
393 3295 403 3344 1
429 3293 587 3360 τηνικαῦτα
610 3286 733 3360 δόνηται
756 3298 842 3358 wxyt,
867 3289 921 3358 τήν
943 3284 1174 3356 καταδάνηταιτ
1200 3287 1205 3358 Ι

83 3379 100 3426 2
118 3372 301 3444 παρέχεσθαι
320 3395 369 3437 wx,
388 3377 533 3444 πριάσθαι
551 3387 597 3444 yzt
616 3377 640 3446 [ί
656 3377 683 3445 ι]
707 3379 711 3442 Ι
731 3377 747 3427 3
765 3371 818 3443 τὴν
836 3393 927 3441 wxyz,
946 3369 1011 3427 τινά
1030 3365 1204 3440 ῖΙλέπιχο-

85 3465 173 3528 ρηγεί
185 3479 226 3525 ιτ,
246 3455 410 3532 όπιχωρηγή
426 3481 442 3514 x
461 3465 467 3527 Ι
487 3465 503 3514 5
521 3453 559 3514 άν
576 3469 654 3529 xyzt,
674 3455 726 3514 έάν
744 3479 767 3512 w
788 3463 792 3526 Ι
812 3463 828 3511 5
847 3461 943 3528 θλίφη
962 3477 985 3510 w
1006 3461 1010 3525 Ι
1032 3461 1048 3512 0
1066 3453 1204 3527 μακάριο-

86 3539 170 3597 νόντ
199 3548 204 3610 Ι
231 3540 349 3598 velun
413 3547 430 3598 8
448 3539 539 3599 αότοά
557 3555 622 3608 th,
648 3540 705 3600 ἔστι
730 3539 845 3598 διδόναι
869 3547 979 3613 μάλλον
1002 3539 1085 3597 εἶπεν
1101 3534 1122 3611 ἢ
1139 3545 1206 3610 λαμ-

86 3626 197 3697 βάνειν.
219 3629 271 3683 καὶ
289 3629 379 3683 πάλιν
396 3626 523 3698 άλλαχοό
542 3629 655 3699 εἴρηται
673 3649 706 3697 yz
727 3633 732 3696 Ι
751 3631 768 3681 8
787 3626 882 3697 έχουσι
902 3648 959 3696 wyz
975 3630 1011 3694 10
1029 3623 1207 3697 λαμβάνουσι

86 3733 109 3764 w
134 3717 139 3778 Ι
164 3715 183 3766 9
204 3705 226 3783 ή
247 3725 324 3782 xyst,
354 3719 414 3777 τοῖς
442 3735 465 3768 ιν
489 3721 518 3768 in
541 3733 637 3768 rasura
661 3733 743 3766 mann
767 3718 871 3767 recenti
896 3717 901 3780 Ι
930 3715 961 3766 10
983 3705 1120 3781 άιιοδάση
1145 3715 1169 3764 Χ
1202 3714 1206 3780 Ι

88 3799 118 3850 12
136 3795 232 3868 γήρως
248 3807 297 3866 γτῖ
322 3803 327 3866 Ι
354 3803 385 3853 12
404 3795 570 3855 ἒστονίανι
597 3803 602 3866 Ι
628 3803 659 3852 12
681 3795 714 3853 νό
738 3816 789 3852 σον
811 3818 893 3852 erasa
915 3801 998 3852 litera
1021 3817 1077 3852 una
1097 3817 1120 3849 w
1146 3797 1152 3867 Ι
1178 3800 1208 3848 12

86 3883 287 3952 πρόπτωσινγ
314 3886 318 3949 Ι
348 3887 377 3936 12
400 3883 502 3938 τέκνου
519 3903 553 3952 γι
581 3887 586 3949 Ι
613 3888 643 3937 15
668 3881 863 3953 λελογισμένως
880 3893 927 3950 yzt
954 3885 958 3954 Ι
986 3887 1017 3937 15
1040 3882 1089 3936 καλ
1113 3883 1209 3949 διηνε-

86 3971 141 4030 ιαός
159 3969 195 4035 -Ι·
212 3987 237 4020 τι
257 3970 262 4033 Ι
285 3970 316 4020 10
335 3969 473 4038 διηνεκῶς
489 3973 524 4036 >
542 3988 566 4022 w
586 3973 590 4034 Ι
612 3972 643 4021 17
661 3962 726 4022 άλλ’
744 3988 777 4036 γι
804 3971 808 4034 Ι
838 3971 867 4021 17
885 3961 958 4035 όπέρ
976 3971 1009 4035 -Ι-
1026 3985 1060 4034 yz
1081 3971 1085 4033 Ι
1107 3968 1137 4017 17
1156 3957 1208 4032 ὅση

87 4063 160 4120 xyst,
179 4046 218 4113 ὥς
236 4045 255 4120 ή
273 4071 298 4103 w
318 4055 323 4118 Ι
342 4055 376 4106 20
395 4048 617 4121 ἐργαζομένουτ
645 4057 649 4120 Ι
675 4057 708 4107 20
726 4053 774 4107 καλ
792 4052 825 4120 -Ι-
843 4061 891 4119 γτῖ
910 4057 915 4121 Ι
934 4056 965 4106 21
987 4045 1131 4119 ὀφειλήσει
1149 4067 1182 4114 yz
1204 4047 1208 4116 Ι

86 4140 117 4190 21
137 4139 177 4206 τά
195 4139 230 4203 >
247 4139 346 4205 γιΙ21
367 4128 497 4207 ἥρπασεν
513 4141 620 4191 W?xY
640 4140 645 4205 Ι
664 4141 752 4192 2122
770 4135 867 4205 ψομόν
885 4155 899 4190 ι
920 4140 924 4202 Ι
944 4139 977 4190 23
995 4131 1206 4202 κειλήριοκενῖ,

86 4220 277 4292 πεπλήρωκεν
293 4240 327 4288 γι
348 4223 352 4287 Ι
372 4225 406 4275 24
425 4221 496 4290 φασὶ
514 4227 548 4276 W
570 4227 574 4290 Ι
593 4225 627 4276 24
646 4222 723 4278 ἔσται
742 4243 779 4285 w,
800 4219 858 4276 ἔστι
875 4230 923 4288 yzt
942 4225 946 4288 Ι
966 4217 1182 4286 24κα1Ι-γτῖ
1203 4217 1207 4282 Ι

84 4311 119 4360 25
137 4302 156 4375 ἡ
176 4303 276 4375 γραφὴ
295 4298 411 4374 άληθής
429 4325 452 4358 w
473 4311 478 4376 Ι
498 4311 532 4362 25
550 4307 672 4377 λέγουσα
690 4327 745 4374 wx,
771 4303 923 4376 φάσκουσα
941 4312 987 4372 yzt
1007 4307 1011 4371 Ι
1031 4307 1065 4356 25
1087 4297 1208 4370 συνήγα.

85 4411 138 4462 γεν
156 4411 173 4444 x
189 4394 243 4457 125
261 4384 354 4444 ἓαυτοό
370 4393 404 4461 -Ι-
424 4409 447 4443 w

963 4473 1009 4544 8*
