3052 4974
131 415 203 484 9²²
1215 431 1257 490 45

131 605 201 666 της.
247 585 309 648 καί
331 605 371 666 γε
395 573 476 667 αίμα
505 581 622 649 ἀθιδον
646 582 752 668 ἐξέχεε
782 587 970 668 Μανασσῆς
996 585 1083 652 πολύ
1110 587 1255 674 σφόδρα,

130 683 196 760 ἕως
214 674 256 748 οὗ
271 687 395 769 ἔπλησε
408 683 471 769 την
483 680 697 768 Ἰερουσαλήμ
715 682 821 767 στόμα
838 682 893 749 ἐπὶ
911 685 1060 768 στόματι,
1082 684 1173 769 πλὴν
1190 683 1257 751 ἀπό

129 789 203 850 τῶν
231 782 405 870 ἁμαρτιῶν
432 783 537 851 αύτοῦ
562 775 612 851 ἀν
641 785 803 871 ἐξήμαρτε
825 785 886 850 τόν
904 781 1035 850 Ἰούδαν
1061 790 1197 871 ποιῆσαι
1217 785 1256 852 τδ

130 887 286 974 πονηρόν
315 890 353 954 έν
380 885 570 972 ὀφθαλμοῖς
592 891 724 968 κυρίου.
770 885 827 951 καὶ
848 881 952 970 ἤγαγε
980 884 1096 971 κύριος
1115 883 1168 952 ἐπ’
1191 885 1255 954 αό-

129 989 195 1055 τδν
211 988 291 1068 τούς
312 989 476 1074 ἀρχοντας
492 994 551 1075 τῆς
568 989 743 1072 δυνάμεως
764 990 827 1052 τοῦ
846 989 1009 1070 βασιλέως
1022 987 1175 1074 Ἀσσούρ,
1197 987 1254 1054 καὶ
1271 1007 1288 1056 5

129 1092 361 1176 κατελάβοντο
389 1091 449 1156 τόν
475 1095 668 1176 Μανασσῆν
696 1093 735 1156 έν
759 1092 895 1173 δεσμοῖς
922 1089 979 1154 καί
1001 1091 1126 1173 ἐδησαν
1149 1088 1254 1156 αὐτὸν

130 1193 172 1258 ἐν
194 1199 213 1234 *
235 1195 350 1271 πέδαις
371 1197 509 1279 χαλκαῖς
534 1191 590 1258 καὶ
615 1191 744 1277 ἤγαγον
770 1189 874 1256 αάτδν
897 1195 944 1268 είς
964 1194 1169 1275 Βαβυλῶνα·
1197 1189 1253 1256 καὶ

126 1285 175 1380 ἦν
205 1297 382 1380 δεδεμένος
406 1294 463 1361 καὶ
488 1295 840 1378 κατασεσιδηρωμένυς
867 1291 943 1368 ὅλος
968 1293 1007 1358 ἐν
1035 1299 1118 1380 οίκφ
1141 1296 1254 1377 φυλα-

128 1401 211 1481 κῆς,
240 1396 296 1463 καὶ
319 1399 450 1465 ἐδίδοτο
474 1395 566 1484 αύτῷ
588 1396 627 1460 ἐκ
652 1394 803 1480 σατύρων
825 1393 925 1479 ἀρτος
948 1397 985 1458 έν
1006 1397 1146 1479 σταθμῷ
1166 1396 1252 1477 βρα-

128 1496 191 1581 χύς
226 1499 282 1564 κα1
316 1499 409 1583 ὕδωρ
440 1497 506 1565 σδν
537 1497 604 1578 ὄξει
637 1495 753 1580 ὀλίγον
784 1499 801 1534 λ’
833 1494 918 1560 ὥστε
944 1499 1004 1579 ζῆν
1034 1492 1159 1578 αὐτόν,
1196 1494 1254 1559 καὶ
1274 1513 1303 1564 10

126 1590 174 1682 ἦν
204 1601 428 1686 συνεχόμενος
461 1600 518 1668 καὶ
550 1597 764 1683 ὀδυνώμενος
792 1597 936 1682 σφόδρα.
981 1596 1039 1662 καλ
1066 1593 1110 1672 τός
1135 1598 1253 1679 βιαίως

129 1701 266 1787 ἐθλίβη,
291 1703 426 1788 ἐζήτησε
447 1701 486 1767 τδ
507 1701 692 1788 πρόσωπον
714 1702 836 1782 κυρίου
856 1701 918 1764 τοῦ
937 1701 1024 1763 θεοῦ
1045 1694 1167 1779 αὐτοῦ,
1195 1696 1252 1762 καλ

129 1802 344 1892 ἐταπεινώθη
373 1805 507 1891 σφόδρα
534 1801 601 1870 ἀπὸ
628 1799 813 1888 προσύπου
836 1805 958 1886 κυρίου
985 1803 1047 1865 τοῦ
1073 1802 1159 1864 θεοῦ
1182 1801 1251 1863 ταῖν

128 1907 286 1991 πατέρων
307 1904 429 1990 αὐτοῦ,
457 1905 514 1972 καί
536 1905 749 1992 προσηύξατο
770 1901 853 1986 πρὸς
870 1902 990 1988 κύριον
1008 1899 1069 1968 τὸν
1089 1900 1175 1966 θεὸν
1195 1901 1250 1965 λέ-

125 2031 202 2090 γων
224 2005 329 2094 Κύριε
355 2009 614 2095 παντοκράτωρ,
645 2004 763 2082 δθεδς
783 2008 851 2070 τῶν
873 2005 1028 2088 πατέρων
1046 2000 1160 2088 ἡμῶν,
1189 2006 1251 2068 τοῦ
1270 2019 1301 2072 15

122 2107 275 2194 Ἀβραάμ
297 2109 354 2176 καὶ
374 2109 483 2176 Ἰσαάκ
514 2109 571 2175 καὶ
589 2106 721 2191 Ἰακώβ,
756 2105 894 2171 καὶτοῦ
922 2108 1110 2191 σπέρματος
1137 2101 1251 2170 αάτιδν

126 2213 192 2275 τοῦ
209 2212 354 2296 δικαίου,
379 2208 553 2297 δποιήσας
567 2207 628 2276 τόν
650 2205 799 2294 ούρανδν
820 2206 876 2272 καλ
897 2205 960 2292 την
979 2212 1046 2292 γῆν
1063 2205 1128 2272 σάν
1149 2206 1251 2272 παντὶ

126 2315 176 2397 τῷ
198 2313 314 2401 κόσμῳ
342 2312 470 2396 αὐταῖν,
501 2309 519 2377 ὁ
545 2311 693 2397 πεδήσας
713 2307 777 2395 τήν
803 2309 983 2374 θάλασσαν
1009 2307 1163 2396 τῷλόγῳ
1188 2311 1250 2373 τοῦ

126 2415 384 2499 προστάγματός
409 2430 489 2498 σου,
524 2411 542 2478 ό
572 2415 706 2489 κλείσας
736 2409 800 2494 την
832 2408 984 2494 ἄβυσσον
1016 2408 1073 2476 καί
1103 2426 1249 2496 σφραγι-

126 2515 276 2598 σάμενος
304 2513 411 2600 αάτήν
438 2519 485 2604 τῷ
513 2519 651 2602 φοβερῷ
682 2511 739 2579 καὶ
768 2511 893 2601 ἐνδόξῳ
921 2510 1063 2596 ὀνόματί
1085 2529 1166 2596 σου,
1207 2508 1248 2578 δν
1264 2531 1299 2581 20

126 2617 240 2682 πάντα
258 2621 395 2704 φρίσσει
416 2615 473 2683 καί
488 2618 599 2703 τρέμει
621 2614 688 2681 ἀπό
702 2614 887 2701 προσώπου
902 2618 959 2699 τῆς
974 2613 1151 2700 δυνάμεύς
1171 2631 1246 2700 σου,

126 2715 178 2782 δτι
206 2717 367 2798 ἀστεκτος
390 2717 412 2805 ἡ
435 2719 704 2805 μεγαλοπρέπεια
734 2721 793 2802 τῆς
819 2715 917 2802 δόξης
939 2733 1004 2782 σου
1032 2716 1089 2782 καὶ
1117 2713 1247 2781 ἀνυπό-

124 2839 247 2899 στατος
267 2819 288 2908 ἡ
312 2819 394 2908 ὀργὴ
417 2827 474 2907 τῆς
498 2821 553 2888 ἐπὶ
574 2817 792 2905 ἁμαρτωλούς
813 2817 951 2903 ἀπειλῆς
965 2835 1040 2902 σου,
1060 2816 1246 2903 ἀμέτρητόυ

123 2945 162 2988 τε
185 2921 242 2988 καὶ
271 2921 525 3008 ἀνεξιχνίαστον
546 2921 585 2988 τδ
606 2925 698 2998 ἕλεος
715 2926 773 3005 τῆς
799 2921 998 3004 ἐπαγγελίας
1020 2938 1099 2986 σουΙ
1130 2918 1181 2984 ότι
1202 2916 1246 2984 σά

125 3020 159 3090 εἶ
180 3025 299 3110 κύριος
318 3025 550 3110 μακρόθυμος,
571 3019 811 3108 εύσπλαγχνος,
834 3025 852 3062 *
867 3025 1047 3100 πολυέλεος
1066 3023 1122 3089 καλ
1142 3045 1244 3106 μετα-
1262 3039 1296 3090 25

123 3129 219 3192 νοιόν
247 3126 303 3193 έπλ
323 3142 395 3206 ταῖς
418 3133 548 3206 κακίαις
568 3131 637 3192 τῶν
656 3125 867 3210 ἀνθρώπων·
898 3123 948 3190 δτι
968 3124 1012 3191 σά
1032 3121 1077 3209 εί,
1108 3121 1126 3190 ό
1152 3125 1244 3208 θεός,

123 3229 212 3293 κατά
238 3229 301 3315 τήν
326 3232 532 3316 χρηστότητα
559 3233 617 3312 τῆς
639 3228 865 3314 ἀγαθωσύνης
885 3244 949 3292 σου
975 3229 1159 3312 έπηγγείλω
1186 3249 1247 3311 με·

121 3335 262 3409 τανοίας
282 3333 301 3371 *
319 3332 443 3418 ἄφεσιν
462 3345 532 3411 τοῖς
552 3329 778 3418 ἡμαρτηκόσι,
806 3328 864 3394 καὶ
885 3334 931 3416 τῷ
954 3331 1077 3414 πλήθει
1099 3333 1168 3396 τῶν
1196 3333 1246 3396 oc-

124 3537 136 3588 1
160 3529 273 3606 ἐξέχεεν
290 3541 326 3606 x!
344 3540 355 3591 1
375 3535 467 3595 πολύν
484 3561 508 3594 w
527 3541 532 3609 1
551 3545 568 3593 2
588 3536 709 3608 ἔπλησεν
727 3558 764 3604 w,
788 3531 951 3604 ἐπλήρωσεν
968 3543 1006 3598 ιι
1025 3544 1042 3589 2
1060 3531 1108 3591 έκλ
1126 3533 1245 3607 στόματι

120 3630 198 3687 xyzt,
219 3619 261 3684 είς
279 3620 368 3693 στόμα
387 3643 411 3676 w
425 3627 460 3690 12
479 3617 558 3679 ἀκού
576 3645 590 3677 κ
606 3626 642 3692 13
660 3613 701 3677 ἀν
717 3627 751 3689 >
768 3643 783 3676 τ
798 3627 804 3693 1
823 3625 840 3676 3
859 3617 1018 3690 ἐξήμαρτεν
1035 3641 1067 3674 xz
1084 3622 1087 3691 Ι
1103 3626 1119 3675 4
1137 3617 1245 3692 ἢγαγεν

120 3725 140 3758 1
157 3707 193 3774 15
210 3699 304 3776 Ἀσοδρ
323 3717 334 3761 1
350 3713 355 3774 Ι
369 3711 386 3761 11
402 3706 562 3778 κατέλαβον
580 3729 603 3762 w
619 3710 655 3776 16
672 3703 705 3763 ἐν
723 3711 839 3777 δεσμοῖς
855 3709 889 3773 >
907 3727 930 3759 w
952 3715 956 3770 1
976 3712 990 3759 7
1011 3709 1126 3776 δεσμοῖς
1143 3710 1193 3762 καὶ
1210 3709 1244 3777 -1-

122 3809 148 3841 w
162 3793 201 3860 18
219 3783 289 3854 ὅλως
307 3813 321 3846 z
342 3797 346 3860 1
366 3795 383 3847 11
400 3790 535 3862 πυτηρων
553 3813 567 3847 κ
587 3793 591 3863 1
613 3795 644 3847 10
662 3789 715 3847 σόν
733 3787 792 3858 ὄξει
809 3803 870 3860 yzt,
895 3787 927 3846 ἐν
943 3785 1003 3858 ὄξει
1020 3813 1051 3856 x,
1069 3791 1140 3862 μετά
1159 3786 1244 3859 ὄξους

121 3895 147 3926 τι·
163 3879 169 3940 1
186 3878 218 3930 λθ
235 3873 267 3931 έτ
285 3877 377 3947 μέτρω
395 3879 560 3948 -1-γτ1110
577 3881 637 3944 ξεῖν
654 3897 671 3930 x
687 3879 691 3948 Ι
709 3880 737 3931 11
758 3871 932 3946 όδυνόμενος
950 3897 989 3930 υτ
1005 3883 1010 3945 1
1028 3882 1059 3931 12
1077 3873 1209 3948 ἐζήτησεν
1227 3898 1244 3929 x

124 3971 126 4025 1
152 3961 183 4012 11
201 3959 304 4031 κύριον
320 3965 355 4030 >
372 3960 531 4032 υ111τδν
549 3959 622 4018 θεόν
638 3966 672 4029 >
686 3971 698 4017 t
713 3965 717 4030 Ι
733 3966 766 4016 15
783 3959 1006 4031 παντοκράτορτ
1021 3969 1025 4030 1
1044 3965 1074 4015 16
1091 3961 1145 4016 σὺν
1156 3961 1244 4016 παντί

119 4054 202 4112 ww,
217 4047 362 4116 σνμπαντδ
375 4067 392 4101 x
408 4048 412 4116 1
430 4050 460 4102 18
473 4043 488 4102 δ
563 4051 632 4118 pm,
643 4051 674 4100 21
688 4041 767 4117 ἀμὴν
778 4051 811 4114 >
823 4067 855 4113 w,
870 4051 1041 4103 substituens
1053 4047 1102 4101 καλ
1120 4042 1156 4100 τά
1177 4042 1243 4114 ἐξὴς

118 4132 172 4199 τῆς
190 4124 278 4201 εάγῆς
295 4124 317 4187 δι’
334 4127 418 4202 δμεῖς
435 4126 488 4187 ούκ
505 4127 636 4201 ἀγνοεῖτε
656 4137 661 4200 1
687 4135 719 4186 111
736 4129 971 4201 προστάγματός
991 4135 995 4201 1
1015 4136 1046 4185 21
1065 4135 1117 4201 τῆς
1133 4135 1166 4197 >
1184 4149 1216 4183 ιτ
1237 4134 1242 4200 1

117 4217 154 4268 23
172 4211 327 4286 α’μίτριτον
345 4237 359 4271 κ
375 4220 427 4286 125
445 4213 527 4286 κύριε
544 4217 630 4289 γ125
648 4210 841 4287 εὔσπλαγχνος
858 4215 1050 4288 μακρόθνμος
1060 4227 1108 4284 yzt
1122 4221 1126 4283 1
1141 4219 1175 4269 25
1191 4217 1243 4271 καί

117 4299 154 4368 -1,
170 4319 204 4367 γε
224 4306 229 4369 1
249 4305 284 4354 25
301 4304 351 4359 καὶ
368 4305 403 4369 >
420 4323 436 4356 x
458 4305 461 4368 Ι
480 4306 514 4357 211
533 4299 562 4357 εἷ
576 4307 610 4370 >
627 4313 674 4372 γκ1
692 4307 698 4374 1
717 4309 750 4356 27
767 4298 955 4374 α’γαθοσύνης
973 4315 1019 4358 xzt
1039 4313 1043 4372 1
1063 4305 1139 4373 27128
1155 4301 1240 4371 μετά-

118 4401 205 4439 ναιαν
221 4405 256 4454 yz
272 4389 326 4456 128
345 4389 394 4443 καλ
412 4391 446 4459 -1-
462 4407 496 4456 γε
511 4392 564 4456 128
581 4384 778 4461 ἡμαρτηκόσιν
796 4413 812 4444 x
828 4395 833 4460 1
