3052 4974
286 395 326 458 18
1354 390 1408 455 ρο

284 551 363 632 τούς
384 553 480 632 υίούς
498 553 640 640 Ἰσραήλ.
685 557 769 622 ἔστω
788 556 828 620 δὲ
849 554 970 639 σοφός,
999 555 1255 639 ταπεινόφρων,
1278 561 1406 621 νουθε-

284 655 375 732 τικός
395 659 520 732 ἐντοῖς
542 667 719 740 κυριακαῖς
738 657 914 740 παιδείαις,
937 656 1156 740 καλογαίμων,
1178 654 1406 740 ἀποτεταγμέ-

284 781 342 836 νος
369 761 452 824 πᾶσι
480 768 550 834 τοῖς
581 758 619 824 ἐν
645 760 692 844 τῷ
719 760 783 846 βίῳ
811 769 972 842 πονηροῖς
1006 757 1268 842 ἐπιτηδεύμασιν
1298 758 1356 823 καὶ
1387 766 1403 800 *

285 861 437 936 ἐθνικαῖς
460 861 665 943 ἐπιθυμίαις.
695 861 779 925 ἔστω
800 857 1039 946 εύπρόστοχος,
1062 856 1138 938 ὀξύς
1153 857 1237 944 πρὸς
1256 859 1294 925 τὸ
1314 862 1405 942 γνῦ-

249 977 340 1028 οναι
364 959 442 1037 τοὺς
469 959 623 1045 φαύλους
649 959 706 1026 καλ
727 961 965 1047 φυλάσσεσθαι
992 958 1051 1026 ἀπ’
1075 958 1206 1044 αὐτῶν,
1241 965 1341 1046 φίλος
1366 962 1405 1027 δὲ

284 1059 333 1128 ἀν
359 1063 514 1146 πάντων,
547 1063 824 1146 δικαιοκριτικός,
857 1062 914 1128 καί
940 1061 1002 1127 ὅσα
1030 1064 1116 1127 καλά
1144 1063 1182 1128 ἐν
1207 1060 1407 1146 ἀνθρώποις

284 1167 375 1230 ἔστιν
401 1159 603 1248 ήύπάρχει,
632 1169 736 1230 ταῦτα
765 1161 782 1230 6
806 1165 987 1241 ἐπίσκοπος
1016 1165 1053 1230 ἐν
1079 1164 1187 1251 ἑαυτῷ
1214 1164 1404 1249 κεκτήσθω.

283 1264 334 1358 δτι
360 1263 585 1350 ἀνεπίληπτος
609 1264 741 1342 ἀδικίας
762 1260 811 1331 ἀν
833 1264 958 1350 ποιμήν
980 1263 1057 1342 τούς
1080 1268 1187 1342 ίδίους
1209 1263 1315 1332 αὐτοῦ
1338 1290 1406 1350 μα-
1523 1261 1524 1264 '

283 1364 390 1452 θητάς
416 1365 601 1452 ἀναγκάσει
631 1366 687 1433 καὶ
714 1366 772 1434 διά
800 1371 858 1451 τῆς
885 1365 1101 1454 ἀναστροφῆς
1128 1365 1233 1434 αὐτοῦ
1261 1368 1404 1454 προτρέ-

235 1482 266 1534 10
284 1475 414 1548 ψασθαι
432 1473 501 1534 τῶν
520 1472 619 1536 ίδίων
640 1464 746 1534 αὐτοῦ
767 1469 962 1553 ποιημάτων
975 1467 1117 1554 μιμητάς
1137 1466 1251 1548 ἀξίους
1267 1471 1285 1508 *
1301 1491 1406 1554 γενη-

282 1575 403 1656 θῆναι·
427 1567 471 1648 οδς
485 1571 498 1658 ΙΙ
514 1572 603 1655 λέγει
619 1593 687 1638 που
708 1571 766 1637 καί
785 1568 804 1638 6
825 1571 999 1656 προφήτης
1020 1578 1038 1616 *
1061 1570 1128 1636 Καὶ
1145 1573 1237 1636 ἔσται
1252 1569 1368 1648 καθάς
1385 1565 1462 1658 ὃς

285 1672 409 1757 ἱερεύς,
437 1670 545 1749 οὕτως
566 1675 624 1740 καὶ
645 1671 663 1740 6
684 1672 773 1752 λαός.
819 1669 933 1749 καθώς
955 1671 1012 1738 καὶ
1041 1669 1059 1737 6
1081 1671 1197 1757 κύριος
1221 1669 1318 1758 ήμῶν
1345 1671 1407 1738 καὶ

283 1774 485 1850 διδάσκαλος
514 1771 639 1858 Ἰησοῦς
672 1770 690 1840 6
719 1772 853 1860 χριστὸς
879 1771 897 1840 6
921 1771 995 1850 υίὸς
1023 1777 1084 1839 τοῦ
1112 1778 1199 1840 θεοῦ
1230 1772 1352 1859 ήρξατο
1384 1781 1404 1820 *

283 1880 419 1960 πρῶτον
436 1887 547 1941 ποιεῖν
561 1874 618 1942 καὶ
631 1875 706 1940 ’τότε
722 1877 912 1942 διδάσκειν·
935 1875 1020 1941 *διά
1035 1871 1203 1960 φησινὋς
1218 1872 1250 1940 δ’
1266 1869 1311 1941 ἀν
1325 1899 1406 1942 ποι-

235 1991 265 2042 15
282 1975 415 2062 ήσηκαὶ
435 1976 566 2062 διδάξῃ,
589 1965 688 2053 οὗτος
703 1977 805 2060 μέγας
817 1976 1023 2062 κληθήσεται
1047 1976 1086 2042 ἐν
1107 1979 1148 2062 τῇ
1166 1979 1320 2064 βασιλείᾳ
1341 1981 1407 2042 τοῦ

282 2083 378 2145 θεοῦ.
422 2075 571 2154 σκοπούς
597 2076 662 2162 γάρ
689 2080 744 2144 δεῖ
766 2074 853 2144 εἶναι
879 2074 964 2162 ὑμᾶς
991 2083 1037 2166 τῷ
1061 2081 1132 2164 λαῷ
1158 2076 1236 2156 τούς
1265 2078 1405 2144 ἐπισκό-

283 2203 384 2264 πους,
415 2177 465 2245 ἀει
492 2179 550 2246 καλ
573 2176 668 2264 ὑμεῖς
688 2177 817 2246 σκοπὸν
839 2181 929 2264 ἔχετε
953 2178 1013 2246 τὸν
1039 2179 1185 2266 χριστόν.
1230 2181 1288 2244 καλ
1308 2175 1407 2263 ὑμεῖς

283 2271 348 2348 οὖν
369 2285 510 2366 γίνεσθε
529 2280 651 2348 σκοποί
671 2279 797 2366 ἀγαθοὶ
817 2285 865 2368 τῷ
891 2285 962 2368 λαῷ
985 2285 1045 2347 τοῦ
1065 2285 1168 2365 θεοῦ,
1197 2279 1248 2345 ὅτι
1272 2281 1359 2366 λέγει
1385 2287 1406 2326 *

283 2383 401 2470 κύριος
420 2381 477 2450 διὰ
499 2386 591 2449 τοῦ*
609 2380 760 2467 Ἰεζεκιήλ
782 2381 1031 2478 πρὸςέκαστον
1052 2379 1149 2468 ύμῦν
1169 2383 1312 2467 φάσκων
1343 2385 1405 2450 Ῥίὲ

231 2497 266 2550 20
283 2485 482 2571 ἀνθρώπου,
506 2484 635 2552 σκοπὸν
653 2485 784 2551 δέδωκά
804 2502 842 2550 σε
863 2487 910 2571 τῷ
932 2490 1013 2572 οίκφ
1027 2482 1169 2570 Ἰσραήλ,
1194 2483 1252 2551 καὶ
1271 2481 1405 2570 ἀκούσῃ

285 2587 323 2653 ἐκ
344 2588 362 2626 *
385 2585 546 2672 στόματός
571 2611 638 2672 μου
665 2587 768 2670 λόγον
797 2586 853 2652 καί
879 2586 1097 2670 διαφυλάξας
1128 2586 1185 2651 καὶ
1216 2587 1407 2670 διαγγελείς

284 2686 390 2754 αὐτὸν
416 2687 498 2775 παρ’
527 2690 621 2772 ἐμοῦ.
667 2690 705 2754 ἐν
738 2693 785 2776 τῷ
819 2689 928 2771 λέγειν
954 2711 996 2770 με
1029 2691 1076 2774 τῷ
1108 2685 1224 2774 ἀνόμῳ
1258 2687 1405 2776 Θανάτῳ

257 2789 461 2875 ἀποθανῇ,
490 2789 547 2856 καλ
568 2788 630 2856 ούκ
653 2788 818 2876 ἐλάλησας
840 2792 902 2855 τοῦ
921 2789 1106 2856 διαστεῖλαι
1131 2786 1259 2874 άνομον
1281 2791 1320 2855 ἐκ
1343 2792 1406 2874 τῆς

283 2889 426 2976 ἀνομίας
446 2890 569 2976 αὐτοῦ,
595 2889 613 2957 6
633 2891 757 2977 ἄνομος
779 2893 906 2968 ἐκεῖνος
928 2891 966 2956 ἐν
987 2893 1028 2975 τῇ
1049 2887 1172 2978 ἀνομίμ
1192 2888 1298 2957 αὐτοῦ
1315 2888 1404 2956 ἀπο-

352 3083 381 3134 11
402 3083 473 3134 Osee
492 3084 517 3143 4,
536 3082 552 3132 9
571 3078 576 3149 Ι
597 3081 777 3146 14Μα11115,
799 3081 831 3132 19
850 3077 856 3148 Ι
878 3080 909 3131 19
926 3079 1020 3132 Ezeeh
1038 3079 1080 3145 33,
1099 3080 1167 3132 7-9

284 3250 340 3305 1,2
364 3245 543 3318 νουθετηκδς
560 3267 597 3312 w,
622 3243 826 3317 νονθετηεικδς
844 3255 874 3300 xt
893 3246 897 3312 Ι
922 3252 938 3300 2
957 3241 988 3300 ίν
1068 3247 1218 3310 παιδείαις
1236 3265 1297 3302 eum
1314 3249 1401 3302 καλο-

283 3329 403 3401 γνάμων
419 3336 510 3402 ἰσορίῖ
526 3352 545 3386 x
564 3336 568 3399 Ι
587 3335 604 3386 3
621 3333 710 3387 πᾶσιν
727 3353 745 3386 x
764 3337 768 3400 Ι
783 3334 800 3387 3
818 3325 1024 3402 ἐπιτηδεύμασι
1045 3331 1107 3400 113
1129 3327 1235 3394 πάσαις
1251 3335 1285 3400 -Ι-
1307 3341 1338 3401 yt
1357 3335 1362 3398 Ι
1382 3337 1400 3386 4

284 3410 426 3484 ἐθνηκαῖς
443 3435 468 3468 w
487 3421 492 3484 Ι
512 3421 528 3470 1
552 3411 761 3482 εύπράσταιιτος
784 3425 807 3480 t,
827 3421 920 3486 quiin
938 3421 1063 3486 margine
1083 3411 1114 3469 ἐν
1132 3408 1207 3470 ἀλλο)
1225 3411 1401 3486 εύπρόσογος

285 3503 288 3568 Ι
308 3503 325 3553 5
345 3501 486 3568 φίλος
504 3497 655 3554 ἀπάντων
671 3504 705 3567 >
722 3521 746 3554 w
766 3503 771 3571 Ι
790 3502 806 3554 6
825 3501 938 3562 δίκαιος
955 3496 1104 3568 κριτικδςλ
1119 3504 1154 3568 17
1173 3495 1232 3556 ἐστὶ
1243 3505 1278 3554 W
1293 3505 1298 3568 Ι
1313 3503 1329 3553 7
1347 3495 1399 3554 αύ·

282 3585 332 3637 πάι
349 3585 492 3638 κεκτίσθω
509 3603 533 3636 w
549 3589 553 3652 Ι
568 3586 585 3637 8
602 3577 829 3657 άνεπίλημποςγ
844 3587 848 3652 Ι
863 3587 879 3638 3
897 3582 1077 3654 άναγκάσηγ
1091 3589 1096 3652 Ι
1110 3588 1128 3639 9
1145 3584 1195 3640 καλ
1267 3586 1298 3638 10
1316 3603 1399 3654 ποιη-

282 3665 380 3737 μάτων
395 3669 430 3734 >
447 3687 471 3720 w
487 3673 491 3736 Ι
508 3671 540 3722 10
556 3665 689 3739 μημητάς
706 3677 718 3724 λ
737 3673 742 3739 Ι
763 3672 795 3724 10
812 3671 863 3739 τής
880 3665 1066 3740 ἀναστροφῆς
1083 3666 1173 3724 αύτοῦ
1189 3673 1224 3738 -Ι-
1241 3672 1285 3737 w!
1309 3671 1349 3726 10.
1369 3671 1398 3722 11

282 3750 419 3820 γενέσθαι
437 3772 475 3816 w,
498 3755 679 3824 γεννηθῆναι
696 3773 714 3808 x
739 3757 744 3824 Ι
773 3757 801 3808 11
825 3750 899 3822 ἀσηὲ
920 3756 955 3823 -Ι-
976 3774 994 3822 y
1017 3756 1022 3823 Ι
1049 3757 1080 3806 12
1097 3744 1170 3808 οὕτω
1188 3761 1200 3808 t
1219 3759 1223 3822 Ι
1251 3757 1281 3806 12
1298 3751 1400 3815 καθώς

282 3837 332 3890 καλ
350 3857 405 3899 wx,
423 3837 474 3891 καλ
491 3834 546 3906 γάρ
563 3839 614 3893 καλ
630 3859 662 3908 y,
679 3840 730 3894 καλ
748 3835 804 3907 γάρ
822 3843 852 3905 t!
871 3839 901 3892 13
919 3833 934 3891 6
951 3843 1026 3906 prius
1042 3834 1372 3906 >1118δυλὸς>γ
1393 3841 1397 3904 Ι

286 3923 316 3974 13
333 3915 421 3989 ἥξατο
438 3941 457 3989 γ
472 3927 476 3990 Ι
493 3925 525 3976 13
543 3916 629 3986 αύτός
645 3925 679 3990 -Ι-
697 3943 721 3976 w
736 3927 741 3991 Ι
759 3925 789 3977 14
811 3926 907 3976 ποιεῖν
930 3923 1043 3989 πρῶτον
1064 3941 1089 3974 w
1114 3927 1119 3990 Ι
1145 3924 1176 3976 14
1193 3913 1230 3983 ῦς
1248 3941 1305 3976 πον
1322 3918 1399 3990 λέγει

281 4005 331 4074 Ι-Ι-
355 4001 370 4059 6
393 4007 499 4070 λουκάς
520 4009 549 4076 t]
570 3999 624 4062 Ὧν
646 4000 753 4077 ἤρξατο
770 4011 867 4060 ποιεῖν
884 3999 1033 4074 δἸησοῦς·
1046 3999 1074 4076 [6
1099 4004 1197 4074 ίησούς
1214 4010 1310 4060 ποιεῖν
1328 4023 1359 4060 τε
1376 4007 1398 4075 t]

281 4091 331 4146 καλ
354 4091 505 4145 διδάσκειν
522 4095 590 4158 (Δεῖ
608 4095 637 4156 1,
657 4094 687 4157 l)
705 4093 739 4158 -Ι-
756 4099 787 4158 γε
806 4095 811 4158 Ι
833 4092 919 4143 14.15
937 4088 1051 4158 ποιήσει
1070 4095 1118 4144 wY
1138 4094 1142 4157 Ι
1163 4093 1195 4144 15
1213 4088 1329 4156 διδάξει
1347 4109 1371 4143 w
1391 4090 1397 4159 Ι

285 4177 316 4227 16
333 4172 410 4230 εἶναι
430 4177 478 4230 δει·
493 4183 523 4242 γῖ
547 4179 551 4242 Ι
577 4177 607 4228 17
631 4167 675 4228 ὅτι
757 4176 787 4226 18
809 4177 884 4228 θεοῦ
900 4176 935 4241 >
951 4195 977 4228 w
1000 4179 1005 4242 Ι
1032 4178 1062 4227 17
1082 4172 1175 4242 ἔχεται
1193 4195 1211 4228 x
1231 4179 1235 4242 Ι
1257 4177 1289 4228 18
1306 4174 1399 4242 γείνε-

282 4263 337 4316 σθε
354 4279 372 4326 y
387 4264 392 4327 Ι
410 4262 441 4313 18
459 4253 474 4312 ὁ
490 4259 524 4324 -Ι-
541 4278 560 4326 γ
578 4263 583 4326 Ι
605 4261 636 4312 19
653 4253 804 4328 προφήτου
820 4260 855 4327 -Ι-
871 4279 894 4312 w
910 4262 915 4326 Ι
929 4262 961 4313 21
983 4260 1033 4313 τού
1051 4261 1085 4328 -Ι-
1101 4278 1119 4327 γ
1134 4263 1139 4327 Ι
1154 4262 1185 4313 21
1205 4254 1398 4329 στοματόσμσ·

281 4339 329 4402 τός
348 4347 372 4395 X
387 4346 392 4408 Ι
406 4347 437 4396 21
459 4339 619 4412 διαγγέλεις
636 4362 672 4404 w,
697 4344 867 4411 διαγγείλειε
885 4363 902 4397 x
922 4346 927 4408 Ι
947 4347 981 4396 22
1000 4337 1066 4412 δμοί
1082 4362 1106 4396 w
1126 4347 1131 4410 Ι
1150 4345 1184 4397 23
1203 4337 1373 4410 λλάλησεςγ
