3128 4972
701 461 914 519 ...44-

207 640 241 704 νὸ
260 641 387 724 πάσχα“,
413 666 429 707 e
454 643 573 727 quibus
597 643 705 708 verbis
736 651 873 726 uterque
902 643 1109 707 demonstrat
1138 641 1242 721 effici,
1269 642 1415 706 Judaeos

208 749 306 850 hujus
323 764 454 827 demum
472 763 536 827 diei
553 785 688 847 vespere
704 765 828 848 pascha
846 763 963 841 edisse,
988 785 1105 847 neque,
1129 763 1162 826 id
1187 763 1275 846 quod
1298 762 1415 826 adver-

208 883 285 948 sarii
314 884 577 962 contendebant,
608 882 659 946 die
689 883 919 969 praecedente.
966 884 1059 947 Quae
1088 882 1116 946 si
1139 883 1317 967 diligenter
1341 903 1415 966 per·

208 1003 375 1088 penderis,
411 1002 518 1067 facere
546 1026 612 1067 non
638 1004 780 1087 poteriS,
817 1004 895 1088 quin
922 1003 1102 1068 Eusebium
1134 1024 1295 1088 agnoscas
1324 1004 1414 1064 huno

207 1123 329 1188 librum
350 1123 550 1212 scribentem
567 1146 662 1186 usum
682 1146 754 1187 esse
771 1123 953 1188 Clementis
970 1124 1010 1187 de
1027 1125 1184 1208 paschate
1200 1123 1297 1201 libre,
1315 1143 1414 1205 quem

208 1241 404 1327 cognovisse
428 1241 560 1326 quidem
584 1264 659 1306 eum
683 1265 723 1306 ex
745 1243 817 1307 aliis
839 1243 942 1328 ipsius
962 1243 1072 1307 verbis
1092 1243 1306 1307 manifestum
1327 1244 1411 1305 eet'.

212 1362 311 1426 Quod
344 1362 371 1425 si
398 1371 488 1427 recte
519 1385 553 1426 se
583 1364 701 1442 habet,
734 1386 820 1428 novo
853 1371 1048 1447 argumento
1081 1363 1294 1430 confirmatur
1325 1361 1416 1444 quod

206 1482 441 1566 judicavimus,
464 1483 671 1548 Clementem
696 1491 794 1567 atque
813 1484 993 1547 Eusebium
1017 1484 1151 1547 eosdem
1174 1483 1335 1568 respicere
1355 1482 1412 1545 ad·

209 1602 381 1666 versarios
422 1603 495 1666 Hoc
519 1613 628 1667 autem
654 1605 701 1668 sio
725 1625 854 1688 quoque
878 1614 954 1667 ante
979 1603 1125 1667 omnium
1148 1603 1262 1667 oculos
1282 1609 1343 1680 est,
1365 1601 1414 1665 ita

208 1733 245 1786 ut
264 1723 378 1807 negari
397 1746 463 1786 non
480 1724 584 1806 possit
594 1747 603 1799 ;
625 1745 685 1788 nec
703 1723 808 1808 magis
825 1724 858 1788 id
874 1732 987 1808 potest
1002 1724 1126 1806 negari,
1148 1723 1236 1806 quod
1252 1742 1292 1786 ex
1308 1722 1413 1784 Euse-

207 1843 261 1905 bio
284 1851 432 1928 apparet,
458 1843 661 1906 adversarios
683 1843 759 1906 illos
782 1865 853 1908 esse
877 1843 1059 1908 catholicas
1082 1843 1182 1908 Asiae
1205 1841 1374 1906 ccclesias.

292 1968 323 2025 4.
349 1962 492 2026 Eosdem
513 1962 716 2026 adversarios
736 1965 950 2028 Arnnunsus
970 1963 1106 2048 respicit
1127 1962 1177 2026 his
1196 1962 1317 2040 verbis,
1340 1961 1411 2044 qui-

210 2082 270 2143 bus
287 2081 508 2166 Epiphanium
527 2081 734 2161 adhortatur,
756 2093 793 2146 ut
809 2093 925 2148 contra
941 2083 1248 2167 ‹iiiartodecimanos
1264 2104 1412 2167 pugnare

208 2198 356 2264 desinat²
367 2223 374 2260 ι

298 2333 408 2397 Οὐκοῦν
427 2331 523 2416 ὥσπερ
541 2335 728 2416 σονιῇθλιχσας
751 2332 799 2400 καί
817 2338 985 2420 σννεχιίρης,
1009 2335 1083 2400 oilae>
1108 2333 1156 2400 aui
1174 2341 1224 2400 τοῦ
1242 2337 1414 2418 με’μιχεσθαι

207 2465 327 2536 παῦσαι,
345 2457 392 2525 καί
410 2467 521 2554 μᾶλλον
538 2460 620 2546 εὔχου
637 2461 683 2527 ἵνα
702 2468 752 2528 τοῦ
770 2469 870 2528 λοιποῦ
889 2465 904 2546 ἡ
922 2462 973 2544 μίν
992 2463 1121 2544 ἐκκλησία
1140 2465 1258 2548 βεβαίαν
1275 2463 1323 2546 ripa
1341 2463 1412 2545 είρὴ-

207 2617 256 2666 νην
274 2591 330 2672 ἔχῃ,
354 2585 402 2653 καὶ
420 2589 582 2655 παύσονται
600 2593 631 2655 αἱ
649 2592 770 2674 αίρίσεις
787 2596 835 2674 τῆς
853 2593 1005 2674 μιααχόνοο
1027 2595 1228 2674 προαιρέσεως,
1250 2593 1411 2656 παύσονται

209 2717 238 2782 δὲ
258 2715 306 2783 καὶ
325 2713 403 2783 οὗτοι
421 2722 641 2800 (χιλονεικοῦνιες
659 2721 686 2785 ον’
704 2721 869 2804 ἐφευρόντες
887 2722 1000 2792 εἀονοῖιΙ
1019 2722 1175 2803 ζητήματα,
1198 2721 1343 2804 προοιίσει
1360 2717 1411 2799 μίν

206 2851 257 2911 τοῦ
282 2847 478 2928 σωτηριώδοος
501 2848 618 2932 πάσχα,
642 2849 711 2932 ε”ρχῳ
736 2847 765 2912 δὲ
788 2852 837 2930 τῆς
856 2849 928 2920 ι’διίις
946 2850 1036 2932 ε”ριδοιΙ
1052 2850 1135 2932 χάριν
1152 2849 1295 2929 μάλιστα,
1320 2845 1363 2912 ὅτι
1380 2849 1411 2924 ἐξ

206 2975 283 3056 ἡμῶν
311 2978 382 3041 εἶναι
404 2980 552 3048 δοκοῦντες
576 2972 624 3040 καί
644 2973 799 3060 χρισπιανοί
821 2975 973 3058 αὐχοῦντες
1000 2979 1137 3059 lineam
1161 2980 1273 3057 ζηλοῦσι
1294 2974 1332 3040 τὰ
1355 2978 1411 3040 τῶν

204 3105 430 3184 προδεδωκότων
446 3104 600 3170 Ἰουδαίαν.
630 3105 717 3170 ὁποία
740 3105 794 3186 χίιρ
817 3105 915 3176 αὐτοῖς
937 3101 985 3168 καί
1012 3103 1123 3188 πιθανὴ
1146 3105 1288 3188 ἀπολογία
1313 3105 1408 3188 γίνοιτ’
1498 3123 1505 3130 “

204 3227 241 3294 riv
266 3230 342 3312 α’ρα,
365 3233 456 3315 ἐπειδὴ
478 3235 648 3317 χίχραπται,
672 3237 723 3314 ,πῇ
741 3231 770 3298 δὲ
784 3234 882 3315 προίνρ
900 3237 956 3296 τῶν
974 3233 1089 3314 ἀζύμων
1108 3230 1155 3297 καὶ
1178 3234 1206 3298 ε’ν
1223 3229 1240 3315 ᾖ
1258 3235 1311 3298 ἔδει
1329 3235 1411 3298 θύειν

204 3359 237 3422 τὸ
257 3359 384 3442 πιίσχα.“
412 3361 475 3425 ἀλλ’
496 3363 597 3443 ε’χίνετο
617 3364 680 3426 τότε
698 3366 804 3436 καλῶς,
822 3367 870 3427 νῦν
887 3361 915 3426 δὲ
934 3362 1010 3428 κατὰ
1029 3364 1061 3428 τὸ
1074 3363 1264 3447 χεχραμμίνον
1279 3361 1322 3428 ἀεὶ
1337 3369 1409 3427 πλα-

203 3491 306 3551 νῶνται
323 3491 356 3568 τῇ
374 3489 489 3570 καρδίᾳ.

289 3613 449 3693 Apparet,
475 3611 697 3674 Athanasium
715 3611 767 3675 bic
786 3611 877 3696 loqui
895 3614 934 3676 de
952 3614 1159 3696 quibusdam,
1185 3615 1241 3698 qui
1257 3615 1409 3679 christia·

203 3753 282 3793 num
307 3729 438 3812 quidem
463 3733 586 3812 pascha
610 3730 834 3808 celebrabant,
859 3732 916 3794 scil
941 3734 1057 3796 eodem
1081 3733 1255 3830 dicatque
1278 3734 1407 3798 ludaei.

203 3849 295 3913 Dicit
323 3849 424 3928 enim,
454 3871 510 3912 eos
540 3849 770 3913 contentiones
797 3873 929 3914 morere
957 3848 1101 3930 προφάσει
1122 3847 1172 3928 μίν
1195 3853 1245 3913 τοῦ
1269 3850 1408 3930 σωτηριώ-

202 3972 269 4038 6οιις
287 3967 403 4050 πιίσχα,
430 3991 541 4033 revera
571 3977 682 4032 autern
706 3992 812 4034 mores
835 3971 854 4031 J
859 3970 991 4034 urlaicos
1017 3970 1164 4034 imitatos
1188 3963 1240 4050 (τὰ
1262 3971 1319 4030 νῶν
1340 3967 1408 4031 Ἰον-

291 4248 298 4278 ¹
323 4253 365 4310 n.
382 4254 417 4310 a.
435 4253 488 4322 iv,
505 4252 555 4322 ιο,
573 4254 602 4308 ι.
648 4251 701 4322 vr,
719 4252 768 4321 13,
785 4253 814 4308 o.

289 4333 299 4363 '²
323 4339 433 4396 Chron.
451 4339 551 4415 pasch.
569 4336 615 4394 ed.
632 4337 797 4406 Dmoonr,
817 4337 842 4408 I,
860 4337 889 4394 9.
