2994 4972
299 405 359 464 100
1314 393 1421 458 εΗ

297 561 335 628 τό
368 561 616 646 προσεύχεσθαι
641 557 727 642 ὑπὲρ
756 563 826 626 τάν
852 559 1018 625 διδόντων
1044 559 1100 625 καὶ
1128 555 1214 639 ὑπὲρ
1244 557 1325 643 ὅλης
1359 563 1423 642 τῆς

297 664 485 748 ἐκκλησίας.
532 661 771 748 ἐπερωτωμένη
791 663 831 726 δέ
849 685 881 726 τι
902 657 970 728 ῦπό
992 661 1098 742 τινός,
1118 658 1163 745 μή
1187 660 1312 746 βμδίως
1331 659 1422 726 ἀπο-

296 767 485 852 κρινέσθω,
509 761 598 847 πλήν
619 761 680 828 ὅσα
703 761 780 849 περὶ
808 768 950 839 πίστεως
967 760 1024 827 καὶ
1043 761 1261 846 δικαιοσύνης
1280 760 1338 827 καί
1358 765 1423 844 τῆς

299 870 345 944 είς
366 865 451 932 θεὸν
475 865 626 946 ἐλπίδος,
655 863 908 930 ἀποστέλλουσα
939 877 1008 940 τοῖς
1035 860 1235 948 ἡγουμένοις
1254 861 1336 940 τοῦς
1356 863 1421 928 θέ-

263 974 420 1045 ολοντας
447 972 665 1051 κατηχεῖσθαι
693 965 733 1032 τά
763 969 822 1051 τῆς
849 964 1021 1050 εὐσεβείας
1048 964 1207 1050 δόγματα.
1256 965 1346 1048 μόνα
1380 965 1420 1029 δὲ

298 1069 536 1153 διακρινέσθω
553 1065 593 1132 τά
614 1067 691 1154 περί
712 1066 941 1153 ἀνατροπῆς*
963 1068 1136 1133 πολοθέου
1156 1067 1303 1152 πλάνης,
1330 1064 1422 1130 ἀπο-

297 1169 502 1236 δεικνύονσα
534 1167 594 1235 τόν
622 1169 700 1255 περὶ
727 1173 912 1255 μοναρχίας
939 1170 956 1208 *
982 1173 1071 1235 θεοῦ
1102 1169 1223 1252 λόγον,
1268 1167 1346 1254 περὶ
1381 1169 1421 1234 δὲ

254 1272 259 1286 ’
299 1278 367 1338 τῶν
395 1269 468 1356 ἑξῆς
494 1273 667 1356 προπετῶς
694 1295 726 1335 τι
751 1268 795 1356 μή
817 1269 1072 1355 ἀποκρινέσθω,
1103 1269 1192 1347 ὅπως
1209 1269 1256 1354 μή
1270 1295 1308 1335 Ιτι
1330 1268 1421 1354 ἀμα-

297 1378 369 1451 θοῦς
401 1373 615 1458 φθεγξαμένη
638 1375 857 1458 βλασφημίαν
879 1375 1069 1457 προστρίψη
1091 1375 1138 1458 τῷ
1159 1372 1257 1460 λόγῳ.
1304 1372 1423 1458 κόκκῳ

252 1494 283 1545 10
300 1473 365 1561 γάρ
382 1474 549 1551 σινάπεως
567 1474 713 1541 ἐοικέναι
727 1472 786 1539 τόν
801 1473 903 1557 λόγον
921 1469 940 1539 ὁ
954 1474 1070 1559 κύριος
1086 1472 1299 1558 ἐδογμάτισε·
1317 1477 1421 1540 τοῦτο

298 1577 335 1642 δὲ
350 1575 420 1642 ἐστί
436 1575 474 1642 τὸ
489 1575 668 1660 διάπυρον,
688 1566 716 1662 ᾦ
734 1575 794 1642 ίάν
805 1599 856 1652 τις
870 1574 1017 1661 ἀπείρως
1031 1574 1204 1662 χρήσηται,
1217 1573 1344 1660 πικρόν
1355 1573 1420 1640 αύ-

299 1676 338 1744 τὸ
360 1674 505 1763 εὑρήσει.
540 1678 602 1762 χρή
624 1678 689 1764 γάρ
712 1677 751 1743 έν
773 1689 841 1754 τοις
861 1690 1034 1761 μυστικοῖς
1054 1674 1100 1761 μή
1122 1676 1294 1762 προδότην
1318 1672 1420 1759 εἶναι,

299 1778 373 1845 ἀλλ’
392 1777 547 1863 ἀσφαλῆ·
574 1792 734 1862 παραινεῖ
751 1778 816 1865 γάρ
837 1776 919 1863 ήμῐν
939 1776 1089 1864 ὁκύριος
1108 1786 1125 1823 *
1144 1781 1252 1864 λέγων
1268 1778 1330 1863 Μή
1352 1780 1420 1864 βά-

300 1886 380 1965 λητε
396 1878 474 1956 τούς
494 1886 702 1966 μαργαρίτας
722 1878 820 1965 ύμῦν
837 1883 1032 1965 ἔμπροσθεν
1046 1885 1116 1946 τοῖν
1136 1884 1272 1965 χοίρων,
1287 1880 1419 1966 μήποτε

249 2002 280 2053 15
299 1981 579 2065 καταπατήσωσιν
598 1978 720 2058 αύτούς
737 1981 775 2047 έν
796 1994 865 2059 τοῖς
883 1982 986 2048 ποσὶν
1008 1980 1121 2050 αὐτῶν
1136 1984 1193 2048 καὶ
1213 1985 1422 2068 στραφέντες

300 2083 445 2168 ῥήξωσιν
469 2077 563 2164 ῦμάς.
606 2080 812 2162 ἀκούσαντες
839 2083 904 2171 γάρ
933 2086 970 2150 οἱ
993 2082 1126 2150 ἄπιστοι
1153 2083 1213 2150 τόν
1238 2083 1319 2169 περὶ
1345 2110 1419 2169 χρι-

299 2187 382 2249 στοῦ
405 2181 507 2267 λόγον
533 2180 575 2248 ού
605 2183 750 2262 δεόντως
776 2183 851 2252 ἀλλ’
876 2185 1015 2270 ἐνδεοῦς,
1043 2186 1100 2252 καί
1125 2188 1270 2270 μάλιστα
1292 2189 1311 2226 *
1341 2186 1421 2271 περὶ

301 2285 567 2370 ένσωματάσεως
587 2282 610 2371 ῆ
631 2291 692 2352 τοῦ
712 2288 846 2364 πάθους
864 2285 985 2370 αὐτοῦ,
1007 2293 1274 2373 μνκτηρίσαντες
1293 2291 1420 2372 χλευά-

299 2405 397 2453 σουσι
415 2388 545 2472 μάλλον
567 2396 585 2435 *
607 2384 651 2466 οἱς
673 2389 794 2473 ύενδῆ,
813 2384 836 2472 ή
857 2390 1049 2473 δοξάσονσι,
1072 2391 1128 2455 καί
1149 2393 1264 2475 ἔνοχος
1293 2394 1309 2426 a
1325 2393 1420 2456 ἔσται

247 2507 282 2558 20
299 2493 357 2573 τῆς
377 2494 576 2574 προπετείας
595 2485 616 2575 ή
636 2493 816 2575 πρεσβῦτις
830 2490 887 2555 καί
901 2494 960 2576 τῆς
972 2493 1186 2577 βλασφημίας
1206 2489 1262 2557 καὶ
1281 2489 1320 2558 τό
1342 2491 1419 2558 οῦα1

300 2591 557 2675 κληρονομήσει.
604 2589 680 2656 ούαλ
695 2592 770 2676 γάρ,
793 2595 892 2677 φησί,
915 2591 962 2657 δι’
986 2582 1027 2659 ού
1042 2591 1080 2658 τό
1100 2591 1206 2678 ὄνομά
1232 2617 1300 2677 μου
1330 2597 1417 2678 βλα-

301 2702 481 2774 σφημεῖται
504 2691 543 2756 ἐν
565 2695 793 2768 τοῐςέθνεσιν.
817 2693 822 2781 Ι
843 2691 906 2759 οῦκ
927 2695 1147 2781 ἐπιτρέπομεν
1169 2685 1233 2760 οῦν
1253 2702 1450 2778 γοναῖκαςδ

302 2791 478 2856 διδάσκειν
500 2791 538 2858 έν
564 2793 735 2880 ἐκκλησίᾳ,
759 2794 845 2860 ἀλλά
869 2795 977 2879 μόνον
999 2796 1248 2882 προσεύχεσθαι
1272 2796 1329 2862 καί
1347 2803 1461 2878 τωνςω

301 2893 517 2959 διδασκάλων
545 2893 735 2960 ἐπακούειν.
780 2897 837 2962 καὶ
863 2897 928 2984 γάρ
956 2896 1012 2964 καὶ
1041 2897 1141 2974 αύτδς
1167 2893 1185 2964 ὁ
1212 2898 1421 2975 διδάσκαλος

248 3015 281 3066 25
298 2991 395 3080 ήμοόν
416 2995 473 3062 καὶ
501 2997 617 3079 κύριος
634 2995 759 3081 Ἰησοῦς
780 2995 797 3062 ὁ
819 2995 1049 3085 χριστὸςῆμάς
1075 2998 1154 3078 τούς
1174 2999 1309 3067 δάδεκα
1335 3003 1420 3085 πέμ-

300 3110 364 3176 ψας
384 3103 594 3184 μαθητεῦσαι
616 3098 676 3164 τόν
698 3097 782 3164 λαὸν
803 3099 859 3166 καί
887 3098 927 3165 τά
950 3103 1056 3187 ἔθνη,
1082 3113 1245 3186 γυναῖκας
1266 3100 1422 3188 οὐδαμοῦ

300 3198 530 3278 ἐξαπέστειλεν
557 3201 604 3279 είς
630 3199 667 3267 τό
693 3202 862 3286 κήρυγμα,
894 3205 1002 3268 καίτοι
1028 3199 1091 3268 ούκ
1118 3193 1272 3288 άπορῦν·
1308 3209 1420 3290 συνῆν

368 3406 400 3456 10
417 3407 506 3458 Matth
526 3407 566 3471 13,
586 3408 616 3460 31
635 3413 639 3468 Ι
657 3409 687 3460 13
704 3409 795 3462 ΜοιιΙι
813 3410 837 3473 7,
856 3409 938 3472 6Ι21
959 3409 1014 3476 Isaj
1034 3412 1074 3474 52,
1094 3411 1111 3462 5

303 3590 311 3640 Ι
333 3588 369 3639 τῦ
388 3606 401 3639 z
418 3588 453 3658 Ι2
472 3608 497 3642 τι
514 3590 650 3661 >y215
670 3587 701 3646 δὲ
720 3602 782 3659 th,
802 3581 925 3661 οῦνγτΙ
946 3587 1182 3664 θάποκρινέοθω
1199 3604 1246 3663 yzt
1262 3597 1266 3661 Ι
1281 3598 1299 3648 11
1316 3598 1369 3666 τῆς
1385 3599 1419 3664 ·Ι-

300 3690 323 3722 w
343 3691 359 3723 ο
378 3676 465 3740 prima
484 3692 574 3739 manu,
593 3679 642 3729 sed
660 3685 689 3730 ut
707 3681 817 3731 videtur
828 3681 915 3732 serius
928 3682 1076 3733 infarctum
1092 3682 1096 3744 Ι
1113 3684 1127 3731 7
1146 3681 1196 3734 τοῦ
1208 3682 1242 3749 -Ι-
1255 3699 1278 3732 w
1294 3682 1298 3746 Ι
1314 3683 1331 3732 8
1346 3675 1417 3734 α’πο-

299 3753 455 3825 κρινομένη
473 3777 496 3808 w
517 3762 521 3824 Ι
544 3761 574 3810 10
592 3759 726 3824 οινάπεος
745 3782 780 3825 w,
800 3759 940 3832 οινήπεως
957 3784 988 3826 x,
1007 3759 1156 3827 σινάπεως
1172 3783 1206 3832 γε
1221 3764 1227 3831 Ι
1245 3766 1276 3816 10
1295 3758 1416 3833 ἐδογμά-

299 3841 422 3910 τισενιΙ
441 3844 469 3893 Ι1
489 3835 520 3895 δ’
537 3851 583 3910 yzt
598 3844 603 3911 Ι
620 3846 647 3896 ll
669 3840 746 3902 ἔστιν
763 3850 799 3914 πΙ
822 3850 849 3900 11
870 3845 901 3901 τό
919 3851 1032 3916 >γιιΙ
1051 3851 1088 3902 ll.
1104 3852 1135 3901 12
1153 3841 1242 3904 αύτοῦ
1260 3869 1274 3902 z
1290 3853 1295 3918 Ι
1312 3853 1344 3902 12
1363 3846 1416 3918 γάρ

299 3932 362 3990 th,
383 3922 415 3977 δὲ
432 3943 466 3992 γε
493 3925 498 3994 Ι
526 3929 557 3980 13
576 3936 716 3995 παραινεῖ
730 3927 784 3999 γάρ
802 3925 873 4001 ἡμῖν
890 3931 1195 4001 οι1,καθώςκαὶγτ
1217 3939 1221 4001 Ι
1248 3936 1279 3988 13
1300 3928 1416 4000 ἐδίδαξε

298 4011 333 4078 -Ι-
349 4027 383 4078 yz
403 4011 408 4074 Ι
431 4011 470 4064 13.
492 4013 521 4062 11
541 4007 642 4080 βάλετε
659 4034 691 4079 w,
711 4010 857 4084 βάλλετει
882 4019 889 4082 Ι
916 4019 946 4069 17
968 4009 1034 4072 ἀλλ’
1053 4013 1156 4080 ἐνδεῶς
1173 4021 1207 4084 >
1224 4037 1259 4084 γι
1285 4023 1290 4080 Ι
1320 4021 1349 4071 17
1368 4016 1417 4072 τότ

298 4095 333 4162 -Ι-
349 4103 397 4162 γτε
421 4095 425 4163 Ι
448 4093 738 4164 18.111χ1ενάοουοιν
756 4109 795 4162 x!
819 4102 848 4153 19
866 4101 915 4155 καὶ
932 4103 966 4170 -Ι-
983 4121 1017 4169 γε
1038 4105 1042 4170 Ι
1066 4105 1096 4156 19
1113 4093 1133 4172 ή
1149 4105 1183 4167 >
1199 4123 1234 4170 γε
1253 4105 1259 4170 Ι
1280 4106 1313 4156 19
1331 4103 1416 4170 δοξά-

300 4193 434 4234 οονοινπ
460 4181 465 4250 Ι
488 4183 518 4234 19
536 4178 636 4236 λοιπόν
653 4185 686 4252 -Ι-
703 4204 736 4252 yz
757 4193 762 4244 Ι
783 4187 814 4237 111
833 4184 894 4239 ίοτε
913 4206 927 4239 ν
944 4193 947 4254 Ι
963 4189 997 4238 20
1014 4189 1063 4256 τῆς
1081 4189 1252 4254 προπετείας
1270 4191 1304 4255 >
1321 4208 1338 4240 x
1358 4192 1363 4255 Ι
1383 4193 1412 4240 21

300 4261 354 4329 γάρ
372 4283 445 4329 wxz,
464 4261 498 4318 δέ
514 4275 545 4334 γε
569 4267 574 4338 Ι
599 4271 631 4321 21
652 4287 741 4337 φησιν
758 4289 775 4324 x
800 4272 805 4340 Ι
829 4275 862 4324 22
881 4276 1016 4339 γυναῖκες
1034 4291 1049 4326 ιι
1070 4276 1075 4337 Ι
1099 4276 1132 4325 25
1150 4267 1165 4327 ὁ
1183 4275 1217 4338 >
1234 4291 1252 4338 γ
1272 4275 1276 4340 Ι
1296 4276 1328 4326 27
1347 4266 1414 4326 άπέ·

299 4351 389 4400 οτειλε
408 4354 450 4418 W,
469 4341 635 4406 ἀπέστειλεν
653 4373 675 4406 w
