2998 4972
104 409 289 472 εἴθ-Η
1160 423 1222 484 197

100 573 123 661 ή
151 573 322 656 δόξασόν
349 581 397 664 τῷ
426 576 527 660 πατρί
548 577 605 643 καί
628 581 675 665 τῷ
696 579 860 666 συναίόίςο
882 578 1047 663 πνεύματι
1070 583 1117 656 εἰς
1135 579 1223 674 τούς

100 677 228 754 αἰοῖνας
248 681 318 744 ταῖν
337 676 488 744 αἰύνων·
515 675 614 763 άμήν.

646 935 675 1012 Ζ

191 1122 261 1185 Τοῦ
275 1119 462 1202 νομοθέτου
477 1119 627 1196 Μωσέως
641 1118 812 1205 εἰρηκότος
826 1132 895 1197 τοίς
903 1117 1120 1207 Ἰσραηλίταις
1134 1120 1220 1188 Ἰδού

97 1223 233 1287 όέόωκα
258 1217 325 1304 πρὸ
353 1219 538 1304 προσώπου
564 1216 660 1306 ύμοὶν
691 1219 755 1306 τήν
781 1218 862 1288 ὁδόν
887 1225 945 1306 τῆς
965 1227 1048 1308 ζωῆς
1078 1223 1135 1289 καὶ
1158 1223 1220 1309 τήν

97 1319 182 1388 ὁδόν
203 1325 264 1386 τοῦ
284 1321 450 1404 θανάτου,
473 1323 530 1387 καί
551 1320 770 1407 ἐπιφέροντος
780 1320 932 1403 Ἔκλεξαι
953 1322 1016 1408 τήν
1038 1324 1139 1409 ζωήν,
1162 1325 1254 1394 ἴναε

96 1423 215 1509 ζήσῃς,
239 1420 296 1487 καί
315 1425 377 1487 τού
398 1422 576 1508 προφήτου
591 1418 686 1489 Ἠλία
708 1427 865 1508 λέγοντος
885 1424 931 1512 τῷ
951 1426 1022 1514 λαῷ
1036 1423 1120 1501 Ἕως
1139 1425 1219 1492 πότε

95 1528 281 1610 χωλανείτε
305 1520 361 1588 ἐπ’
384 1521 589 1608 ἀμφοτέραις
611 1536 683 1601 ταῖς
704 1525 835 1609 ἰγνύαις
857 1520 969 1609 ύμοὶν;
999 1528 1031 1592 εἰ
1046 1526 1126 1604 θεός
1148 1526 1218 1592 ἐστι

94 1625 233 1710 κύριος,
255 1623 443 1706 πορεύεσθε
466 1621 570 1690 ὀπίσω
594 1623 715 1709 αύτού,
745 1626 880 1704 εἰκότως
904 1629 997 1711 ἔλεγε
1026 1626 1084 1694 καί
1112 1625 1130 1694 ὁ
1158 1628 1219 1698 κύ-

94 1751 170 1812 ριος
188 1725 313 1812 Ἰησοῦς
337 1723 457 1802 Ούδείς
480 1725 621 1793 δύναται
643 1725 723 1793 δυσὶ
743 1732 873 1814 κυρίοις
894 1728 1088 1795 δουλεύειν·
1111 1723 1134 1812 ῆ
1153 1727 1218 1814 γάρ

92 1827 158 1894 τὸν
180 1828 242 1894 ἕνα
268 1828 401 1912 μισήσει
421 1826 478 1893 καί
505 1825 565 1894 τόν
585 1828 702 1911 ἕτερον
723 1827 904 1913 άγαπήσει,
934 1825 958 1914 ή
978 1827 1053 1907 ἑνός
1078 1829 1219 1909 άνθέξε-
1238 1848 1270 1899 10

93 1955 152 1996 ται
172 1928 229 1996 καί
251 1931 313 1995 τοῦ
330 1927 446 2014 ἑτέρου
460 1928 721 2016 καταφρονήσει,
742 1929 932 2015 ἀναγκαίως
953 1929 1010 1997 καὶ
1026 1927 1120 2018 ἡμεῖς
1137 1930 1218 1997 ε’πό-

92 2055 194 2117 μενοι
216 2031 262 2117 τῷ
284 2031 477 2118 διδασκάλῳ
496 2034 631 2118 χριστῷ,
655 2029 690 2108 ός
708 2030 779 2096 ἐστι
801 2031 912 2116 σωτήρ
928 2033 1066 2098 πάντων
1080 2031 1217 2118 άνθροό-
1409 2103 1416 2118 ,

92 2159 171 2200 πων
197 2133 341 2218 μάλιστα
364 2139 382 2176 *
405 2132 550 2215 πιστιόν,
574 2131 686 2217 φαμὲν
707 2128 752 2210 ύς
773 2133 837 2199 δύο
858 2131 935 2200 όθοί
952 2135 1056 2217 εἰσιν,
1081 2137 1141 2217 μία
1160 2134 1218 2218 τῆς
1237 2123 1344 2198 ssuaa,
1362 2104 1453 2188 74⁶2

90 2235 179 2319 ζωῆς
201 2232 259 2299 καί
285 2237 345 2318 μία
369 2237 430 2297 τοῦ
448 2233 619 2317 θανάτου,
647 2233 810 2319 ούθεμίαν
835 2235 873 2301 δὲ
900 2233 1080 2320 σύγκρισιν
1104 2238 1218 2319 ἔχουσι

91 2335 182 2420 πρός
210 2336 330 2413 ἑαυτάς
359 2331 456 2418 (πολύ
484 2332 549 2419 γάρ
583 2333 621 2400 τό
652 2336 850 2422 διάφορον),
882 2339 1012 2421 μᾶλλον
1039 2334 1078 2400 δὲ
1107 2335 1215 2420 πάντη
1236 2353 1268 2404 15

91 2438 339 2523 κεχωρισμέναι
364 2437 382 2476 *
406 2435 628 2521 τυγχάνουσι,
658 2436 715 2503 καί
750 2433 877 2522 φυσική
902 2437 966 2521 μὲν
992 2439 1084 2502 ἔστιν
1110 2433 1131 2521 ή
1160 2436 1218 2520 τῆς

90 2543 180 2624 ζωῆς
193 2535 281 2621 όθός,
298 2538 495 2613 ἐπείσακτος
512 2537 550 2603 δὲ
566 2535 588 2623 ἡ
606 2537 667 2604 τού
679 2539 845 2622 θανάτου,
869 2536 910 2605 ού
925 2541 986 2604 τοῦ
1002 2536 1105 2604 κατά·
1124 2537 1214 2622 γυά-

89 2666 162 2726 μην
190 2640 278 2706 θεοῦ
304 2635 531 2725 ὑπάρξαντος,
564 2637 650 2706 άλλά
676 2640 738 2705 τού
759 2639 793 2720 ίζ
815 2639 996 2726 ἐπιβουλῆς
1025 2641 1087 2706 τοῦ
1113 2639 1214 2705 άλλο-

89 2747 202 2826 τρίου.
247 2741 398 2826 *πρύτῆ
428 2731 492 2806 ούυ
518 2742 677 2828 τυγχάνει
697 2737 718 2825 ῆ
742 2738 818 2820 όθός
838 2745 897 2826 τῆς
919 2745 1017 2827 ζωῆς·
1044 2742 1101 2809 καί
1123 2745 1215 2808 ἔστιν

161 2933 272 2984 Βῦευλ
289 2931 330 2994 30,
352 2930 512 2998 191611ες
529 2947 546 2997 γ
565 2929 604 2990 18,
624 2928 817 2998 2119Matth
834 2931 859 2996 6,
878 2932 983 2997 24112
1001 2933 1063 2984 Tim
1081 2934 1144 2996 αλ,
1165 2930 1196 2981 10

290 3017 419 3083 Βεςοεόε
447 3017 583 3084 reliquiae
607 3017 674 3068 iuris
699 3017 886 3070 ecclesiastici
910 3033 994 3084 graec
1017 3034 1035 3083 p
1062 3017 1135 3066 XIX.
1163 3017 1214 3065 XX

89 3191 101 3240 1
124 3181 181 3242 σόν
258 3181 399 3254 πνεύματι
418 3203 468 3250 wx,
488 3185 526 3239 τιό
543 3181 755 3260 παντοκρράτοι
773 3185 836 3260 θεῷ
848 3181 971 3260 νύκτα-λ
984 3183 1130 3252 [1)1εῳγιι,
1149 3188 1214 3235 ante
1271 3167 1377 3231 dds..

88 3275 146 3326 νῦν
163 3274 200 3339 -Ι-
218 3270 268 3325 καὶ
285 3271 305 3341 t]
324 3279 372 3339 γει
386 3278 391 3330 Ι
406 3273 422 3323 2
438 3272 495 3324 τῶν
513 3266 627 3324 αἰιότωτ
643 3272 678 3336 >
694 3277 741 3337 γει
756 3273 760 3338 Ι
776 3271 873 3322 subscr
884 3265 963 3331 τέλος
980 3260 1149 3337 ἤληφενιτΙ

159 3353 328 3424 :swam
350 3373 373 3407 w
398 3359 403 3422 Ι
429 3355 587 3421 διίσλεζαι
611 3373 625 3408 ιι
652 3357 657 3420 Ι
683 3357 700 3408 6
722 3352 776 3423 τήν
798 3347 873 3422 ζωήν
890 3360 975 3421 αγτε,
998 3347 1053 3422 τήν
1074 3345 1146 3406 όθόν
1163 3353 1214 3422 τῆς

87 3443 164 3510 ζωῆς
182 3461 200 3494 x
221 3440 226 3508 Ι
246 3444 261 3492 7
280 3440 424 3510 χωλανῆτε
442 3443 510 3506 Wx,
534 3440 690 3509 χωλανῆιτε
709 3457 770 3493 τοτε
786 3442 877 3507 primu
894 3455 991 3491 monus
1009 3457 1034 3491 w
1054 3439 1059 3502 Ι
1079 3439 1094 3490 7
1113 3434 1150 3505 εἰ]
1170 3433 1213 3500 εἰς

87 3545 103 3580 τ
119 3527 125 3596 Ι
141 3530 156 3578 7
177 3519 256 3580 ἰστιν
273 3545 291 3578 x
305 3527 309 3591 Ι
325 3526 341 3578 8
361 3523 475 3587 εἰκότως
529 3517 662 3594 θ’ίιμούς
673 3532 729 3577 th
745 3524 774 3592 [8
786 3517 895 3585 εἰκότος
907 3531 945 3586 xt‚
966 3519 1062 3591 ἔλεγεν
1080 3522 1120 3593 x]‚
1138 3515 1211 3576 άλλά

86 3610 141 3666 καὶ
159 3609 213 3666 τοῦ
231 3611 335 3677 κυρίου
352 3603 434 3678 ἡμῶν
452 3608 536 3678 ἰησού
560 3609 675 3678 χριστοῦ
693 3606 825 3670 εἰπόντος
849 3602 880 3662 ἰν
897 3609 937 3678 τῷ
954 3601 1110 3677 εύαγγελίῳ
1126 3627 1159 3676 yz
1175 3609 1212 3675 Ιθ

86 3691 200 3750 δύνατε
219 3694 286 3764 τΙθ
304 3695 422 3750 δυσλνκ
443 3694 500 3764 112
519 3689 596 3748 lom
613 3698 650 3762 x!
670 3695 702 3748 13
720 3689 752 3748 61
769 3695 804 3762 «Ι-
819 3711 853 3760 ys
868 3693 874 3763 Ι
890 3695 922 3748 13
943 3690 999 3748 εἰσι
1018 3693 1038 3762 [1
1058 3692 1078 3760 t]
1096 3699 1144 3759 γαί
1159 3695 1163 3759 Ι
1180 3694 1212 3745 14

88 3777 209 3849 ἔχουσιν
225 3787 256 3832 xt
281 3781 285 3847 Ι
313 3781 346 3834 16
369 3772 475 3842 ἑαυτάς
492 3786 562 3845 πιλ,
585 3775 709 3850 άλλήλας
730 3797 764 3846 yz
791 3781 795 3842 Ι
823 3781 855 3832 15
877 3775 951 3833 πολύ
968 3774 1024 3847 γάρ
1042 3785 1115 3845 vm,
1138 3769 1212 3832 άλλόι

86 3861 166 3920 καλό
182 3883 219 3932 yz
243 3863 249 3932 Ι
270 3864 302 3918 16
318 3859 449 3933 άλλήλων
465 3865 499 3933 -Ι-
516 3883 551 3932 γε
571 3864 575 3931 Ι
598 3864 629 3917 16
646 3861 838 3933 τυγχάνουσιν
855 3883 872 3916 x
898 3866 903 3929 Ι
931 3864 963 3917 16
982 3865 1134 3931 κα1>γτ
1154 3865 1159 3930 Ι
1180 3865 1211 3916 17

85 3951 142 4004 τοῦ
156 3953 274 4003 ultorum
286 3951 321 4016 >
331 3967 365 4018 γε
380 3951 385 4015 Ι
402 3951 450 4001 17·
467 3953 518 4016 ἥδ
535 3943 551 4002 ό
569 3943 624 4018 γάρ
637 3944 709 4010 θεός
723 3945 856 4002 θάνατον
873 3940 926 4003 ούκ
944 3942 1087 4018 ἐποίησεν,
1107 3943 1211 4016 φθόνει

86 4031 124 4089 δὲ
148 4029 301 4104 διαβόλου,
332 4028 463 4096 θάνατος
485 4032 527 4096 εἰς
548 4028 599 4088 τόν
620 4031 729 4103 κόσμον
754 4032 891 4104 εἰσῆλθεν
912 4051 1007 4102 margo
1029 4033 1068 4101 κΙ
1089 4033 1121 4086 18
1138 4023 1210 4084 άλλά

85 4119 143 4173 τού
160 4127 230 4186 nt,
255 4112 320 4173 ἄλλ’
337 4137 372 4187 γε
397 4118 402 4188 Ι
428 4121 461 4173 19
484 4122 536 4173 hoc
555 4121 615 4173 loeo
638 4121 667 4171 in
684 4126 763 4173 textu
784 4137 818 4186 γε
836 4121 955 4172 acholium
973 4121 1008 4170 nd
1027 4119 1057 4168 17
1072 4122 1110 4169 'ex
1128 4133 1145 4167 x
1164 4133 1209 4168 ex·

86 4207 241 4273 scriptum,
259 4206 309 4258 sed
329 4197 445 4271 ἰποίησε
464 4210 493 4258 εἰ
511 4200 629 4273 εἰσῆλθε
646 4222 694 4272 γε,
718 4200 823 4272 φθόνῳ
840 4221 887 4270 γε,
912 4209 941 4255 ει
963 4191 1000 4262 τός
1017 4219 1060 4261 τις
1079 4191 1164 4261 [ὅστις
1181 4198 1208 4268 y]

87 4283 183 4356 σοφός
196 4284 254 4356 ἔφη
271 4290 306 4358 -Ι-
322 4307 356 4357 yz
374 4296 437 4357 μοελ
456 4283 606 4354 διαβόλοοι
625 4290 741 4356 Βκρίειιι
758 4291 783 4352 2,
802 4288 836 4342 24
855 4289 859 4355 Ι
881 4289 912 4341 19
928 4305 945 4354 p
962 4285 1047 4352 196,1
1066 4284 1115 4340 καλ
1134 4280 1211 4338 ἔστιν

87 4362 166 4441 αὕτη
182 4374 218 4437 >
235 4375 274 4426 Υτ
