3160 4976
1430 411 1477 479 87

286 579 402 652 κιραλάς
423 578 512 634 αύτῶν
531 577 558 632 έν
577 579 769 653 τῇέκκλησίᾳ,
789 583 837 642 τὰς
857 581 886 636 δέ
903 584 996 655 τρίχας
1011 580 1099 636 αὐτῶν
1113 582 1191 651 μόνον
1206 581 1481 652 περικαλυπτέτωσαν,

285 674 363 737 τιμῆς
383 668 411 722 δέ
430 671 501 742 παρὰ
520 673 614 731 παντός
634 669 829 736 ἀξιούσθωσαν
848 673 912 744 πρός
931 673 960 724 τό
980 675 1024 725 καί
1042 674 1090 732 τὰς
1108 671 1205 731 λοιπὰς
1216 671 1383 742 βουλομένας
1396 690 1481 743 παρα-

287 758 410 820 ζηλῶσαι
424 758 465 811 έπ’
479 757 581 820 αύταίς.

288 848 373 919 [ma]
393 847 439 902 Ἐκ
451 853 497 901 τοῦ
511 847 634 922 δευτέρου
647 847 758 921 βιβλίου
771 855 818 904 τοῦ
832 851 995 920 Κλήμεντος.

254 940 267 979 ⁵
286 943 333 1008 Τῷ
346 935 501 1009 βουλομένῳ
519 945 613 1008 γαμεῖν
632 940 836 1012 παρεμπόδισμα
852 939 934 1009 μηδέν
953 939 1021 994 ἔστω
1032 940 1055 1003 ’,
1081 939 1123 993 ίνα
1144 943 1179 1008 μὴ
1198 942 1324 1014 θηρευθῇ
1345 942 1417 1013 παρὰ
1436 945 1484 994 τοῦ

286 1033 402 1102 πονηροῦ
416 1029 443 1082 έν
456 1031 573 1101 πορνεία.
594 1031 711 1099 γαμείτω
725 1029 753 1084 δέ
765 1034 925 1102 χριστιανὴν
938 1033 1033 1093 πιστὴν
1046 1030 1074 1083 έκ
1087 1031 1178 1100 γένους
1190 1037 1371 1103 χριστιανῶν,
1392 1031 1485 1092 ἱκανὴν

286 1119 313 1172 έν
335 1122 421 1172 πίστει
443 1124 557 1193 τηρῆσαι
580 1121 624 1171 τόν
647 1117 732 1190 ἄνδρα
750 1118 845 1182 αὐτῆς·
867 1123 915 1172 τοῦ
935 1117 1078 1173 ἐπισκόπου
1098 1121 1313 1192 προστάσσοντος
1335 1123 1379 1172 καὶ
1399 1119 1485 1178 οὕτως

286 1208 368 1262 αὐτοῦ
381 1214 557 1280 μιριμνῶντος
566 1246 685 1262 ......
693 1214 707 1243 ⁸

286 1296 398 1351 αὐτοῦ’
411 1301 455 1350 καί
469 1298 547 1351 πάλιν
562 1297 711 1370 έρωτάσθω
725 1298 739 1350 6
753 1298 876 1368 ίγγέζων,
893 1297 916 1352 εί
930 1298 1027 1358 δοῦλός
1040 1297 1111 1350 ἐστιν
1124 1297 1141 1359 6
1156 1298 1304 1371 έλεύθιρος,
1318 1301 1363 1351 καί
1377 1299 1424 1352 έὰν
1437 1300 1484 1367 μέν

244 1389 267 1425 ¹⁰
287 1392 382 1441 πιστοῦ
400 1386 496 1446 δοῦλος
514 1386 531 1457 6
550 1389 593 1440 καί
612 1387 658 1440 ἐὰν
677 1391 721 1440 καὶ
735 1387 748 1438 6
763 1386 892 1448 δεσπότης
904 1386 987 1440 αὐτοῦ
1001 1395 1131 1459 συγχωρῇ
1145 1387 1227 1459 αύτῷ,
1246 1389 1375 1442 ἀκουέτω.
1396 1389 1442 1442 έάν
1456 1387 1483 1441 δέ

286 1479 379 1536 πιστός
391 1480 428 1545 μη
440 1475 457 1547 ᾖ
469 1475 482 1528 6
493 1475 623 1538 δεσπότης
632 1475 714 1528 αὐτοῦ
725 1479 769 1530 καί
780 1480 815 1545 μὴ
824 1485 970 1549 συγχωρῇς
982 1478 1193 1549 παρακαλιίσθω
1204 1485 1392 1550 συγχωρῆσαι.
1407 1480 1451 1530 καί
1462 1476 1485 1529 εί

286 1568 355 1635 λέγει
374 1569 433 1639 περί
452 1564 534 1618 αὐτοῦ
553 1566 642 1627 αἰτίας
659 1566 774 1628 ἀληθῶς
794 1569 838 1618 καί
857 1564 894 1626 ῶς
911 1572 997 1634 μισῶν
1016 1569 1061 1619 τόν
1081 1565 1209 1630 δεσπότην
1228 1567 1310 1620 αὐτοῦ
1326 1570 1486 1638 παρίσταται

286 1659 375 1720 ζητῶν
389 1653 455 1710 είναι
466 1659 635 1728 χριστιανόςι
650 1654 837 1726 ἀκβαλλέσθω.
851 1655 873 1708 εί
886 1655 915 1709 δέ
926 1655 1041 1725 μηδεμία
1051 1655 1125 1710 αίτία
1135 1661 1292 1730 φανεροῦται
1302 1657 1486 1726 μισοδουλίας,

286 1747 360 1799 θέλει
379 1745 407 1800 δέ
426 1743 492 1798 ιέναι
511 1746 682 1816 χριστιανόςι
702 1743 830 1798 ἀκουέτω.
849 1745 872 1798 ιί
890 1745 919 1799 δέ
936 1747 1028 1806 πιστός
1040 1745 1112 1812 ε’στιν
1126 1747 1139 1799 6
1154 1746 1283 1808 δεσπότης
1296 1735 1378 1800 αὐτοῦ
1392 1750 1436 1799 καί
1449 1750 1486 1815 μὴ

242 1837 267 1874 ¹⁵
286 1840 412 1908 μαρτυριί
425 1837 482 1906 περὶ
496 1833 587 1895 αὐτοῦ,
608 1831 795 1904 έκβαλλίσθω.
815 1834 915 1903 ὁμοίως
931 1835 954 1888 ιί
972 1839 1016 1888 καί
1035 1840 1102 1904 γυνη
1121 1838 1191 1898 τινός
1203 1837 1269 1897 έστι,
1284 1835 1455 1891 διδασκέσθω
1469 1836 1487 1896 6

285 1929 352 1994 γυνη
366 1923 514 1997 εύαρεστείν
527 1927 565 1993 τῷ
579 1923 656 1997 ἀνδρί
669 1926 751 1988 αὐτῆς
764 1924 791 1977 έν
806 1922 882 1996 ρόβιρ
896 1928 973 1978 θεοῦ.
994 1926 1016 1979 εί
1035 1925 1065 1980 δέ
1079 1926 1104 1980 οί
1117 1926 1165 1980 δύο
1180 1927 1308 1980 θέλουσιν
1321 1926 1348 1980 έν
1362 1924 1487 1996 έυσεβιίᾳ

286 2014 450 2087 ἐργάζεσθαι
460 2015 642 2086 καθαρότητα,
653 2017 751 2083 μισθός
759 2014 832 2068 ἔσται
842 2014 943 2075 αὐτοῖς.
956 2015 969 2067 6
980 2015 1083 2085 ἀγαμος
1093 2020 1130 2086 μὴ
1143 2015 1323 2089 πορνευσάτω,
1335 2015 1486 2084 ἀλλάνόμιρ

285 2105 412 2173 γαμείτω.
436 2103 458 2155 εί
472 2101 500 2155 δέ
514 2103 600 2164 οὕτως
614 2103 747 2172 διαμεῖναι
756 2105 846 2167 θέλει,
868 2107 967 2174 μενέτω
982 2106 1009 2158 έν
1025 2108 1117 2178 κυρίῳ.
1140 2105 1216 2165 εἴτις
1231 2105 1337 2173 δαίμονι
1352 2102 1486 2175 θλίβεται,

286 2196 321 2261 μὴ
342 2192 485 2246 ἀκουσάτω
505 2194 648 2261 τὸνλόγον
668 2195 739 2266 παρὰ
759 2198 805 2246 τοῦ
825 2193 999 2258 διδασκάλου,
1022 2194 1073 2255 ἕως
1093 2195 1125 2248 ἂν
1144 2197 1313 2267 καθαρισθῄ.
1333 2191 1413 2266 ὁγὰρ
1426 2197 1488 2253 νοῦς

239 2283 267 2320 ²⁰
286 2283 412 2351 πνιύματι
432 2281 516 2352 ύλικῷ
528 2281 676 2356 βαρυνθείς
690 2282 720 2334 οὐ
734 2283 838 2353 δέχιται
850 2283 930 2352 λόγον
944 2283 1041 2337 ἀνυλον
1055 2285 1098 2336 καί
1112 2284 1196 2353 ἅγιον.
1217 2285 1263 2338 έάν
1278 2284 1305 2337 δέ
1319 2286 1486 2355 καθαρισθῇ,

285 2375 460 2441 κατηχείσθω
478 2373 619 2441 τῷλόγῳ.
638 2373 718 2432 εἴτις
737 2375 819 2444 πόρνη
838 2373 855 2435 6
874 2391 913 2433 τις
932 2371 1110 2446 πορνοβόσκος
1122 2373 1140 2435 6
1153 2375 1272 2442 μέθυσος
1285 2373 1302 2436 6
1316 2372 1488 2431 είδωλοποιδς

286 2461 303 2524 6
317 2461 459 2533 ζωγράφος
478 2461 496 2524 6
516 2467 568 2514 τῶν
583 2461 625 2514 ι’πί
640 2467 737 2523 σκηνῆς
752 2461 823 2533 [m]
839 2461 856 2523 6
870 2463 1010 2531 ήνέοχοςῆ
1025 2461 1149 2524 ἀθλητὴς
1162 2464 1179 2525 6
1193 2462 1345 2530 ἀγωνιστὴς
1358 2462 1375 2524 6
1390 2462 1488 2522 πύκτης

285 2552 303 2614 6
322 2554 456 2623 θηρευτὴς
475 2554 521 2602 τοῦ
542 2550 673 2621 δημοσίου
692 2552 710 2614 6
727 2551 846 2605 ιέδιίιλων
867 2553 949 2624 ίερεῦς
969 2550 1088 2622 ἣρύλαξ
1102 2551 1173 2606 ἑστίι
1194 2555 1229 2620 μὴ
1247 2551 1452 2624 προσδεχθὴτω.
1466 2549 1488 2602 εὶ

286 2641 362 2694 θέλει
373 2642 491 2699 τοιοῦτός
504 2658 543 2700 τις
556 2643 648 2700 πιστός
661 2638 734 2702 εἶναι,
757 2641 911 2694 παυσάσθω
924 2641 1027 2692 τούτων
1040 2641 1084 2693 καί
1098 2642 1173 2709 μόγις
1188 2641 1319 2694 πιστιύων
1333 2643 1377 2692 καὶ
1390 2638 1488 2710 βαπτι-

239 2735 266 2772 25
287 2732 396 2798 ζόμινος
409 2728 604 2801 προσδεχέσθω
624 2729 668 2782 καί
682 2733 850 2783 κοινωνείτω.
874 2731 918 2784 καί
936 2730 959 2783 τί
973 2735 1009 2800 μὴ
1024 2731 1148 2792 παύεται,
1170 2727 1382 2800 ἀποβαλλέσθω.
1407 2729 1430 2781 εἴ
1449 2746 1488 2788 τις

288 2817 459 2887 παιδαγωγός
480 2819 550 2872 έστιν
571 2819 598 2872 έν
619 2822 701 2890 σορίᾳ
718 2829 838 2892 κοσμικῇ,
860 2821 940 2873 καλόν
961 2820 983 2873 εί
1000 2821 1128 2872 παύεται.
1151 2820 1172 2872 εί
1192 2818 1221 2874 δέ
1240 2819 1307 2872 ἄλλο
1328 2817 1489 2888 ἐπιτήδευμα

288 2912 352 2982 πρός
364 2911 394 2961 τό
407 2907 504 2979 βιῶναι
517 2912 553 2977 μὴ
568 2908 638 2978 ἔχει,
653 2907 742 2970 ἄνεσις
756 2909 823 2962 ἔστω
837 2908 919 2980 αύτῷ.
939 2909 964 2963 εἴ
979 2928 1019 2970 τις
1032 2910 1196 2982 στρατιώτης
1210 2907 1280 2961 έστὶν
1294 2908 1311 2970 6
1326 2908 1352 2961 έν
1366 2908 1487 2978 ἐξουσίᾳ,

288 2998 459 3052 διδασκέσθω
480 3003 515 3066 μὴ
535 3000 694 3051 πλεονεκτεῖν
716 2998 782 3068 μηδέ
802 3001 918 3070 γονεύειν
940 2999 1008 3068 μηδέ
1028 2997 1154 3069 ἀρπάζειν
1177 2997 1243 3066 μηδὲ
1263 2998 1402 3066 ἐπιθυμεῖν
1422 2997 1488 3066 μηδέ

288 3087 545 3158 παροξύνεσθαικαί
558 3089 651 3140 λυπιίν
669 3108 742 3150 τινα,
762 3089 828 3141 ἀλλ’
846 3089 959 3161 ἀρκείτω
972 3088 1046 3158 αὐτῷ
1058 3090 1092 3139 τά
1106 3086 1229 3156 διδόμενα
1243 3086 1315 3156 αύτῷ
1334 3086 1445 3157 όψόινια.
1466 3086 1488 3138 εέ

239 3187 266 3224 ⁵⁰
287 3177 315 3231 δέ
332 3179 445 3230 θέλουσι
464 3175 647 3247 βαπτισθῆναι
661 3177 687 3230 έν
702 3180 798 3250 κυρίῳ,
818 3181 1025 3232 παυσάσθωσαν
1040 3183 1092 3230 τῶν
1110 3183 1306 3250 στρατιωτικῶν
1319 3177 1336 3238 6
1350 3183 1397 3238 τῆς
1410 3174 1488 3241 ἐξου-

287 3271 360 3328 σίας·
381 3271 424 3320 καὶ
443 3267 464 3318 εἰ
486 3267 513 3320 δέ
533 3271 579 3334 μή,
597 3271 634 3336 μὴ
653 3263 864 3331 δεξάσθωσανθ.
885 3269 1082 3336 κατηχούμενος
1100 3267 1118 3329 6
1139 3270 1230 3326 πιστός
1248 3265 1276 3319 ἔκ
1295 3271 1341 3320 τοῦ
1360 3267 1427 3319 λαοῦ
1443 3267 1488 3319 ἐὰν

286 3360 445 3428 στρατεῦσαι
463 3357 540 3426 θέλη.
555 3355 572 3417 6
586 3358 742 3408 παυσάσθω
755 3361 802 3416 τῆς
816 3356 926 3418 ε’ννοίας·
943 3357 965 3409 εί
981 3356 1008 3409 δὲ
1023 3360 1068 3425 μη,
1087 3355 1297 3426 ἀποβαλλέσθω.
1313 3359 1488 3429 κατιρρόνησι

285 3448 335 3518 γὰρ
353 3444 380 3498 έν
398 3449 435 3514 τῷ
456 3444 622 3514 διαλογισμῷ
643 3443 726 3497 αὐτοῦ
743 3450 792 3498 τοῦ
812 3449 878 3498 θεοῦ
893 3447 936 3498 καί
950 3447 1035 3500 λιπὼν
1049 3449 1083 3498 τά
1095 3450 1143 3498 τού
1157 3447 1301 3516 πνεύματος
1315 3448 1431 3515 κατέγνω
1445 3449 1489 3498 καὶ

285 3536 532 3607 παρωλεγωρὴσατο
550 3542 595 3597 τὴς
615 3537 738 3594 πίστεως.
758 3537 839 3607 πόρνη
858 3535 875 3598 6
897 3535 1002 3596 ἄσωτος
1020 3537 1038 3598 6
1053 3537 1185 3604 μέθυσος,
1208 3537 1230 3588 εί
1248 3538 1338 3604 μηκέτι
1352 3535 1489 3608 πράξαιεν,

237 3633 264 3671 ³6
284 3624 388 3677 θέλοιεν
401 3624 430 3676 δέ
445 3625 609 3684 πιστεύοντες
622 3627 819 3693 κατηχηθὴιαι,
833 3623 968 3677 δύνανται.
982 3625 1025 3679 καί
1040 3626 1062 3678 εέ
1073 3628 1250 3699 προκόπτουσι
1259 3629 1281 3687 “,
1296 3623 1489 3696 βαπτισθήτω-

284 3732 346 3766 σαν·
374 3715 396 3766 τί
410 3714 438 3768 δέ
452 3717 497 3783 μή,
511 3713 774 3785 ἀποβαλλίσθωσαν.
795 3714 919 3777 παλλακὴ
932 3733 1002 3775 τινος
1016 3713 1061 3767 ἐὰν
1076 3715 1107 3786 6.
1132 3715 1215 3776 δούλη
1230 3710 1298 3767 ούσα
1311 3718 1355 3767 καὶ
1368 3715 1490 3767 θελουσα

365 3821 400 3864 5*
416 3822 453 3862 τὸν
469 3821 602 3875 βουλόμενον
616 3824 694 3878 γαμεῖν
714 3819 781 3875 μηδέν
796 3820 923 3863 ιιυλυέτωί
939 3825 968 3863 ei.
985 3824 1035 3863 Act.
1053 3826 1094 3864 viii
1109 3827 1143 3864 36.
1159 3847 1185 3854 -
1200 3821 1235 3864 8*
1251 3835 1318 3873 quum
1334 3823 1422 3871 syriaca
1438 3825 1488 3862 ede·

282 3906 337 3944 rem,
353 3907 496 3946 ιμοιιιιοτεπι
512 3898 572 3944 [οι-ε,
590 3899 613 3934 ut
628 3897 761 3934 extricatum
779 3895 898 3945 ntiquundo
913 3897 967 3944 quid
982 3897 1026 3936 eibi
1041 3897 1151 3935 voluisset
1165 3901 1250 3944 auctor,
1266 3905 1324 3934 nunc
1340 3896 1396 3934 nihil
1411 3897 1488 3934 euxiiii

283 3969 361 4018 νίιίοος
377 3969 415 4008 sed
427 3979 493 4018 quum
509 3970 547 4019 118·
563 3967 627 4018 (edit.
640 3977 684 4014 syr.
702 3978 723 4015 p.
738 3970 762 4003 rt·
776 3967 799 4016 6)
815 3969 845 4006 eit
854 3973 976 4006 extremum
991 3969 1123 4006 vocabulum
1139 3967 1161 4004 in
1177 3968 1259 4016 pagine
1269 3967 1354 4005 codicis
1366 3968 1449 4006 iiiive!
1463 3969 1488 4006 23

282 4040 299 4077 ii
316 4043 473 4090 perscriptum,
490 4041 538 4078 veri
553 4041 626 4078 simile
637 4043 671 4078 eet
685 4039 827 4078 intercidisse
843 4040 922 4078 fotium
936 4050 1018 4087 unum,
1038 4040 1092 4077 ticet
1105 4049 1132 4078 ee
1146 4039 1240 4088 pagine,
1257 4039 1319 4076 cuiue
1335 4039 1423 4077 initium
1437 4039 1462 4077 iit
1477 4050 1490 4077 ι

282 4121 336 4149 voce
352 4096 420 4158 nbtt,
437 4116 566 4150 numeretur
580 4111 619 4150 195
635 4111 669 4148 vei
686 4112 724 4158 w,
741 4114 765 4150 ut
780 4111 805 4150 it.
822 4111 988 4150 Renandoiium
1004 4116 1026 4148 et
1040 4110 1172 4148 monachum
1188 4111 1313 4159 syriscum,
1329 4111 1367 4159 qui
1384 4121 1488 4149 numeres

282 4183 386 4221 sotiorum
401 4183 501 4229 eyrieeee
516 4183 649 4231 adscripsit,
671 4182 706 4221 vei
723 4193 756 4221 me
771 4184 852 4222 meiiue
867 4193 915 4220 rem
931 4183 1069 4222 intellexisse
1086 4184 1120 4221 vel
1136 4183 1244 4220 iacturam
1259 4192 1286 4221 ne
1301 4184 1425 4232 ιιιιρίιαιοι
1441 4182 1488 4231 qui·

281 4253 331 4294 dem
344 4264 394 4292 οιτο
409 4257 493 4292 eertum
508 4254 544 4292 eit.
567 4257 685 4301 utrumque
701 4263 742 4292 cur
757 4265 835 4302 negem
849 4253 898 4293 fieri
912 4253 1013 4302 potuim
1028 4265 1071 4292 ιιοιι
1088 4255 1160 4292 νίιίοο.
1182 4257 1281 4292 ceterum
1295 4255 1403 4293 librarius
1419 4255 1488 4301 syrie-

280 4335 320 4364 eue
337 4327 452 4364 annotavit
467 4327 489 4363 in
503 4326 604 4374 margine
620 4326 673 4363 ίιιοο
688 4325 804 4364 lauderis
821 4325 904 4364 Severe
918 4324 1047 4374 patriarche
1062 4323 1221 4374 (antiocheno),
1238 4327 1278 4364 sed
1295 4336 1403 4374 quaenam
1420 4327 1490 4366 verbe

279 4398 375 4448 peginee
394 4397 452 4445 εριιιί
467 4393 537 4439 imi:
553 4393 611 4434 ίετιυ
633 4407 666 4433 νο.
683 4397 708 4434 21
725 4396 840 4434 finientis?
856 4417 882 4424 -
901 4392 942 4434 e*
958 4397 988 4434 er.
1003 4395 1093 4434 constit.
1112 4396 1168 4435 vili
1185 4397 1255 4435 xxxii.
1266 4409 1352 4436 eeneii.
1377 4403 1436 4447 cept.
1453 4399 1487 4436 it.

279 4489 306 4496 -
328 4464 376 4506 ιι*
391 4479 470 4517 nempe
485 4469 627 4518 baptismum.
643 4488 669 4496 -
684 4465 710 4506 ιι
725 4462 738 4490 ⁸
754 4469 858 4505 νυυιυιι
876 4469 982 4507 ieiune.
998 4479 1019 4516 p.
1037 4469 1072 4514 ιο,
1088 4469 1108 4508 e:
1125 4470 1142 4504 ι·
1158 4469 1198 4507 ιιι
1215 4469 1229 4526 γ
1247 4469 1285 4507 ιιι
1308 4470 1337 4506 ιιι
1353 4469 1379 4507 ιι
1401 4452 1433 4507 κθ
1450 4471 1487 4508 ιιι

280 4541 345 4578 witi
361 4536 453 4590 έξίτεινι
469 4540 561 4582 ῡίιίιιιο.
579 4541 599 4588 i,
615 4541 641 4580 ‘tt
661 4540 767 4588 spicileg.
784 4549 830 4586 syr.
848 4550 869 4588 μ.
888 4541 920 4585 ιθ,
935 4541 963 4579 23
978 4539 1053 4580 Curet.
