3160 4976
132 430 182 500 90

129 600 223 673 άναβῶ
243 604 307 674 πρός
325 603 370 652 τόν
389 603 488 673 πατέρα
506 617 570 669 μου,
595 602 686 670 πέμπω
707 599 768 668 ὑμῖν
787 602 816 652 τό
837 603 937 669 πνεῦμα
955 602 984 652 τό
1003 597 1171 672 παράκλητον
1193 599 1208 652 δ
1225 597 1328 664 διδάξει

129 689 198 759 όμῖις
217 691 302 743 πάντα
320 689 337 742 ἃ
355 689 394 744 δεῖ
413 687 483 760 ὑμᾶς
501 689 598 744 εέδέναι
611 693 655 744 καὶ
668 689 842 759 ἀπειγγεῖλεειε
865 689 905 743 ότι
918 688 998 748 αὐτός
1010 689 1167 750 έκτελιῖτῆν
1181 687 1328 758 ὑπόσχεσιν

129 779 212 834 αὐτοῦ
227 783 291 852 πρός
304 781 384 848 ἡμᾶς.
398 783 442 834 καὶ
454 783 573 849 Σίμωνος
584 781 684 852 Πέτρου
697 783 781 833 ταῦτα
792 782 848 839 τοῖς
862 778 1071 838 συναποστόλοις
1083 777 1201 838 ιίπόντος
1214 781 1258 830 καὶ
1271 776 1329 831 δια-

129 874 298 941 σαρῆσαντος
318 869 423 930 αὐτοῖςτ
445 873 521 941 ρωνῆ
536 871 634 942 κρυρία
647 869 771 932 ἠκούσθη
785 867 932 928 αὐτοῖςκαὶ
945 866 1015 936 όσμὴ
1028 865 1120 929 ἡδεῖα,
1139 865 1199 932 ξένη
1213 861 1281 920 οὖσα
1290 871 1329 936 τῷ

127 961 234 1028 κόσμῳ.
258 959 414 1031 προσάπτων
433 955 523 1018 αὐτοῖς
542 959 585 1012 καί
604 960 728 1028 γλῶσσαι
746 960 829 1031 πυρός
844 955 943 1028 μεταξὺ
959 963 1007 1018 τῆς
1020 962 1109 1028 ρωνῆς
1122 960 1166 1010 καί
1183 961 1231 1018 τῆς
1244 955 1328 1032 όσμῇς
1360 964 1375 1002 ⁵

128 1047 279 1119 κατέβησαν
298 1048 326 1102 έκ
346 1051 394 1100 τοῦ
412 1046 526 1120 οὐρανοῦ
542 1048 583 1102 ἀπ’
599 1047 696 1108 αὐτοὺς
713 1051 758 1101 καῖ
777 1049 923 1101 κατέλυσαν
939 1047 979 1118 ἐφ’
992 1045 1038 1099 ἕνα
1051 1045 1159 1099 ἕκαστον
1178 1045 1266 1098 αὐτῶν
1283 1048 1329 1098 καί

128 1136 213 1199 οὕτως
229 1138 377 1206 ἡτοίμασε’
390 1140 438 1198 τῆν
451 1140 544 1209 ψυχὴν
558 1136 640 1190 αὐτοῦ
654 1138 815 1211 πορεύεσθαι
834 1137 871 1196 είς
890 1140 938 1198 τῆν
954 1138 1049 1208 χώραν
1067 1136 1094 1189 έν
1110 1131 1126 1206 ᾗ
1144 1135 1265 1188 έλαλεῖτο
1285 1138 1329 1188 καέ

128 1229 237 1290 η’κούετο
250 1227 268 1288 ἡ
281 1227 395 1295 γλῶσσα
408 1225 485 1288 αὕτη.
505 1230 549 1280 καί
568 1227 595 1280 ίν
616 1225 683 1298 αὐτῇ
702 1235 733 1299 τῇ
750 1226 838 1299 δωρεᾷ
850 1230 897 1279 τοῦ
910 1225 1061 1295 πνείεμιιτοςΙ
1068 1233 1100 1298 τῇ
1114 1225 1226 1295 δοθείσῃ
1239 1223 1331 1286 αὐτοῖς

129 1317 156 1370 έν
170 1325 202 1388 τῇ
216 1317 303 1387 ἡμέρᾳ
316 1305 399 1387 ταύτῇ
413 1315 513 1379 ἔθηκαν
533 1315 619 1382 τάξεις
638 1317 683 1369 καὶ
701 1318 798 1385 νόμους
816 1320 878 1376 τοὺς
892 1317 1059 1378 καθῆκοντας
1078 1318 1121 1368 καί
1137 1315 1281 1386 πρέποντας
1293 1317 1332 1382 τῷ

129 1406 275 1474 εὐαγγελίῳ
292 1407 385 1474 καὶτῷ
405 1403 434 1470 έξ
453 1404 541 1458 αὐτῶν
561 1407 707 1479 κηρύγματι
726 1406 770 1458 καί
788 1411 847 1468 ταῖς
865 1403 1050 1465 διδασκαλίαις
1068 1409 1126 1464 ταῖς
1145 1403 1263 1465 ἀληθέσι
1284 1405 1329 1456 καὶ
1351 1413 1376 1448 ¹⁰

129 1501 188 1555 ταῖς
210 1499 317 1554 πιστοῖς
338 1500 386 1555 τῆς
406 1493 522 1564 διδαχῆς
534 1493 631 1549 αὐτῶν.
966 1507 969 1514 ·

88 1592 109 1630 oe
121 1576 268 1646 Ἐθηκαν”
291 1579 337 1638 οὖν
360 1582 385 1635 οί
406 1581 551 1636 ἀπόστολοι
569 1589 672 1656 πρῶτον
694 1586 758 1657 πρός
776 1583 945 1644 άνατολῆν”
965 1583 1180 1655 προσεύχεσθαι,
1198 1580 1238 1634 ὅτι
1257 1579 1329 1644 ῶςὴ

128 1674 272 1746 ἀστραπὴ·
291 1674 308 1734 ἡ
322 1672 513 1745 ἀστράπτουσα
532 1672 583 1726 άπό
604 1673 741 1726 ἀνατολῶν
755 1675 798 1725 καί
812 1674 955 1742 μαινομένη
969 1671 1021 1733 έως
1034 1671 1143 1738 δυσμῶν
1157 1668 1241 1730 οὕτως
1254 1669 1330 1722 ἔσται

128 1764 145 1824 ἡ
159 1764 293 1835 παρουσία
305 1765 352 1814 τοῦ
367 1763 426 1815 υίοῦ
439 1765 486 1814 τοῦ
500 1763 662 1836 ἀνθρώπου·
683 1765 727 1814 καί
743 1762 769 1815 έν
785 1763 872 1831 τούτῳ
886 1761 997 1832 εἴδωμεν
1009 1765 1053 1815 καί
1067 1767 1168 1830 γνῶμεν
1182 1761 1330 1832 προσευχό-

128 1870 200 1918 μενοι
213 1851 254 1905 ὅτι
268 1851 319 1904 άπό
334 1851 472 1906 ἀνατολῶν
485 1854 605 1922 ραίνιται
618 1850 754 1922 έξαίρνης.
1350 1858 1376 1898 ¹⁵

58 1923 109 2012 [β]
130 1941 212 1994 Πάλιν
226 1939 326 2002 ἔθηκαν
340 1949 371 2013 τῇ
385 1949 496 2013 κυριακῇ
510 1939 575 1994 είναι
589 1941 755 2012 λειτουργίαν
776 1943 819 1994 καὶ
838 1940 988 2010 ἀνάγνωσιν
1001 1945 1053 1993 τῶν
1067 1939 1151 2010 άγίων
1164 1944 1273 2010 γραφῶν
1285 1942 1329 1991 καῖ

129 2031 296 2102 προσφοράν,
316 2029 355 2082 ὅτε
373 2037 405 2101 τῇ
424 2039 535 2102 κυριακῇ
554 2029 651 2091 ἀνέστη
669 2030 682 2082 6
701 2033 815 2100 χριστός
833 2029 862 2095 έξ
882 2029 950 2097 ᾅδου
967 2034 1010 2084 καί
1023 2037 1055 2102 τῇ
1069 2036 1181 2102 κυριακῇ
1195 2025 1277 2098 ἀνέβη
1290 2027 1330 2088 είς

127 2120 172 2170 τόν
191 2117 304 2190 οὐρανόν
322 2118 367 2171 καί
385 2124 417 2189 τῇ
437 2125 548 2190 κυριακῇ
567 2119 647 2172 πάλιν
667 2121 786 2189 μαίνεται
805 2120 843 2179 είς
861 2121 936 2182 τέλος
954 2122 1019 2189 μετά
1038 2125 1092 2173 τῶν
1108 2117 1194 2187 άγίων
1208 2118 1328 2187 ἀγγέλων

129 2224 222 2259 αυτου.

89 2323 108 2383 γ
128 2296 211 2349 Πάλιν
226 2293 325 2358 ἔθηκαν
339 2304 370 2369 τῇ
384 2297 487 2370 τετράδι
501 2295 568 2351 εἶναι
581 2298 755 2370 λειτουργίαν.
771 2299 811 2350 ὅτι
824 2296 891 2371 αὐτῇ
906 2299 1095 2371 έπερανερὼκεε
1110 2297 1200 2359 αὐτοῖς
1213 2299 1227 2350 ὁ
1241 2299 1331 2370 κύριος
1348 2307 1375 2345 θῦ

126 2386 201 2453 ἡμῶν
222 2387 280 2458 περί
298 2391 345 2447 τῆς
364 2391 474 2460 κρίσεως
494 2388 537 2441 καί
550 2393 597 2440 τοῦ
612 2391 770 2456 πειθῆματος
783 2389 827 2440 καὶ
840 2393 887 2450 τῆς
901 2389 1079 2460 σταυρώσεως
1092 2391 1135 2441 καί
1149 2389 1330 2440 τοῦ-θανάτου

127 2475 229 2538 καὶτῆς
243 2475 415 2538 ἀναστάσεως
428 2475 529 2529 αὐτοῦ’
542 2479 585 2530 καί
599 2476 645 2530 διά
657 2483 734 2532 τοῦτο
749 2477 775 2530 έν
789 2478 858 2539 λύπῃ
873 2478 990 2548 έγένοντο
1004 2478 1029 2530 οί
1041 2480 1173 2546 μαθηταί.

91 2557 110 2620 δ
128 2566 211 2618 Πάλιν
231 2565 331 2627 ἔθηκαν
346 2567 371 2618 οί
385 2565 528 2620 ἀπόστολοι
545 2553 635 2637 [ωδ]
650 2576 681 2640 τῇ
697 2575 866 2639 παρασκευῇ,
886 2565 945 2638 ὥρᾳ
958 2565 1052 2636 ένάτη,
1072 2563 1136 2619 εἶναι
1150 2567 1324 2637 λειτουργίαν,

127 2653 175 2716 ὅτι,
189 2654 250 2726 ὅπερ
264 2655 361 2727 έρρέθη
374 2663 405 2727 τῇ
418 2655 522 2728 τετράδι
535 2657 652 2726 περὶτοῦ
667 2660 825 2726 παθήματος
837 2661 885 2708 τοῦ
899 2661 1018 2729 σωτῆρος
1031 2655 1115 2723 ἡμῶν,
1129 2663 1160 2728 τῇ
1176 2662 1328 2727 παρασκευῇ

126 2743 263 2815 ἔπράχθη.
276 2745 429 2806 κινηθέντος
442 2749 490 2796 τοῦ
502 2746 602 2813 κόσμου
616 2748 660 2798 καὶ
674 2749 778 2800 πάντων
789 2751 842 2798 τῶν
852 2749 1001 2814 κτισμάτων
1013 2747 1056 2797 καί
1066 2745 1262 2798 σκοτεσθέντων
1275 2749 1328 2796 τῶν
1348 2755 1375 2792 κο

127 2833 154 2886 έν
167 2837 205 2903 τῷ
219 2833 323 2907 οὐρανῷ
337 2837 494 2906 ρωστῆρων.

95 2939 109 2979 ε
128 2922 210 2976 Πάλιν
224 2923 323 2985 ἔθηκαν
338 2923 363 2975 οἱ
377 2922 522 2976 ἀπόστολοι
540 2925 665 2993 γενέσθαι
683 2927 745 2985 τοὺς
759 2923 952 2996 πρεσβυτέρους
965 2923 1001 2983 ὥς
1014 2925 1075 2983 τοὺς
1089 2925 1167 2996 ἱερεῖς
1179 2926 1240 2984 τοὺς
1253 2922 1329 2982 υίοῖες

132 3012 238 3085 Ἀαρὼν
251 3017 295 3066 καί
308 3015 369 3072 τοὺς
383 3012 521 3074 διακόνους
534 3012 570 3073 ῶς
582 3015 645 3073 τοὺς
654 3012 760 3074 λευῖτας
773 3015 889 3074 καὶτοὺς
900 3011 1093 3074 ὑποδιακόνους
1107 3012 1145 3073 ῶς
1154 3014 1216 3072 τοὺς
1225 3011 1329 3083 βαστά-

127 3105 220 3164 ζοντας
229 3105 262 3154 τά
273 3102 353 3163 σκεύη
366 3107 412 3164 τῆς
425 3109 523 3164 σκηνῆς
536 3106 582 3154 τοῦ
597 3102 687 3175 ίεροῡ’
703 3107 750 3155 τοῦ
763 3105 855 3176 κυρίου
869 3103 914 3156 καί
926 3103 971 3155 τόν
985 3105 1082 3156 σκοπόν
1090 3105 1119 3132 ·“
1132 3105 1176 3156 τόν
1190 3103 1252 3155 ὄντα
1267 3102 1330 3170 ἡγε-

127 3193 194 3260 μόνα
211 3194 308 3251 παντός
320 3195 366 3243 τοῦ
380 3193 448 3244 λαοῦ
461 3189 499 3252 ὡς
517 3191 620 3263 Ἀαρὼν
637 3194 681 3244 τόν
695 3191 824 3264 ἀρχιερέα
836 3193 952 3262 κεραλὴν
971 3195 1015 3246 καὶ
1028 3193 1144 3262 ἡγεμόνα
1156 3192 1261 3245 πάντων
1275 3195 1328 3243 τῶν
1346 3203 1374 3240 νο

129 3279 219 3352 ἱερέων
232 3283 341 3332 καὶτῶν
354 3281 466 3334 λευίτῶν
480 3285 524 3335 καί
538 3282 625 3342 πάσης
638 3288 684 3344 τῆς
698 3282 874 3354 παρεμβολῆς.

87 3393 107 3441 ς
128 3371 210 3423 Πάλιν
224 3369 324 3430 ἔθηκαν
338 3369 363 3422 οί
375 3369 520 3423 ἀπόστολοι
534 3372 639 3424 ποιεῖν·
653 3373 700 3432 τὴν
711 3371 809 3443 ἡμέραν
822 3377 868 3433 τῆς
882 3372 1035 3442 όπιμανείας
1048 3375 1094 3424 τοῦ
1111 3375 1230 3442 σωτῆρος
1241 3369 1328 3437 ἡμῶν,

127 3459 223 3520 ἡέστεν
234 3457 307 3530 άρχὴ
318 3464 371 3511 τῶν
382 3459 479 3532 ίορτῶν
492 3464 538 3512 τοῦ
552 3460 673 3513 ένιαυτοῦ
687 3469 718 3533 τῇ
733 3459 792 3532 έκεη
804 3464 852 3513 τοῦ
867 3460 1064 3534 Ἰαννουαρίου”
1077 3459 1133 3513 κατ’
1145 3459 1261 3532 ἀριθμόν
1274 3463 1328 3510 τῶν

127 3553 218 3615 μηνῶν
232 3553 286 3600 τῶν
304 3545 452 3610 Ἑλλήνων.

91 3641 108 3712 ζ
129 3637 211 3692 Πάλιν
224 3635 324 3698 ἔθηκαν
339 3637 364 3690 οἱ
376 3637 520 3690 ἀπόστολοι
533 3643 730 3712 τεσσαράκοντα
743 3641 841 3713 ἡμέρας
861 3644 910 3713 πρό
926 3647 972 3703 τῆς
985 3641 1085 3712 ἡμέρας
1097 3642 1144 3692 τοῦ
1157 3639 1265 3698 πάθους
1277 3640 1326 3688 τοῦ
1346 3647 1374 3686 σε

129 3733 248 3798 σωτῆρος
266 3728 341 3796 ἡμῶν
360 3729 495 3790 νηστεύειν
514 3732 557 3780 καί
577 3723 640 3782 τότε’
653 3736 735 3783 ποιεῖν
753 3733 801 3792 τῆν
820 3731 919 3800 ἡμέραν
934 3735 981 3783 τοῦ
1002 3731 1107 3788 πάθους
1126 3726 1209 3780 αὐτοῦ
1223 3729 1266 3779 καὶ
1279 3729 1327 3787 τῆν

208 3890 242 3932 1·
258 3894 746 3946 sc.11ngunlgneaeluse⁸plt1fluidam.-
763 3897 788 3936 1²
798 3893 811 3920 ⁸
827 3899 903 3936 notum
918 3903 952 3936 σεε
967 3891 1068 3934 τίθεσθαι
1083 3894 1111 3934 de
1123 3893 1226 3942 μορειΙΙε,
1241 3886 1328 3929 τιδι’ναε

127 3964 155 4002 de
176 3964 343 4012 legislatoribus
362 3965 472 4005 adhiberi.
495 3967 524 4004 cr.
542 3965 643 4016 Χοοομέε.
660 3969 716 4016 reip.
732 3969 804 4007 laced.
822 3964 955 4018 Ιῖνίδηκιν
970 3963 1085 4006 αἰδεῖσθαι.
1102 3986 1128 3993 -
1148 3961 1176 3988 *ἲ
1192 3964 1324 4002 Tertullum.

126 4035 155 4073 ad
171 4037 253 4073 nation.
270 4037 281 4074 Ι
298 4037 334 4074 Ιίε
360 4041 404 4077 αέῖι·
421 4041 486 4076 solem
506 4041 652 4079 σόνιέειόιιειπε
671 4042 735 4076 deum
752 4043 882 4088 aestimant,
903 4041 962 4088 γιεοιέ
977 4041 1071 4078 innotuit
1085 4039 1117 4076 αιί
1135 4038 1226 4076 orientia
1239 4041 1326 4084 μαπέειν

122 4107 203 4155 suem
218 4119 256 4145 σοι
268 4113 435 4156 precationem:
452 4111 509 4149 idem
522 4111 610 4159 apolog.
624 4111 649 4150 16
664 4113 759 4148 ι’ποοειειέ
774 4121 812 4148 κσε
826 4113 858 4150 ad
871 4113 963 4150 σπέσεεεέε
977 4113 1084 4159 περίοπτοι
1097 4111 1204 4158 precari.-
1225 4107 1327 4145 clemens

127 4181 184 4218 ²¹0¹·
201 4189 222 4227 11·
240 4179 278 4216 ³⁰7
294 4180 318 4216 4¹
339 4177 390 4230 πρὸς
404 4179 443 4231 τὴν
458 4177 554 4233 ίεοδενὴν
570 4179 679 4233 ἀνατολὴν
692 4179 714 4220 αί
729 4177 805 4233 εοχαίι
826 4181 1026 4222 Pseudo-tustinus
1046 4191 1148 4229 τεεμοοε.
1164 4179 1191 4218 nd
1207 4177 1326 4218 οτιῖιοδοε.

129 4251 199 4298 11811.
211 4249 343 4298 εεόδιεμειι
359 4248 373 4302 ἡ
390 4247 485 4304 ἀνατολὴ
500 4247 532 4297 ιὐς
541 4249 672 4306 τιμιώτερον
688 4251 752 4307 μέρος
765 4253 804 4304 τῆς
819 4254 912 4297 κτίσεως
927 4253 957 4297 τίς
971 4249 1114 4308 προσκύνησιν
1129 4245 1183 4290 ow]
1193 4243 1325 4302 ἀφώρισται.

127 4320 231 4359 Onnum.
250 4320 272 4357 11
289 4322 342 4359 lvii:
364 4319 395 4361 ίπ·
413 4321 518 4368 ἀνατολάς
532 4322 705 4375 κατανοήσαντες
723 4354 728 4363 .
747 4354 751 4363 .
770 4353 774 4362 .
792 4354 796 4362 .
813 4323 1018 4378 προσευξάσθωσαν.
1042 4325 1087 4362 Vll
1104 4323 1150 4360 κῖΙν
1166 4315 1325 4372 προσευχέσθω

127 4389 181 4430 κατά
197 4388 302 4436 ἀνατολὰς
316 4394 405 4432 laudato
420 4396 469 4434 Ιοοο
485 4397 582 4446 Ρεεοῖῖρ,
600 4397 622 4435 11
640 4409 653 4434 v
670 4399 702 4436 12.
719 4418 743 4425 -
767 4392 817 4436 13¹
837 4397 913 4435 Matth.
931 4398 984 4436 xxiv
999 4397 1032 4434 21.
1050 4416 1074 4422 -
1095 4389 1148 4432 22*
1169 4391 1240 4438 syrus
1255 4387 1321 4430 αὑτοῦ

127 4467 179 4512 post
193 4463 293 4512 singulos
308 4468 423 4512 κομιεῖται
438 4467 535 4516 repetiit.
553 4487 578 4496 -
594 4465 643 4508 29*
659 4479 738 4507 nomon
752 4469 894 4508 ίαειεῖεσῖειειει
911 4469 977 4514 vulgo
988 4465 1027 4506 τοῦ
1037 4463 1165 4518 μαρτυρίου.
1181 4483 1207 4492 ·-
1228 4459 1254 4486 δ’
1270 4464 1325 4520 &pfl

127 4533 206 4577 σκοπάς
226 4535 318 4574 Didae.
337 4548 359 4586 p.
379 4538 410 4585 1³,
426 4537 445 4576 1.
467 4539 492 4577 10
508 4540 559 4577 0011.
584 4539 666 4580 Ιῖεοεῖε.
688 4539 758 4578 κκκίΙῖ
777 4541 797 4578 2.
819 4541 838 4578 6.
860 4559 885 4568 -·
914 4535 966 4578 ³2*
988 4537 1057 4577 ποιεῖν
1082 4533 1161 4588 έορτὴν
1186 4535 1242 4574 dun
1264 4535 1326 4572 ΡΙειο

128 4605 212 4644 Ρῖεεειῖ.
228 4607 252 4643 61
275 4605 375 4660 &Reum
392 4609 431 4648 ³21
448 4609 476 4646 Α.
491 4629 515 4638 -
535 4607 587 4649 33*
604 4623 624 4648 ε.
641 4621 711 4660 supra
725 4621 747 4658 p.
763 4612 797 4659 89,
815 4612 847 4649 16.
