2994 4972
294 418 353 478 124
1359 413 1403 462 ε1

288 581 582 661 συμμορφωθήναι
618 577 664 663 τῷ
693 576 832 663 θανάτῳ
869 579 930 640 τοῦ
960 579 1098 662 χριστοῦ
1135 577 1182 653 είς
1215 577 1405 642 υίοθεσίαν.

288 679 410 745 τοῦτον
439 669 502 744 οὖν
533 677 650 743 ἕνεκεν
678 676 824 754 ἅπαντες
851 679 887 744 οί
909 677 1020 742 πιστοί
1048 675 1105 744 διδ
1132 682 1194 742 τοῦ
1218 678 1407 744 ἐπισκόπου

288 779 384 865 ὑμῶν
412 780 450 845 ἐιι
473 784 541 845 τάν
562 777 785 864 ὑπαρχόντων
810 776 906 865 ὑμῶν
930 779 988 844 καλ
1009 781 1047 844 ἐκ
1070 783 1132 844 τοῦ
1153 779 1261 846 κόπου
1289 783 1407 845 διακο-

288 883 412 968 νήσατε
436 893 506 958 τοῖς
530 881 646 965 άγίοις.
681 883 713 948 εί
734 881 772 946 δὲ
796 879 859 946 οῦκ
888 883 954 965 ἔχει
977 903 1047 963 τις,
1075 881 1262 966 νηστεύσας
1288 880 1409 966 τὸτῆς

254 1007 271 1057 5
289 982 412 1070 ἡμέρας
432 981 489 1048 καί
508 987 664 1067 μερίσας,
687 982 786 1048 τοῦτο
809 983 976 1061 ἐκταξάτω
999 993 1068 1059 τοῖς
1089 980 1207 1067 ἁγίοις.
1249 986 1280 1048 εί
1300 984 1342 1050 δέ
1361 1007 1409 1059 τις

290 1087 329 1152 ἐν
357 1089 534 1171 περιουσίᾳ
552 1082 695 1168 ὑπάρχει
717 1092 747 1167 *,
767 1083 824 1150 καλ
846 1083 964 1150 πλεῖόν
984 1109 1016 1150 τι
1038 1083 1122 1151 κατὰ
1144 1083 1334 1168 ἀναλογίαν
1352 1089 1410 1168 τῆς

285 1186 466 1269 ,δυνάμεως
485 1185 589 1252 αὑτοῦ
607 1189 804 1252 διακονείτω
820 1183 944 1262 αὑτοῖς.
991 1190 1023 1252 εί
1041 1188 1079 1252 δέ
1097 1185 1154 1252 καὶ
1169 1179 1238 1263 οἷός
1257 1209 1295 1250 τε
1315 1185 1409 1251 ἐστὶν

289 1288 421 1355 άπαντα
447 1287 508 1354 τόν
541 1293 619 1374 βίον
648 1285 753 1354 αὑτοῦ
784 1285 994 1372 ἀποδόμενος
1023 1287 1193 1374 ῥύσασθαι
1218 1285 1345 1364 αὐτοῦς
1371 1287 1409 1352 ἐκ

289 1395 350 1456 τοῦ
368 1392 619 1476 δεσμωτηρίου,
650 1387 813 1473 μακάριος
842 1392 934 1455 ἐσται
962 1389 1019 1456 ιιαλ
1047 1393 1146 1474 φίλος
1171 1393 1233 1455 τοῦ
1256 1392 1408 1473 χριστοῦ.

243 1513 272 1563 10
290 1497 321 1558 εί
341 1491 405 1577 γάρ
426 1490 444 1558 6
465 1492 506 1559 τά
527 1490 721 1576 ὑπάρχοντα
742 1503 884 1575 πτωχοῖς
904 1489 986 1568 δοὺς
1003 1491 1128 1568 τέλειος
1141 1489 1223 1575 μετά
1246 1492 1311 1575 τήν
1331 1489 1409 1575 περὶ

289 1595 357 1661 τάν
382 1600 490 1660 θείων
517 1598 645 1679 γνῶσιν
653 1642 662 1676 ,
694 1596 809 1680 πολλῷ
834 1596 966 1676 μᾶλλον
999 1589 1017 1658 6
1043 1589 1129 1676 ὑπὲρ
1156 1591 1357 1678 μαρτύρων·
1393 1591 1411 1657 ὁ

288 1696 353 1782 γάρ
383 1701 553 1777 τοιοῦτος,
592 1691 683 1774 ἄξιος
707 1697 794 1760 θεοῦ
823 1691 984 1779 ὑπάρξας,
1018 1693 1188 1778 πληριόσει
1216 1693 1254 1759 τό
1274 1695 1409 1779 θέλημα

290 1798 405 1882 αὑτοῦ,
427 1797 615 1883 χορηγήσας
638 1797 791 1878 ἐκείνοις,
815 1797 935 1873 οἵτινες
957 1795 1061 1862 αὐτόν
1079 1793 1301 1881 ὑμολόγησαν
1322 1797 1410 1861 ἐνεό-

290 1923 369 1966 πιον
389 1900 504 1965 ἐθνῶν
526 1897 583 1964 καλ
602 1899 769 1983 βασιλέων
790 1899 877 1963 υίῦν
898 1922 934 1964 τε
953 1897 1100 1983 Ἰσραήλ,
1126 1897 1202 1982 περὶ
1224 1887 1274 1962 ὑν
1303 1894 1321 1961 6
1348 1897 1410 1962 κό-

240 2021 272 2071 15
291 2024 362 2084 ριος
383 1999 579 2085 ἀπεφήνατο
606 1995 784 2083 λέγωνὋς
811 1997 873 2064 ἐάν
900 1996 1089 2086 ὑμολογήση
1117 2001 1156 2066 ἐν
1180 1999 1254 2082 έμολ
1281 2001 1409 2082 ἔμπρο-

290 2108 376 2166 σθεν
393 2105 462 2166 τῶν
482 2099 687 2185 ἀνθρώπων,
711 2097 906 2186 ὁμολογήσω
929 2099 1020 2186 κάγιὺ
1045 2101 1084 2167 ἐν
1100 2099 1192 2188 αὐτῷ
1214 2104 1412 2186 ἔμπροσθεν

290 2207 351 2268 τοῦ
380 2203 504 2288 πατρός
538 2227 605 2286 μου
638 2206 699 2266 τοῦ
735 2203 773 2268 ἐν
803 2215 872 2280 τοῖς
898 2201 1067 2288 οὐρανοῖς.
1117 2201 1174 2267 καὶ
1204 2205 1235 2268 εί
1261 2207 1415 2268 τοιοῦτοί

290 2309 387 2388 εἰσιν,
411 2303 496 2371 ὥστε
519 2305 576 2370 καὶ
600 2301 695 2370 ὑπὸ*
706 2308 845 2388 χριστοῦ
872 2301 927 2370 ἐπὶ
949 2308 1010 2369 τοῦ
1032 2302 1158 2390 πατρὸς
1178 2301 1302 2382 αὐτοῦς
1323 2329 1411 2388 μαρ-

290 2414 482 2494 τυρεῖσθαι,
505 2404 598 2492 ὑμεῖς
620 2403 682 2472 οῦκ
703 2403 854 2490 ὀφείλετε
875 2406 1145 2490 έπαισχυνθήναι
1168 2404 1303 2472 ἀπιέναι
1326 2405 1412 2490 πρὸς

239 2529 273 2579 κθ
291 2505 413 2586 αὐτοῦς
443 2510 481 2574 ἐν
509 2521 580 2586 ταῖς
606 2511 787 2594 φυλακαῖς·
823 2511 921 2573 τοῦτο
954 2507 1019 2592 γάρ
1054 2507 1269 2594 ποιησάντων
1302 2505 1409 2591 ὑμῶν,

290 2608 477 2694 μαρτύριον
504 2607 584 2694 ὑμῖν
614 2609 870 2694 λογισθήσεται·
902 2609 951 2673 ὅτι
981 2610 1124 2687 ἐκείνοις
1154 2611 1218 2694 μὲν
1242 2622 1344 2692 πεῖρα
1373 2609 1411 2674 τὸ

290 2711 477 2797 μαρτύριον
498 2709 658 2796 ὑπῆρξεν,
681 2707 761 2797 ὑμῖν
786 2711 823 2777 δὲ
845 2711 925 2787 τέως
947 2716 1139 2796 προθυμία,
1166 2708 1211 2788 τός
1232 2725 1412 2788 κοινωνοῖς

266 2804 349 2897 ’τῆς
369 2809 546 2898 ἀθλήσεως
565 2811 687 2879 αὑτοῖν.
733 2818 820 2898 λέγει
843 2813 908 2896 γάρ
932 2835 1000 2878 που
1022 2809 1040 2880 6
1060 2812 1176 2900 κύριος
1199 2812 1314 2897 *πρὸς
1333 2812 1411 2892 τοῦς

290 2914 463 2992 τοιούτους
489 2915 632 2999 φάσκων
659 2919 767 2982 Δεῦτε
792 2917 829 2980 οἱ
852 2899 1071 3000 εὐλογημένοι
1101 2919 1161 2980 τοῦ
1184 2915 1310 3000 πατρός
1329 2939 1409 3000 μου,

239 3038 273 3089 25
291 3017 563 3104 κληρονομήσατε
587 3015 649 3103 τήν
675 3013 923 3103 ἡτοιμασμένην
954 3013 1035 3100 ὑμῖν
1055 3020 1231 3102 βασιλείαν
1256 3016 1325 3082 ἀπό
1348 3041 1410 3082 κα-

290 3119 433 3206 ταβολῆς
461 3119 603 3204 κόσμου·
638 3119 798 3186 ἐπείνασα
832 3117 897 3205 γάρ
926 3119 982 3184 καλ
1016 3117 1165 3184 ἐδάκατέ
1189 3141 1246 3202 μοι
1272 3131 1409 3204 φαγεῖν,
1490 3171 1491 3176 ,

292 3221 435 3307 ἐδίψησα
456 3223 512 3287 καί
533 3222 710 3288 ἐποτίσατέ
725 3244 785 3304 με,
815 3221 908 3300 ξένος
928 3219 1018 3306 ήμην
1045 3218 1102 3284 καλ
1127 3221 1337 3305 συνηγάγετέ
1357 3245 1411 3304 με,

290 3321 418 3408 γυμνὸς
441 3323 497 3389 καί
519 3325 734 3408 περιεβάλετέ
751 3346 803 3407 με,
826 3320 975 3406 ἀσθενής
996 3321 1085 3407 ήμην
1104 3320 1160 3388 καί
1177 3323 1414 3400 ἐπεσκέψασθέ
1490 3391 1491 3412 Ι

360 3513 449 3564 ιοιιι
459 3514 484 3576 3,
499 3514 529 3564 ιο
545 3517 549 3572 ι
564 3513 711 3578 amem
726 3510 731 3581 Ι
749 3513 780 3565 15
792 3513 881 3566 ιιιιιι
896 3513 935 3576 ιο,
946 3513 978 3564 32
994 3511 999 3578 ι
1013 3515 1046 3562 ει
1059 3513 1149 3564 ιιιιιιι
1161 3513 1204 3578 τε,
1217 3513 1368 3581 ει-ιοψ
1379 3513 1412 3564 ιι
1490 3497 1491 3590 Ι

292 3699 305 3749 1
325 3699 571 3766 ουμμορφοθήναι
588 3717 621 3750 ιτ
637 3697 641 3766 Ι
659 3700 670 3750 1
691 3695 732 3760 είς
749 3699 783 3764 >
801 3705 812 3750 t
827 3699 832 3767 Ι
847 3701 863 3752 δ
881 3692 971 3759 ὁσίοις
988 3717 1012 3750 w
1027 3702 1032 3764 Ι
1047 3701 1064 3752 5
1081 3717 1124 3760 τιςΙ
1140 3699 1175 3763 >
1192 3717 1216 3748 w
1231 3699 1235 3761 Ι
1251 3699 1268 3749 6
1285 3715 1329 3758 τις
1341 3699 1376 3766 -Ι-
1388 3717 1411 3750 w

293 3781 296 3848 Ι
317 3784 332 3832 7
352 3774 451 3842 αὑτοῖς
468 3789 531 3848 th,
551 3776 627 3835 αῦτῦ
643 3801 676 3850 yz
693 3785 729 3844 18
747 3777 836 3838 αὑτοῦ
854 3803 909 3848 wx,
931 3775 1037 3836 ἕαυτοῦ
1054 3791 1101 3850 γτλ
1119 3785 1124 3847 Ι
1148 3784 1178 3834 10
1194 3775 1229 3834 τά
1250 3789 1338 3848 wxyt,
1359 3786 1411 3836 τοῦ

290 3885 304 3919 ι
321 3867 325 3934 Ι
343 3869 374 3918 10
390 3861 461 3934 μετά
527 3869 556 3920 11
577 3869 681 3934 γνῦοιν
699 3875 762 3933 ιιιιι,
782 3863 856 3920 κατά
877 3863 929 3937 τήν
952 3869 1004 3921 τοῦ
1021 3869 1124 3932 κυρίου
1143 3861 1277 3930 διάταξιν
1295 3885 1330 3933 γι
1351 3867 1357 3936 Ι
1379 3869 1410 3920 13

292 3945 459 4020 χορηγήσας
477 3969 501 4002 w
516 3951 521 4018 Ι
536 3953 568 4004 13
587 3945 769 4021 όμολόγηιιακ
786 3955 836 4004 wX
856 3954 860 4017 Ι
884 3953 913 4004 15
932 3947 984 4006 ἐὰν
1002 3971 1056 4017 wx,
1076 3942 1114 4004 ἀν
1131 3954 1198 4018 yut!
1221 3954 1252 4003 15
1270 3945 1410 4020 ὁμολογή-

292 4051 333 4092 σει
346 4057 369 4089 w
385 4038 389 4104 Ι
407 4039 437 4090 17
455 4035 507 4088 τοῦ
525 4038 639 4089 alterum
706 4029 841 4104 οόρανοίς
858 4039 893 4103 >
909 4047 956 4103 γτι
971 4044 974 4102 Ι
995 4039 1024 4088 18
1041 4029 1079 4097 ὑς
1096 4037 1163 4102 γτιΙ
1181 4037 1213 4087 18
1230 4036 1282 4088 τοῦ
1298 4036 1333 4101 Ι-
1351 4053 1385 4102 yn
1405 4037 1409 4104 Ι

290 4127 322 4176 21
343 4117 449 4176 ἐκείνοι
467 4123 502 4172 W
522 4120 526 4191 Ι
546 4123 579 4172 22
597 4119 706 4190 ὑπῆρξε
725 4141 748 4175 w
773 4123 776 4190 Ι
801 4127 834 4175 ‘22
852 4119 920 4181 τέως
940 4141 1029 4190 wxyz,
1051 4115 1152 4188 ἑτέρως
1169 4127 1181 4172 1
1200 4121 1204 4184 Ι
1224 4125 1257 4172 ‘22
1275 4120 1412 4174 κοινωνοὶ

291 4209 394 4276 w123
411 4202 555 4267 α’θλίσεως
572 4207 656 4274 x123
674 4204 749 4275 λέγει
767 4205 821 4276 γάρ
840 4225 897 4260 που
915 4216 981 4272 th,
1006 4200 1120 4267 πάντας
1138 4201 1171 4260 δὲ
1188 4224 1222 4272 γε
1238 4205 1243 4274 Ι
1259 4207 1291 4259 2³
1309 4205 1361 4258 καλ
1379 4207 1412 4274 -Ι-

291 4311 324 4360 γι
341 4297 393 4358 Ι24
411 4289 530 4360 φάσκων
549 4299 616 4359 th,
641 4286 703 4358 ἐρεῖ
718 4311 751 4359 γι
768 4292 771 4359 Ι
787 4296 819 4344 27
839 4287 1034 4359 συνηγάγεταί
1050 4311 1073 4342 w
1092 4291 1151 4357 1'28
1169 4292 1206 4342 fin
1223 4293 1309 4356 με)
1325 4309 1342 4342 x
1359 4293 1363 4356 Ι
1379 4291 1413 4342 28

291 4371 369 4445 ἥμιν
380 4378 414 4442 >
430 4395 464 4445 ιι
