3160 4976
105 325 152 394 5⁶2

41 513 83 585 ξα
102 500 257 584 Θεράπιος
273 505 334 564 ἀπό
352 502 549 584 Βσνλλισμίου
566 502 662 566 εἶπεν·
697 501 734 564 ’0
751 513 814 574 τοῖς
832 504 1042 586 αἱρετικοῖςτό
1059 497 1223 582 βάπτισμα
1240 511 1298 570 τῆς

99 607 256 680 ἐκκλησίας
275 623 477 695 παραχωρῶν
495 618 544 675 καί
562 610 724 697 προδιδούς
746 619 774 674 τί
799 609 871 672 άλλο
893 615 913 680 ἢ
936 620 992 681 τῆς
1019 614 1141 695 νύμφης
1166 619 1296 693 χριστοῦ

103 715 249 786 Ἰούδας*
266 725 399 801 γίνεται;

39 818 81 906 ξβ
99 826 228 895 Λούκιος
245 829 306 888 ἀπὸ
323 825 503 911 Μεβερέσης
531 826 627 891 εἶπεν·
658 827 852 910 Γέγραπται·
884 825 1000 896 όθεός
1024 823 1217 908 ἁμαρτωλῶν
1241 827 1294 886 οὐκ

98 936 214 996 ἀκούει·
240 936 256 996 ό
273 937 437 1018 αἰρετικός,
456 937 497 997 ὢν
515 933 711 1018 ἁμαρτωλός.
728 945 798 1006 πῶς
813 937 956 996 ἀκούεται
972 935 1003 993 έν
1020 940 1064 1012 τῷ
1081 929 1259 1014 βαπτίζειν;
1330 951 1343 987 ο

39 1054 79 1126 fr
98 1038 308 1116 ἈλλοςΦίλιξ
323 1045 383 1104 ἀπό
394 1042 619 1126 Ούαγλακηνής
635 1043 732 1104 εἶπεν·
754 1041 805 1102 Ἐν
816 1048 860 1120 τῷ
878 1039 1111 1125 προσδέχεσθαι
1124 1045 1195 1108 τοὺς
1211 1041 1295 1121 αἱρε-

94 1155 195 1220 τικούς
212 1152 284 1212 ἄνευ
296 1159 349 1210 τοῦ
367 1162 422 1222 τῆς
439 1149 597 1222 ἐκκλησίας
607 1149 825 1232 βαπτίσματος
834 1148 942 1230 μηδείς
957 1153 1011 1217 τὴν
1029 1147 1197 1219 συνήθειαν
1213 1148 1292 1208 τοῦ*

95 1255 186 1339 λόγου
203 1263 251 1318 καί
269 1268 325 1328 τῆς
341 1257 497 1330 ἀληθείας
514 1265 708 1342 πρυκρινέτω,
726 1263 769 1320 ο”τι
788 1260 834 1320 ἀεὶ
851 1262 904 1326 τὴν
920 1255 1089 1328 συνήθειαν
1103 1257 1118 1318 ό
1134 1255 1225 1339 λόγος
1241 1263 1292 1316 καί

94 1367 134 1442 [ἡ]
153 1363 291 1434 ἀλήθεια
307 1370 440 1450 ἐκκρίνει.

39 1465 78 1555 ξδ
95 1469 210 1544 Ἀλλος,
227 1474 440 1557 Σατουρνῆλος
463 1477 523 1538 ἀπό
547 1473 715 1544 Πλουτίνης
739 1471 836 1535 εἶπεν·
867 1472 904 1534 Εἰ
934 1472 1062 1536 δύναται
1096 1474 1291 1555 ἀντίχριστος
1312 1491 1341 1527 ιο

95 1577 201 1643 δοῦναί
217 1603 272 1642 τινι
289 1588 342 1653 τὴν
359 1587 452 1666 χάριν
469 1587 522 1651 τήν
540 1593 593 1644 τοῦ
609 1591 749 1666 χριστοῦ,
768 1579 913 1644 δύνανται
935 1588 985 1644 καί
1011 1583 1153 1665 αἱρετικοί
1175 1576 1291 1661 βαπτί-

94 1690 154 1762 ζειν
173 1691 199 1750 οί
216 1690 445 1770 ὀνομασθέντες
462 1693 661 1774 ἀντίχριστοι.

39 1807 71 1877 ξε
92 1797 237 1867 Κούϊντος
253 1799 314 1859 ἀπό
335 1795 462 1880 Ὀγβᾰς
478 1797 570 1860 εἶπεν·
592 1797 723 1868 Ἐκεῖνος
740 1796 869 1864 δύναταί
885 1818 911 1857 τι
926 1795 1032 1858 δοῦναι
1050 1797 1066 1858 ό
1082 1803 1132 1858 καί
1149 1797 1288 1878 ἔχωντι.

93 1908 236 1988 αἰρετικοί
254 1903 286 1967 δέ
303 1915 371 1976 πῶς
388 1904 534 1967 δύνανται
552 1903 659 1968 δοῦναι
677 1907 703 1966 οἱ
719 1904 814 1987 μηδὲν
832 1906 975 1989 ἔχοντσςς

39 2022 74 2092 ξς
92 2012 257 2082 Ἰουλιανός
274 2015 334 2074 ἀπό
351 2011 584 2096 Μαρκελλιανῆς
597 2013 690 2076 εἶπεν·
705 2011 742 2074 Et
756 2011 884 2074 δύναται
902 2013 1074 2096 ἅνθρωπος
1091 2011 1159 2074 δυσί
1175 2016 1289 2095 κυρίοις
1310 2025 1340 2064 ιο

92 2117 252 2196 δουλεύειν,
267 2119 336 2197 θεῷ
348 2128 398 2183 καί
410 2130 564 2202 μαμωνᾷι
582 2117 711 2182 δύναται
727 2128 777 2182 καί
789 2124 823 2181 τό
840 2117 1006 2202 βάπτισμα
1020 2119 1104 2183 δυσίν
1116 2123 1287 2202 ὑπηρετεῖν.

39 2219 79 2310 ,ἐξ
92 2224 193 2302 Τέναξ
207 2229 267 2288 ἀπό
288 2227 399 2310 Ὀρίων
418 2226 547 2290 Κελλίων
565 2228 663 2291 εἶπεν·
680 2229 848 2309 Βάπτισμα
864 2229 893 2289 ἕν
911 2231 1001 2306 ἐστιν,
1020 2227 1099 2291 ἀλλὰ
1113 2238 1169 2298 τῆς
1185 2223 1288 2295 ἐκκλη-

92 2343 173 2412 σίας,
190 2335 228 2406 ἧς
243 2343 293 2396 καί
310 2343 343 2396 τό
361 2333 525 2417 βάπτισμα
542 2336 687 2407 ἀληθῶς.

39 2453 69 2524 ξγ
90 2441 204 2513 Ἀλλος
218 2445 352 2524 Ούῖκτυιρ
371 2447 432 2508 ἀπὸ
448 2445 624 2528 Ἀσσούρας
640 2444 737 2507 εἶπεν·
761 2445 951 2527 Γέγραπται·
974 2445 990 2506 ό
1015 2443 1095 2514 θεός
1106 2441 1149 2514 εἷς
1161 2445 1223 2504 ἐστι
1238 2449 1287 2504 καί

89 2555 218 2634 χριστός
234 2550 278 2622 εἱς
294 2561 343 2614 καί
361 2550 501 2623 ἐκκλησία
518 2561 574 2634 μία
597 2560 647 2614 καί
675 2554 704 2614 ἐν
722 2549 898 2634 βάπτισμα.
922 2561 989 2620 πῶς
1013 2551 1064 2612 σόν
1088 2550 1217 2613 δύναταί
1240 2568 1287 2619 τις
1306 2565 1335 2602 ²⁰

91 2656 308 2739 βαπτισθῆναι
322 2663 390 2734 ἐκεῖ,
409 2664 484 2722 ὅπου
502 2663 569 2722 οὔτε
584 2661 661 2731 θεὸς
678 2663 745 2720 οὔτε
762 2663 889 2743 χριστός
905 2661 973 2721 οὔτε
990 2657 1130 2729 ἐκκλησία
1146 2659 1241 2726 ἐστινς

39 2755 71 2844 Ιτιλ
91 2766 295 2838 Δωνατοῡλος
312 2771 373 2830 ἀπό
390 2767 529 2850 Κάμψης
545 2763 677 2853 εἶπε[ν]·
703 2767 764 2829 Καί
775 2769 990 2848 άιίτοῡτοέγὼ
1008 2769 1178 2856 ἐφρόνησα,
1196 2769 1245 2826 ἵνα
1263 2765 1290 2826 οἱ

90 2877 232 2958 αἱρετικοί
248 2875 343 2958 μηδὲν
361 2874 419 2952 ἐξω
436 2874 542 2957 λαβεῖν
560 2876 735 2958 δυνάμενοι,
753 2879 825 2937 όταν
842 2880 920 2958 πρός
928 2882 981 2946 τὴν
991 2875 1148 2946 όκκλησίαν
1158 2873 1286 2952 ἔλθωσι,

90 2980 324 3065 βαπτισθῶσιν.

52 3107 70 3145 0
91 3093 272 3177 θύηροῡλσς.
284 3097 344 3157 ἀπό
363 3091 570 3157 Ῥουσσικάδα
591 3093 686 3158 εἶπεν·
713 3094 905 3177 Ἀνθρωπος
921 3096 1070 3179 αἰρετικός
1092 3095 1139 3172 [εἰ]
1159 3093 1287 3155 δύναται
1306 3101 1335 3140 ²⁵

90 3201 195 3264 δοῦναι
213 3201 230 3261 ό
245 3207 287 3282 μὴ
305 3203 379 3284 ἔχει,
396 3200 520 3280 πολλῷ’
537 3202 652 3284 μᾶλλον
670 3206 872 3285 σχισματικός
888 3207 959 3286 ὅπερ
977 3201 1057 3285 εἶχεν
1076 3200 1241 3264 ἀπώλεσα.

39 3319 70 3360 ’a
88 3307 308 3378 Πουιλεντιανός
337 3308 397 3370 ἀπὸ
423 3309 608 3372 Κσυίνκούλιι
631 3309 721 3373 εἶπεν·
749 3311 834 3374 Ἐπεὶ
857 3315 900 3392 μὴ
926 3311 1023 3374 πάλαι
1048 3315 1101 3380 τὴν
1124 3312 1287 3380 έπισκσπήν

88 3413 213 3498 έλαβον,
242 3412 453 3502 περιέμε[ι]να
480 3423 534 3487 τὴν
562 3429 623 3480 τῶν
651 3423 708 3502 πρό
737 3419 812 3499 ἐμοῦ
840 3425 945 3502 κρίσιν.
975 3426 1018 3495 τῷ
1046 3423 1108 3502 γὰρ
1138 3419 1198 3480 ὄντι
1227 3423 1287 3489 τάς

90 3529 221 3609 αἱρέσεις
253 3527 320 3586 οὔτε
352 3527 432 3607 ἔχειν
461 3527 510 3602 [τι]
540 3528 608 3588 οὔτε
636 3529 750 3612 ίσχύειν
779 3525 867 3596 δῆλόν
896 3527 987 3587 ἐστιν.
1015 3531 1066 3586 καί
1095 3523 1146 3587 διὰ
1174 3535 1285 3602 τοῦτο,
1378 3541 1384 3550 “

90 3634 143 3696 ἐάν
166 3654 212 3704 τις
234 3636 295 3696 ἀπό
317 3636 466 3717 αἱρέσεως
486 3632 576 3714 έλθη,
600 3631 819 3715 βαπτισθῆναι
842 3637 934 3696 αὐτόν
957 3635 1065 3718 ὀρθῶς
1089 3641 1139 3695 καί
1162 3631 1288 3705 δικαίως
1307 3637 1335 3676 ³⁰

89 3747 233 3826 κέκριται.

171 3931 330 3990 ιΒουλισμίου
349 3937 375 3977 Ρ.
390 3957 417 3968 -
438 3939 450 3978 Ρ
472 3949 550 3992 παραγ.
566 3939 601 3978 καί
616 3949 642 3978 ,ν
658 3940 681 3978 Ρ.
698 3959 725 3968 -
743 3953 762 3978 ν.
778 3937 817 3979 τοῦ
835 3935 929 3994 Χριστοῦ
952 3940 975 3980 Ρ.
994 3959 1019 3968 -
1038 3938 1051 3978 ό
1067 3933 1197 3992 *προδότης
1217 3937 1243 3976 Ρ.
1261 3957 1287 3966 -

89 4011 102 4048 4
117 4005 245 4063 Μιμιρύσητ
259 4010 284 4057 Ρ,
307 4010 345 4048 sed
364 4010 437 4058 8=M·
453 4030 480 4039 -
499 4007 553 4052 ιῐπι.
570 4005 618 4064 Γίγ.
636 4007 668 4051 ότι
684 4008 695 4052 ό
711 4013 735 4050 Ρ.
757 4032 783 4042 -
802 4012 900 4052 ίοίιιυιι.
916 4013 939 4052 ίι
953 4013 988 4052 τι.
1012 4030 1038 4041 -·
1059 4011 1071 4051 ί
1087 4007 1098 4050 ό
1113 4006 1137 4050 δέ
1157 4008 1200 4065 alp.
1218 4011 1243 4050 Ρ.
1261 4030 1287 4039 -—

89 4084 102 4122 ό
117 4077 187 4134 Φίληξ
196 4083 221 4120 Ρ.
233 4102 260 4111 -
275 4084 285 4122 ί
297 4081 308 4108 ⁴⁵
325 4079 363 4120 τοῦ
372 4093 397 4121 ιν
407 4083 431 4121 Ρ.
448 4103 474 4111 -
488 4085 508 4123 8.
525 4085 537 4122 9
553 4079 634 4124 ότι-οἷοι
652 4095 678 4124 ιν
688 4085 715 4122 Ρ.
731 4103 758 4112 -
774 4085 799 4122 10
813 4077 943 4138 Σατορνῑλος
959 4085 983 4133 Ρ,
1000 4079 1129 4136 Σατορνῖνος
1143 4093 1165 4132 g.
1178 4103 1204 4113 —
1220 4077 1289 4124 Πλυυ·

89 4153 165 4206 τίμνης
180 4154 205 4202 Ρ,
221 4155 261 4193 κοιλ
277 4153 348 4202 ςτ-Μ.
366 4175 391 4182 -
412 4156 434 4194 11
451 4165 493 4193 τινι
507 4161 529 4194 et
543 4154 583 4208 τὴν
598 4158 694 4196 alterum
708 4167 733 4194 ιν
748 4156 772 4196 Ρ.
789 4176 816 4185 -
836 4155 872 4195 καὶ
887 4153 908 4196 οί
924 4154 966 4209 alp.
983 4156 1008 4194 Ρ.
1024 4175 1051 4184 -
1071 4155 1097 4194 1³
1113 4151 1204 4199 Κοίντος
1219 4157 1244 4194 Ρ.
1263 4177 1289 4186 -

89 4223 174 4280 θύγβᾶς
184 4226 208 4264 Ρ.
220 4225 302 4272 Quinto
313 4225 433 4274 adscripsit
444 4226 460 4264 Ρ
470 4227 569 4267 Victoris
581 4230 650 4268 verba
661 4239 709 4266 εσυ,
722 4227 758 4280 ξηι
777 4227 788 4268 ό
800 4225 937 4272 όιόςσιόστιν.
950 4228 991 4266 hoe
1002 4229 1051 4266 loeo
1062 4223 1253 4281 Ἐιψέχυντιςιν
1261 4229 1287 4266 Ρ.

89 4318 116 4327 -
130 4309 150 4337 τι
161 4295 172 4338 ό
182 4295 218 4336 καὶ
233 4293 291 4350 ἔχων
306 4307 325 4336 τι
340 4293 414 4338 όούνιιι
428 4297 591 4339 Μ.-1ίιῖπι
608 4300 633 4339 Ρ.
650 4320 676 4329 -
691 4301 716 4340 18
732 4299 767 4339 καί
777 4301 837 4339 NP.
849 4320 875 4329 -
890 4295 973 4352 ἀληθές
987 4300 1012 4339 Ρ.
1024 4319 1050 4328 -
1065 4300 1091 4338 1⁹
1107 4297 1206 4352 Λσούριις
1220 4296 1287 4338 εἶπεν.

90 4367 179 4421 ὓμυίως
189 4370 214 4407 Ρ.
231 4381 251 4407 v.
263 4368 371 4418 ουρτσξι.
383 4372 536 4412 -19.νίοκτί
550 4384 584 4426 χρ.
600 4372 631 4416 τίς
641 4385 667 4412 τυ
677 4373 701 4411 Ρ.
713 4391 740 4401 -
750 4373 776 4412 λθ
791 4371 827 4412 καί
837 4369 883 4416 πῶς
893 4369 938 4412 όύν.
951 4373 974 4410 Ρ.
986 4392 1013 4401 -
1023 4373 1048 4412 21
1059 4369 1113 4410 ἐστί.
1125 4371 1150 4410 Ρ.
1163 4391 1187 4400 -
1198 4372 1224 4410 22
1235 4367 1288 4412 Δου-

90 4440 194 4486 υιιτοῦλυς
208 4441 233 4478 Ρ.
249 4461 276 4470 -·
291 4437 350 4480 ιῖτιιν
365 4443 389 4480 Ρ.
401 4463 428 4471 -
444 4439 485 4482 Καί
494 4454 520 4482 Ν
530 4445 554 4484 Ρ.
571 4465 597 4474 -
611 4446 637 4486 25
653 4441 780 4498 (λύήρουλος
790 4446 814 4484 Ρ.
831 4465 857 4474 -
872 4439 1017 4488 Ροοαιυιόόος
1032 4444 1056 4482 Ρ.
1072 4462 1100 4471 -
1115 4441 1153 4494 [τί]
1163 4454 1189 4482 ιν
1198 4443 1246 4482 ΜΡ.
1262 4462 1290 4471 -

90 4515 116 4553 26
132 4509 171 4564 ἐχη
187 4509 213 4551 Μ.
226 4531 251 4540 -
268 4509 343 4552 *πυλυ
360 4514 383 4550 Ρ.
400 4535 426 4542 -
441 4510 548 4560 άπολὲσιις
562 4517 587 4554 P.
604 4537 629 4544 -
644 4517 669 4555 2?
687 4513 820 4576 Κουιντολης
835 4517 859 4556 Ρ.
876 4535 902 4544 -
916 4513 1026 4558 'Eunt-*29
1040 4513 1105 4555 τοῦτο
1119 4526 1144 4554 ιν
1159 4515 1183 4552 Ρ.
