3120 4980
1342 285 1435 372 xrx'

235 493 388 580 flagitium
411 505 468 558 est.
509 494 784 560 verumenimvero
812 492 950 580 primum
974 513 1025 556 me
1048 513 1112 556 non
1135 490 1250 557 decere
1272 491 1417 556 intellexi

237 615 269 666 ut
292 603 472 668 versionem
495 624 599 667 meam
622 601 849 668 commentario
872 623 936 664 uon
957 601 1144 664 instructam
1167 600 1255 665 exire
1278 611 1414 688 paterer.

235 712 382 776 iuvenem
406 712 490 776 enirn
514 713 651 799 probare
673 721 798 798 oportet
819 731 901 797 quae
923 707 1010 772 credi
1032 708 1123 790 velit;
1154 709 1416 804 commentarium

236 831 356 898 autem,
382 820 521 906 ingentis
538 819 631 884 molis
646 807 781 900 librum,
804 819 944 904 negabat
960 839 994 882 se
1010 816 1108 883 edere
1124 839 1217 906 posse
1235 817 1416 904 bibliopola.

237 927 353 994 deinde
370 929 429 993 nisi
447 927 531 994 edito
549 927 697 1014 exemplo
710 927 900 1014 aegyptiaco
917 937 1053 1013 utroque
1066 925 1218 1015 (Tattami
1235 926 1319 990 enim
1335 926 1419 990 liber

236 1059 339 1124 paene
356 1037 490 1126 inutilis)
519 1037 675 1123 editisque
698 1037 791 1100 etiam
815 1035 1013 1101 versionibus
1037 1035 1165 1101 arabica
1187 1047 1219 1101 et
1241 1034 1420 1122 aethiopica

238 1167 306 1210 rem
322 1145 432 1234 perfici
450 1169 513 1210 non
530 1168 624 1236 posse
641 1155 781 1226 constat,
807 1167 903 1230 quum
920 1143 1021 1209 oratic
1037 1143 1161 1230 coptica
1175 1143 1221 1208 ita
1236 1155 1420 1232 comparata

237 1255 294 1336 sit,
323 1265 358 1318 ut
380 1254 541 1319 interdum
557 1278 618 1319 una
636 1253 762 1320 literula
776 1263 899 1318 mutata
914 1275 1024 1317 sensus
1041 1252 1122 1316 alius
1144 1252 1199 1316 fiat
1220 1265 1252 1318 et
1267 1274 1285 1316 e
1300 1253 1418 1317 versio-

240 1363 330 1426 nibus
356 1363 417 1427 illis
442 1363 654 1428 demonstrari
682 1373 714 1427 et
741 1361 856 1426 debeat
883 1373 915 1425 et
942 1359 1042 1448 possit
1070 1361 1147 1450 quid
1175 1362 1207 1427 in
1235 1361 1419 1450 archetypis

240 1472 358 1536 lectum
374 1472 423 1536 sit.

329 1580 391 1645 iarn
424 1581 449 1646 si
481 1580 521 1644 ad
556 1581 816 1644 constitutionum
849 1577 1093 1666 apostolicarum
1125 1578 1242 1642 librum
1274 1589 1421 1642 octavum

239 1689 445 1777 respicimus,
475 1688 652 1754 octateuchi
682 1687 811 1752 alterius
835 1685 1020 1750 clementini
1046 1685 1226 1750 versionem
1251 1685 1421 1752 thebanam

240 1797 314 1862 inde
333 1823 351 1862 a
369 1819 492 1862 canone
509 1823 561 1881 pr,
587 1797 767 1861 versionem
784 1795 925 1859 eiusdem
941 1794 1151 1882 aethiopicam
1174 1793 1206 1882 (e
1228 1793 1338 1858 codice
1353 1794 1421 1859 the·

239 1909 323 1972 bano
339 1909 468 1994 iactam)
493 1907 631 1996 acepite
655 1907 697 1971 48
720 1905 761 1970 ad
777 1916 873 1994 caput
889 1905 928 1970 71
948 1903 1027 1968 nihil
1044 1903 1206 1968 continere
1227 1903 1313 1994 aliud
1335 1901 1422 1968 vide-

239 2039 309 2080 mus
337 2039 431 2103 quam
463 2017 578 2082 librum
607 2014 863 2080 constitutionum
895 2011 1138 2099 apostolicarum
1170 2021 1333 2092 octavum,
1365 2009 1424 2075 sed

240 2126 362 2190 omissis
385 2125 539 2212 liturgicis
557 2125 718 2214 plerisque
740 2122 935 2188 breviorem:
966 2119 1108 2185 eiusdem
1124 2131 1229 2184 autem
1246 2119 1424 2184 octateuchi

240 2231 409 2298 editionem
428 2232 587 2319 syriacam
603 2243 636 2295 et
651 2230 888 2318 memphiticam
905 2228 995 2294 libris
1016 2228 1180 2294 IV—-VII
1201 2229 1252 2292 vel
1274 2227 1424 2294 HI--VI

241 2341 378 2406 eundem
403 2341 588 2430 complecti,
620 2339 743 2405 omissis
771 2337 891 2402 eisdem
914 2338 1020 2402 verbis
1044 2349 1075 2402 et
1098 2338 1270 2424 capitibus,
1298 2337 1353 2402 sed
1379 2338 1425 2402 eis

242 2471 323 2538 quae
352 2451 454 2539 capite
482 2450 524 2514 32
551 2459 655 2512 1-10
681 2449 833 2534 leguntur
859 2446 899 2512 ad
926 2447 1023 2512 finem
1051 2446 1186 2512 reiectis.
1224 2448 1426 2536 excipiuntur

241 2560 320 2624 haec
342 2557 427 2646 apud
444 2555 563 2644 Syros,
586 2556 781 2645 Aegyptios,
812 2556 990 2642 Aethiopes
1013 2555 1110 2643 plane
1130 2567 1166 2619 ut
1181 2555 1266 2643 apud
1282 2555 1426 2622 Graecos

242 2666 362 2753 regulis
379 2664 595 2752 apostolorum
612 2665 843 2730 ecclesiasticis.
860 2665 934 2729 libri
948 2664 1204 2729 constitutionum
1222 2665 1323 2730 octavi
1342 2665 1427 2753 apud

243 2774 412 2840 orientales
447 2795 512 2838 non
545 2773 703 2837 habentur
736 2774 840 2861 capita
873 2773 997 2838 6-10
1023 2772 1165 2838 17-22
1193 2771 1235 2836 29
1264 2774 1426 2838 etmel:

244 2887 335 2949 abest
365 2882 504 2970 capitum
537 2883 558 2946 5
589 2882 735 2947 12-16
774 2905 849 2970 pars
880 2882 979 2968 longe
1009 2881 1157 2946 maxima.
1207 2891 1302 2969 caput
1334 2882 1427 2948 huius

242 2991 411 3057 voluminis
440 2990 642 3056 undecimum
666 2991 774 3080 (octat.
799 3001 882 3077 copt.
904 2989 932 3070 Ι,
957 3011 1022 3075 syr.
1040 2988 1118 3077 ΠΙ),
1149 3001 1185 3052 ut
1213 2989 1274 3054 hoc
1300 2989 1427 3070 addam,

243 3098 418 3164 Bickellius
441 3121 513 3162 cum
534 3098 668 3188 epistola
689 3100 749 3163 sub
764 3097 934 3162 Barnabae
950 3096 1078 3162 nomine
1094 3097 1280 3162 circumlata
1301 3107 1332 3162 et
1353 3121 1427 3162 con-

245 3207 442 3272 stitutionem
464 3205 711 3295 apostolicarum
732 3207 815 3273 libro
836 3206 972 3294 septimo
996 3206 1151 3294 pleraque
1174 3207 1354 3274 communia
1375 3209 1429 3272 ha·

245 3319 321 3382 bere
338 3314 584 3397 demonstravit,
609 3337 670 3402 ego
692 3327 766 3382 ante
783 3314 983 3382 Clementem
1007 3313 1252 3380 alexandrinum
1275 3316 1430 3404 scriptum

245 3447 314 3491 esse
330 3423 456 3490 ostendi
471 3447 502 3512 p.
519 3425 571 3507 76,
586 3427 615 3488 7.
633 3447 707 3488 narn
724 3447 806 3512 quae
819 3421 971 3490 Clemens
987 3434 1136 3511 tauquam
1153 3435 1275 3516 γραφὴν
1292 3426 1430 3512 aliquam

245 3534 369 3617 laudat,
399 3556 437 3598 ca
458 3553 562 3619 neque
585 3531 670 3623 apud
685 3531 1011 3599 Pseudo-Barnabam
1033 3555 1137 3622 neque
1153 3535 1185 3598 in
1203 3534 1430 3599 constitutioni-

247 3645 304 3709 bus
320 3642 482 3730 leguntur.
511 3638 597 3704 unde
613 3662 689 3706 vero
705 3641 846 3706 hauserit
862 3653 973 3708 auctor
989 3664 1070 3731 quae
1087 3642 1127 3708 de
1144 3643 1267 3708 duabus
1284 3642 1343 3706 viis
1359 3665 1431 3730 pro·
1447 3625 1546 3698 22⁶2

245 3754 322 3835 sert,
356 3749 486 3815 dubium
515 3771 584 3814 esse
612 3750 700 3815 nullo
729 3750 824 3815 modo
851 3759 966 3840 potest.
998 3775 1071 3818 nam
1099 3751 1233 3816 Hesiodi
1256 3751 1311 3814 illa
1341 3722 1547 3840 [asyam

248 3861 442 3928 285-290:
462 3867 515 3928 τὴν
532 3865 632 3944 μέντοι
648 3866 800 3934 κακότητα
817 3859 878 3949 avt]
895 3871 930 3923 ut
946 3861 1063 3926 fuerint
1079 3860 1112 3924 in
1124 3859 1264 3925 omnium
1281 3859 1431 3945 oribns1),

246 3981 281 4036 ut
293 3969 444 4036 Clemens
461 3967 686 4033 alexandrinus
704 3971 774 4058 (vir,
793 3971 848 4035 ubi
864 3970 1037 4057 elegendo
1055 3967 1228 4056 stobae02)
1246 3989 1359 4032 recens
1376 3979 1433 4049 ost,

247 4075 797 4165 doctissimus)noveritParmenidis
808 4079 984 4144 doctrinam
997 4102 1026 4166 p.
1036 4077 1202 4158 246,12--
1210 4077 1250 4140 14
1259 4082 1274 4141 d
1284 4079 1433 4150 Ἐλεάτης

248 4187 462 4276 Παρμενίδης.
478 4233 485 4247 .
501 4186 607 4250 διττῶν
625 4193 787 4275 εἰσηγεῖται
805 4189 1005 4253 διδασκαλίαν
1023 4187 1114 4264 ὁδῶν,
1133 4186 1193 4250 ὧδέ
1210 4209 1276 4258 τως
1293 4189 1432 4274 γράφων·

247 4305 265 4372 ἡ
288 4307 342 4383 μὲν
368 4297 521 4368 ἀληθείης
542 4299 700 4370 εὐπειθέος
718 4305 847 4384 ἀτρεμὲς
870 4300 961 4385 ἦτορ,
984 4303 1002 4370 ἡ
1021 4295 1053 4358 δὲ
1078 4294 1197 4381 βροτῶν
1220 4292 1341 4374 δόξαις,
1366 4307 1434 4365 ταῖς

328 4481 345 4532 ¹)
365 4483 457 4523 lucian.
478 4485 576 4524 Hermot.
592 4483 613 4522 2.
629 4483 663 4521 25.
689 4481 758 4522 Clara.
775 4482 832 4519 alex.
855 4491 876 4530 p.
893 4479 946 4526 eet,
967 4479 1071 4516 24-2e:
1093 4477 1144 4524 236,
1167 4477 1200 4515 39.
1227 4497 1249 4504 -·
1274 4472 1291 4524 ²)
1311 4475 1339 4514 Α.
1361 4473 1436 4516 Nauck

248 4563 303 4602 trag.
320 4565 392 4604 graec.
409 4557 475 4604 trum.
491 4569 514 4607 p.
532 4559 563 4596 14.

1184 4623 1195 4658 l,
1208 4623 1219 4647 'h
