3052 4974
296 391 337 454 80
1349 383 1369 450 β
1386 385 1425 438 5³

295 546 313 616 6
336 547 452 633 κύριος
476 543 572 632 ἡμων
594 545 651 612 καὶ
673 545 784 636 σωτήρ
804 545 929 632 Ἰησοῦς
949 543 969 613 6
987 545 1121 632 χριστὸς
1141 547 1180 612 ἐν
1208 547 1426 633 εὐαγγελίοις

290 648 369 716 Ἐἀν
389 648 583 736 προσφέρῃς
601 645 639 712 ιδ
657 648 770 732 δῶρόν
788 665 853 714 σου
873 647 928 714 ἐπὶ
945 647 982 714 κδ
1002 651 1250 734 θυσιαστήριον
1268 649 1326 716 καὶ
1349 651 1429 716 ἐκεῖ

294 755 449 838 μνησθῇς
476 749 526 816 ὅτι
547 747 565 816 6
587 747 734 834 ἀδελφός
751 767 814 816 σου
829 753 896 834 ἔχει
913 775 945 816 τι
967 751 1051 816 κατὰ
1070 755 1150 835 σοῦ,
1178 749 1262 837 ἀφες
1285 752 1362 818 ε’κεῑ
1381 750 1424 816 τὸ

294 856 407 938 δῶρον
431 855 449 893 *
476 855 670 937 ἔμπροσθεν
701 856 761 918 τοῦ
784 857 1033 938 θυσιαστηρίου
1063 853 1121 918 καὶ
1145 851 1252 937 ὕπαγε
1279 857 1424 936 πρῶτον

259 957 497 1040 ιδιαλλάγηθι
519 958 566 1042 τῷ
588 952 726 1042 ἀδελφῷ
749 971 829 1037 σου,
858 954 917 1021 καὶ
938 955 1012 1020 τότε
1041 953 1155 1020 ίλθάν
1177 956 1351 1040 πρόσφερε
1380 954 1422 1021 τὸ

294 1057 406 1143 δάρύν
435 1074 509 1123 σου.
554 1057 667 1141 διάρον
694 1056 733 1121 δέ
758 1055 829 1122 ἐστι
855 1061 928 1144 θεῷ
952 1053 973 1143 ή
996 1057 1140 1122 ἑκάστου
1163 1055 1332 1141 προσευχή
1359 1055 1419 1121 καλ

295 1157 504 1245 εὐχαριστία·
535 1157 597 1224 ἐὰν
618 1147 681 1223 οὖν
709 1161 785 1244 ἔχῃς
803 1184 835 1224 τι
857 1159 941 1224 κατὰ
962 1163 1023 1225 τοῦ
1044 1157 1197 1245 ἀδελφοῦ
1218 1177 1281 1225 σου
1305 1153 1329 1242 η’1
1352 1154 1421 1224 αύ-

294 1258 350 1338 τός
372 1264 429 1346 ἔχη
451 1284 484 1326 τι
511 1256 595 1326 κατά
621 1263 701 1342 σού,
730 1256 807 1326 οὔτε
834 1261 872 1326 αί
891 1265 1079 1346 προσευχαί
1097 1277 1160 1326 σου
1187 1261 1420 1345 εἰσακουσθή-

294 1379 411 1429 σονται
439 1359 516 1428 οὔτε
542 1364 581 1428 αί
604 1359 809 1449 εύχαριστίαι
837 1381 901 1430 σου
926 1362 1239 1449 προσδεχθήσονται
1266 1365 1323 1427 διὰ
1352 1361 1421 1446 τήν

247 1477 277 1528 10
298 1461 525 1550 ὑποκειμένην
554 1462 669 1550 ἀργήν.
715 1462 776 1550 χρή
803 1466 841 1531 δὲ
868 1469 1017 1550 συνεχεῖς
1043 1465 1291 1550 προσεύχεσθαι
1315 1461 1418 1548 ὑμᾶς,

293 1565 452 1653 ἀδελφοί·
482 1565 558 1632 ἀλλ’
583 1562 698 1651 ἐπειδή
721 1569 790 1631 τάν
816 1566 855 1632 ἐν
877 1564 992 1652 ὀργαῖς
1013 1565 1137 1644 ἀδίκως
1161 1565 1419 1651 ἐχθραινόντων

293 1667 453 1756 ἀδελφοῖς
474 1667 492 1736 6
511 1668 592 1748 θεὸς
614 1666 675 1754 οὐχ
694 1665 869 1752 ὑπακούει,
890 1668 946 1736 καὶ
969 1668 1030 1736 ίάν
1045 1669 1124 1754 ’τρὶς
1141 1673 1199 1753 τής
1218 1667 1307 1754 ὥρας
1329 1691 1418 1754 προ-

293 1772 493 1856 σεύξωνται,
526 1770 588 1856 χρή
614 1772 766 1838 διαλύειν
793 1775 906 1838 πάσαν
934 1775 1062 1856 ἔχθραν
1090 1771 1146 1837 καὶ
1172 1774 1416 1855 μικροψυχίαν,

293 1875 351 1940 ἵνα
373 1872 557 1957 δυναίμεθα
578 1874 826 1958 προσεύχεσθαι
845 1877 981 1959 καθαρᾷ
998 1877 1040 1958 τῇ
1058 1874 1181 1960 καρδίᾳ
1203 1872 1259 1938 καί
1280 1870 1414 1960 ἀρύπφ.

244 1984 275 2036 15
293 1979 440 2058 καίτοιγε
462 1972 519 2040 καὶ
540 1971 685 2058 ἐχθρούς
710 1972 728 2040 6
749 1975 866 2060 κύριος
888 1971 1023 2059 ἀγαπᾶν
1044 1977 1258 2060 προσέταξεν,
1280 1971 1357 2058 οὐχὶ
1377 1977 1415 2040 δὲ

293 2076 450 2152 καὶτοὺς
476 2079 598 2160 φίλους
618 2088 744 2160 μισεῖν·
773 2076 830 2142 καὶ
858 2074 875 2142 ὁ
898 2077 1083 2162 νομοθέτης
1110 2076 1216 2162 φησὶν
1240 2071 1291 2141 Οά
1312 2077 1415 2160 μισή-

293 2196 362 2256 σεις
377 2179 487 2244 πάυτα
502 2176 733 2261 *ἄνθρωπον
751 2176 793 2244 ού
804 2179 955 2264 μισήσεις
967 2175 1026 2244 τὸν
1040 2177 1192 2262 ἀδελφόν
1203 2196 1268 2245 σου
1282 2181 1325 2264 τῇ
1336 2179 1416 2245 δια-

293 2286 370 2368 νοίη
392 2297 471 2347 σου·
505 2281 634 2368 ἐλεγμρά
656 2280 797 2365 ίλίγξεις
823 2278 884 2346 τδν
911 2279 1062 2366 ἀδελφόν
1083 2299 1147 2346 σου
1175 2279 1232 2346 καὶ
1259 2276 1301 2346 ού
1321 2278 1414 2366 λήμη

293 2381 339 2449 δι’
364 2381 468 2450 αὐτὸν
488 2379 669 2468 ἁμαρτίαν·
693 2379 745 2448 Ού
759 2381 911 2467 μισήσεις
928 2383 945 2422 *
961 2381 1159 2467 Αίγύπτιον,
1183 2379 1233 2448 ὅτι
1250 2382 1416 2468 πάροικος

242 2495 277 2546 20
292 2475 385 2568 ἦσθα
404 2484 483 2569 παρ’
506 2483 611 2571 αὐτῷ·
644 2482 685 2551 ού
706 2485 858 2570 μισήσεις
877 2483 1081 2568 Ἰδουμαῑον,
1113 2483 1164 2550 ὅτι
1184 2483 1331 2569 ἀδελφός
1347 2501 1414 2550 σου

294 2585 373 2652 ίσιί.
409 2587 467 2652 καὶ
485 2583 627 2670 ὁΔαβὶδ
649 2587 737 2671 λέγει
758 2589 802 2652 Ec
822 2585 1041 2653 ἀνταπὲδωκα
1062 2599 1131 2664 τοῖς
1148 2585 1418 2653 ἀνταποδιδοῦσί

291 2711 349 2772 μοι
364 2689 461 2754 κακά.
492 2687 575 2754 ὅθεν
588 2691 619 2754 εί
628 2687 819 2773 χριστιανός
830 2683 918 2754 εἶναι
927 2691 1049 2771 θέλεις,
1064 2689 1284 2768 ἐξακολούθει
1295 2693 1344 2777 τῷ
1351 2693 1414 2754 τοῦ

292 2792 415 2874 κυρίου
438 2789 530 2876 νόμῳ
553 2789 623 2855 Λύε
646 2789 755 2856 πάντα
773 2791 965 2876 σύνδεσμον
987 2789 1133 2868 ἀδικίας·
1156 2791 1212 2857 ἐπὶ
1234 2792 1289 2858 σολ
1309 2788 1376 2874 γὰρ
1396 2792 1414 2830 *

292 2892 450 2972 ἐξουσίαν
475 2889 493 2957 6
514 2890 624 2978 σωτήρ
652 2893 750 2958 ἔθετο
779 2891 915 2978 ἀφιέναι
944 2889 1107 2977 ἀμαρτίας
1127 2896 1175 2980 τῷ
1196 2891 1335 2979 ἀδελφῷ
1353 2891 1415 2968 τάς

239 3005 273 3054 25
292 2999 339 3072 είς
359 2996 396 3060 σὲ
419 2996 602 3079 γενομένας
622 2996 684 3071 ἕως
707 2995 990 3080 ἑβδομηκοντάκις
1014 2995 1115 3078 ἑπτά,
1146 2992 1238 3060 τοῦτ’
1265 2997 1336 3060 ἐστι
1355 3018 1413 3060 τε-

290 3101 469 3183 τρακοσίας
492 3096 705 3183 ἐνενήκοντα.
740 3097 882 3173 ποσάκις
898 3086 961 3162 οὖν
977 3095 1040 3182 ἤδη
1055 3094 1188 3183 ἀφῆκας
1205 3100 1252 3184 τῷ
1273 3095 1413 3182 ἀδελφῷ

357 3309 373 3358 2
391 3306 481 3358 Matth
498 3307 523 3371 θ,
543 3306 584 3360 23.
603 3307 636 3356 24
651 3306 655 3370 Ι
673 3305 705 3356 18
722 3306 781 3357 Lev
800 3303 841 3368 12,
862 3305 892 3355 17
908 3303 912 3368 Ι
930 3303 962 3356 12
979 3306 1054 3357 Dent
1065 3305 1138 3372 23„8
1153 3306 1157 3370 1
1172 3304 1204 3355 21
1223 3303 1316 3356 Ρεείιυ
1335 3305 1361 3366 7,
1374 3305 1410 3370 51

357 3390 391 3441 23
408 3391 463 3458 Isaj
482 3390 530 3455 58,
548 3390 566 3440 6

290 3591 302 3643 l
323 3587 339 3643 6
357 3593 475 3644 alterum
491 3594 526 3657 >
544 3609 558 3644 z
574 3591 609 3660 13
629 3587 685 3660 ἔχει
705 3597 770 3644 ante
788 3585 804 3644 6
822 3611 856 3659 yz
872 3593 907 3656 14
926 3608 976 3646 σου
993 3593 1027 3659 -Ι-
1045 3601 1092 3660 yzt
1106 3593 1143 3660 16
1162 3587 1238 3646 ἐστιν
1249 3599 1280 3644 xt
1295 3599 1300 3656 1
1315 3587 1411 3646 δίκα-

288 3691 356 3730 στον
375 3675 439 3741 κ17
458 3672 532 3745 ἔχεις
550 3681 587 3730 xz
604 3677 640 3743 18
659 3674 716 3744 ἔχει
734 3695 767 3728 xz
783 3678 819 3738 18
838 3673 870 3729 αί
887 3685 968 3744 wxyt,
988 3671 1002 3731 ί
1021 3697 1034 3730 κ
1051 3678 1086 3744 19
1104 3669 1171 3731 οὔτε
1224 3677 1410 3745 προσδεχθή·

289 3777 387 3814 σονται
405 3762 438 3826 >
457 3779 471 3812 z
491 3761 496 3828 Ι
519 3761 551 3812 10
568 3759 705 3830 κειμένην
722 3765 760 3813 Υτ
781 3761 786 3830 1
807 3763 835 3812 11
856 3753 920 3813 ἀλλ’
939 3768 1008 3826 νικι,
1027 3760 1076 3815 καὶ
1093 3761 1147 3831 yn!
1169 3763 1198 3815 11
1220 3755 1307 3830 {mov}
1326 3765 1409 3826 2112

288 3837 341 3898 ούκ
359 3839 495 3899 ἐπακούει
514 3855 560 3912 yzt
579 3846 584 3914 Ι
607 3849 636 3898 12
655 3845 715 3914 τρίς
732 3847 783 3914 τῆς
802 3853 888 3912 wxyt,
912 3851 988 3913 τρεῖς
1006 3847 1056 3914 τῆς
1075 3867 1102 3912 κ,
1122 3848 1220 3914 τρίτης
1237 3849 1271 3898 W
1293 3847 1297 3912 Ι
1322 3848 1409 3900 1218
1508 3881 1509 3900 ι

287 3925 493 3999 προσεύξοκκαι
512 3934 555 3997 ιτΙ
573 3933 604 3981 14
621 3926 740 3998 ἀρρύπω
757 3949 791 3996 yz
812 3931 817 3998 Ι
836 3933 868 3982 25
887 3927 1042 3997 προσέταξε
1061 3935 1094 3983 W
1113 3933 1119 3997 1
1140 3931 1172 3982 16
1191 3927 1321 3998 μοθέτης
1340 3929 1407 4000 [sie]

288 4019 322 4069 W
337 4015 342 4084 Ι
360 4014 390 4067 16
408 4014 499 4082 φησὶν
515 4017 550 4080 >
566 4033 599 4081 yz
619 4015 624 4082 1
644 4015 730 4068 1817
749 4011 885 4084 μησήσεις
904 4019 925 4067 Υ
941 4019 945 4082 1
968 4017 997 4068 17
1017 4013 1088 4083 φησί
1105 4015 1139 4084 -1-
1156 4034 1183 4082 y,
1207 4013 1297 4086 φησὶν
1314 4015 1348 4082 -1-
1366 4033 1380 4068 κ
1402 4013 1407 4086 Ι

290 4101 320 4152 18
338 4094 453 4167 ἒλίγξης
471 4119 487 4151 x
503 4097 507 4168 Ι
525 4101 556 4152 19
572 4095 623 4152 τὸν
640 4101 673 4165 -Ι-
691 4119 714 4151 w
730 4101 783 4160 120
801 4089 893 4168 ήισθα
912 4119 934 4152 w
958 4099 962 4164 Ι
984 4101 1018 4151 20
1035 4115 1081 4153 σοι
1100 4119 1124 4151 w
1139 4103 1143 4166 1
1158 4102 1189 4152 21
1211 4093 1289 4153 ἐστίν
1306 4119 1340 4152 xz
1355 4103 1405 4164 121

287 4181 361 4253 λέγει
379 4187 413 4250 >
430 4203 463 4252 yz
484 4186 488 4251 Ι
508 4187 539 4237 21
559 4179 807 4238 ἀντακοδίδουοίν
824 4203 840 4236 x
861 4186 865 4252 Ι
885 4187 918 4236 22
936 4180 1033 4246 θέλεις
1051 4179 1128 4238 εἶναι
1145 4192 1194 4250 yzt
1214 4187 1219 4250 1
1238 4188 1271 4237 22
1289 4175 1408 4238 ἀκολού·

287 4271 382 4335 θειγτ
398 4271 450 4336 123
468 4261 596 4337 ἀκήριος
613 4270 646 4337 -Ι-
664 4277 684 4338 t,
702 4263 822 4338 ὁσωτὴρ
834 4270 867 4337 -Ι-
879 4287 913 4335 yz
929 4271 933 4337 Ι
952 4273 984 4321 24
998 4263 1012 4322 ὁ
1027 4265 1223 4337 omr¹19>yzt
1238 4271 1242 4336 1
1256 4273 1290 4320 21)
1303 4267 1379 4322 ἐστιν
1390 4289 1406 4322 1

289 4355 399 4420 12526
416 4353 584 4420 τετρακόσια
602 4373 639 4420 w,
664 4350 797 4421 τετράςιι
819 4359 823 4420 Ι
848 4355 882 4406 211
900 4346 1016 4422 ἀφῆκας
1035 4346 1091 4422 ἤδη
1110 4371 1143 4420 yz
