3052 4974
285 402 326 463 οο
1239 375 1245 384 ’
1268 390 1404 457 ιιι-33

284 561 477 646 γενήσεται,
502 557 588 625 ἀλλὰ
611 557 696 626 κατὰ
717 561 874 643 *κυρίου
896 563 957 623 τοῦ
970 561 1071 624 θεοῦ·
1099 562 1156 624 και
1177 554 1362 624 ἀκούσεται
1389 557 1406 624 ό

284 663 443 740 διάκονος
463 661 521 729 καί
546 663 582 728 ὀί
601 664 728 744 λοιποί,
758 656 802 737 ως
821 657 949 745 Ἀαρολν
972 657 1028 724 καί
1050 658 1193 744 Μαριὰμ
1214 658 1406 743 καταλαλή-

285 783 404 843 σαντες
422 765 573 841 Μωσέως
597 761 750 848 ἥκουσαν
769 765 850 838 Παῖς
872 757 936 828 οόκ
959 760 1154 846 ε’φοβήθητε
1175 765 1405 846 καταλαλῆσαι

284 866 367 934 κατὰ
384 870 495 951 Μωσῆ
514 869 576 931 τοῦ
593 865 807 951 θερόποντός
825 887 908 948 μους
928 863 985 928 καί
1001 864 1105 928 πάλιν
1125 861 1224 940 αὐτός
1245 859 1407 948 ὁΜωσής

250 988 267 1038 ο
285 987 369 1056 φησι
391 980 462 1046 τοῖς
484 967 762 1052 ἐπισυναχθεισιν
787 962 878 1052 αὐτῷ
901 962 953 1031 Οὐ
979 963 1044 1050 γὰρ
1066 963 1148 1030 καθ’
1168 959 1265 1050 ἡμῶν
1285 962 1306 1030 ό
1324 987 1406 1048 γογ-

284 1070 448 1155 γυσμός*
471 1071 580 1153 ἐστιν,
601 1066 688 1134 ἀλλὰ
710 1066 794 1134 κατὰ
814 1070 936 1149 κυρίου
957 1069 1018 1132 τοῦ
1031 1069 1119 1131 θεοῦ
1138 1063 1244 1151 ἡμῶν.
1288 1069 1322 1133 εί
1341 1065 1406 1152 γὰρ

285 1169 438 1238 όλαικόν
460 1169 601 1257 είρηκός
615 1168 725 1254 §auem
738 1164 761 1254 ἢ
774 1166 890 1253 μωρόν
913 1166 976 1234 οὐκ
995 1165 1219 1253 ἀτιμώρητος,
1241 1166 1287 1246 ὥς
1306 1165 1406 1253 ὑβρί-

285 1291 346 1352 σας
372 1271 410 1340 τὸ
439 1276 501 1340 τοῦ
525 1275 664 1360 χριστοῦ
694 1269 817 1356 ὄνομα,
850 1276 884 1336 τί
910 1273 927 1310 *
961 1267 1005 1336 όν
1031 1293 1081 1346 τις
1108 1267 1193 1335 κατὰ
1218 1269 1408 1336 ἐπισκόπου

286 1381 379 1463 είπρς
413 1373 458 1440 δι’
487 1365 530 1441 οὗ
559 1371 598 1440 τό
624 1373 722 1458 ἅγιον
753 1376 886 1456 πνεῦμα
913 1367 995 1455 όμιν
1022 1366 1041 1436 ὁ
1068 1369 1185 1454 κύριος
1210 1373 1338 1438 ἔδωκεν
1367 1371 1408 1438 ἐν

235 1497 268 1548 10
285 1481 327 1564 τῇ
356 1481 563 1565 χειροθεσίςι,
594 1474 640 1542 δι’
669 1465 711 1540 οό
730 1474 880 1558 δόγματα
902 1473 981 1558 όίγια
1000 1473 1217 1558 μεμαθήκατε
1238 1474 1296 1540 καλ
1319 1473 1409 1540 θεὸν

286 1578 455 1664 ἐγνώκατε
478 1579 535 1646 καὶ
561 1581 608 1656 είς
626 1573 763 1664 χριστόν
789 1574 1048 1658 πεπιστεύκατε,
1077 1573 1125 1640 σι’
1146 1565 1189 1640 οὗ
1210 1576 1407 1661 ἐγνόσθητε

284 1679 350 1748 ὑπὸ
382 1687 487 1766 θεοῦ,
522 1678 567 1746 δι’
604 1669 659 1746 οὗΙ
681 1679 932 1764 ἐσφραγίσθητε
962 1676 1063 1764 ἐλαίῳ
1090 1674 1319 1760 ἀγαλλιάσεως
1348 1678 1410 1744 καὶ

286 1785 381 1872 μόρῳ
395 1784 579 1864 συνέσεως,
600 1780 647 1846 δι’
670 1771 712 1846 οὗ
732 1778 801 1846 υίολ
817 1777 928 1864 φωτὸς
942 1775 1176 1863 όνεόείχθητε,
1204 1777 1252 1844 δι’
1281 1769 1324 1844 οὗ
1341 1779 1408 1844 κό-

285 1909 357 1972 ριος
385 1884 424 1950 ἐν
446 1889 493 1971 τῷ
522 1887 685 1970 φωτισμῷ
707 1878 804 1966 όμεόν
834 1885 876 1967 τῇ
905 1883 966 1946 τοῦ
993 1879 1180 1947 ἐπισκόπου
1211 1887 1410 1972 γειροθεσίρι

236 2009 268 2060 15
285 1989 485 2072 μαρτυρεῖν,
514 1982 571 2069 ἐφ’
593 1985 760 2070 ἑκατέρων
786 1980 883 2068 όμοόν
908 1980 971 2068 τνΙν
998 1980 1093 2068 ἱερὰν
1123 1981 1263 2062 ἐξέτεινε
1284 1983 1410 2068 φωνὴν

285 2089 393 2170 λέγων
409 2084 487 2163 Υἱός
502 2109 568 2171 μου
589 2082 621 2152 εἷ
641 2085 695 2168 σό,
715 2083 780 2169 ἐγω
800 2083 948 2170 σήμερον
977 2084 1163 2170 γεγέννηκά
1177 2101 1226 2151 σε.
1265 2082 1322 2151 όιό
1343 2089 1411 2151 τοῦ

286 2187 473 2256 ἐπισκόπου
498 2204 562 2255 σου
587 2183 607 2253 ό
631 2185 713 2264 θεὸς
737 2188 941 2253 υίοποιεῑταί
963 2204 1019 2270 σε,
1045 2183 1224 2272 ἄνθρωπε·
1252 2179 1409 2272 γνιόριζε,

284 2291 348 2374 υἱέ,
366 2289 428 2376 ττΙν
442 2288 557 2371 δεξιόν
571 2287 633 2375 τήν
648 2291 773 2376 μητέρα
785 2306 859 2372 σου,
875 2295 891 2329 *
907 2281 1056 2372 στέργε*
1073 2287 1133 2354 τὸν
1145 2287 1228 2372 μετὰ
1243 2285 1331 2355 θεὸν
1346 2313 1410 2373 γε-

285 2391 431 2477 νόμενόν
446 2409 509 2460 σου
526 2394 651 2478 πατέρα
666 2394 684 2433 *
699 2393 802 2476 σέβου
817 2393 845 2455 *.
866 2399 871 2470 Ι
891 2393 923 2456 εί
933 2387 998 2474 γὰρ
1013 2389 1091 2473 περὶ
1106 2393 1175 2456 τοῖν
1191 2390 1277 2456 κατὰ
1293 2389 1409 2476 σόρκα
1420 2403 1462 2466 33

234 2515 268 2567 ιο
285 2496 414 2579 γονέων
433 2494 518 2580 φησι
537 2493 575 2561 τό
595 2493 691 2561 ὅσιον
713 2493 830 2577 λόγιον
853 2495 938 2576 Τίμα
956 2490 1017 2558 τόν
1036 2493 1162 2580 πατέρα
1185 2510 1249 2558 σου
1270 2493 1327 2558 καὶ
1342 2490 1411 2577 τήν

284 2596 411 2681 μητέρα
425 2613 506 2680 σου,
533 2599 590 2662 ἵνα
605 2586 644 2663 εὖ
659 2613 713 2662 σοι
727 2596 879 2681 γένηται,
900 2593 957 2660 καί
972 2591 1008 2660 Ὁ
1025 2597 1223 2678 κακολογῶν
1242 2596 1370 2677 πατέρα
1385 2591 1411 2679 ἢ

284 2697 410 2783 μητέρα
441 2699 582 2784 θανάτῳ
609 2697 812 2780 τελευτάτω,
844 2696 937 2784 πόσῳ
965 2699 1096 2781 μᾶλλον
1121 2692 1204 2780 ὑμῖν
1232 2696 1309 2781 περὶ
1337 2700 1410 2764 τῶν

286 2803 524 2883 πνευματικῶν
545 2798 674 2883 γονέων
699 2795 717 2864 ὁ
739 2799 837 2882 λόγος
859 2801 1054 2884 παραινέσει
1074 2801 1176 2883 τιμᾶν
1199 2795 1324 2876 αὐτούς
1348 2798 1411 2865 καὶ

286 2903 454 2989 στέργειν,
477 2898 523 2979 ὣς
538 2897 712 2985 εὐεργέτας
728 2899 783 2966 καὶ
807 2900 1014 2985 πρεσβευτὰς
1035 2898 1120 2986 πρός
1138 2897 1239 2980 θεόνς
1262 2897 1342 2978 τους
1355 2900 1409 2966 δι’

234 3022 268 3074 ιο
284 3002 407 3081 ὕδατος
426 2999 513 3089 ὑμᾶς
534 3000 846 3087 ἀναγεννήσαντας,
869 3001 947 3080 τοός
966 3006 1014 3090 τῷ
1030 3000 1114 3090 ἁγίῳ
1135 3003 1299 3087 πνεύματι
1318 3007 1409 3088 πλη-

286 3105 475 3194 ρώσαντας,
505 3103 584 3184 τούς
604 3109 651 3194 τῷ
673 3104 761 3194 λόγῳ
779 3103 1180 3190 γαλακτοτροφήσαντας,
1207 3105 1285 3182 τούς
1304 3105 1344 3171 ἐν
1362 3109 1410 3192 τῇ

285 3211 486 3297 όιόασκαλία
507 3207 826 3296 ἀνωθρεγαμένους,
854 3204 931 3284 τοὺς
954 3205 993 3272 ἐν
1014 3217 1086 3284 ταις
1107 3210 1302 3285 νουθεσίαις
1324 3224 1410 3294 στεγ-

353 3365 369 3418 3
386 3367 456 3418 Num
476 3365 522 3431 12,
540 3364 608 3431 8Ι5
630 3365 708 3417 Exod
727 3365 771 3429 16,
790 3363 857 3432 817
875 3365 965 3416 Matth
983 3363 1013 3426 ό,
1031 3365 1084 3428 221
1103 3362 1135 3415 16
1151 3363 1244 3416 Ρειιλοι
1261 3366 1292 3427 2,
1311 3364 1327 3414 7
1347 3363 1352 3431 Ι
1369 3364 1410 3416 20

353 3451 432 3502 Exod
449 3449 491 3514 20,
512 3450 609 3512 12121
629 3450 708 3502 Exod
724 3451 767 3513 21,
787 3449 818 3500 17

289 3603 301 3654 1
321 3599 374 3654 τοό
389 3601 423 3669 -Ι-
442 3617 456 3652 ε
481 3600 485 3668 Ι
508 3602 525 3652 2
543 3601 634 3670 μαρία
651 3609 699 3669 γει
714 3604 719 3664 Ι
733 3604 750 3656 3
766 3598 899 3670 μωόσέως
916 3620 941 3654 w
957 3603 960 3670 Ι
975 3604 993 3656 θ
1011 3595 1195 3671 ἐφοβήθηται
1212 3621 1238 3655 w
1259 3604 1263 3667 Ι
1282 3603 1299 3656 3
1315 3621 1408 3656 κατα-

285 3687 407 3756 λαλῆται
424 3687 460 3751 >
476 3703 494 3738 x
509 3686 544 3750 14
562 3687 653 3756 μωσῆι
671 3705 704 3752 ιν,
724 3691 817 3756 μωσει*
828 3707 846 3741 x
866 3686 871 3755 Ι
891 3691 908 3739 4
925 3683 941 3741 ό
958 3689 993 3753 >
1009 3694 1057 3754 γει
1071 3689 1076 3753 Ι
1090 3691 1108 3739 4
1124 3688 1239 3756 μωόσῆς
1255 3706 1281 3740 w
1296 3687 1331 3756 15
1350 3707 1408 3756 φη-

285 3770 333 3826 σιν
349 3790 367 3823 x
382 3774 386 3837 Ι
401 3773 418 3824 5
436 3765 667 3840 ἐπισυναγθήσιν
685 3791 709 3824 w
724 3773 728 3838 Ι
743 3772 761 3825 6
777 3765 858 3842 όμοῖν
874 3773 909 3839 -Ι-
925 3779 973 3839 γει
988 3777 993 3834 Ι
1007 3775 1023 3823 7
1042 3767 1157 3840 είρηνὸς
1174 3790 1199 3824 w
1219 3775 1224 3836 Ι
1243 3775 1258 3824 7
1278 3768 1354 3839 όακέι
1370 3791 1409 3840 γε

285 3855 291 3925 Ι
311 3860 326 3908 7
345 3848 530 3925 ότημεόρητος
547 3875 571 3908 w
586 3857 623 3924 18
640 3857 769 3912 πείσεται
786 3858 820 3926 Ι-
837 3875 865 3926 γ,
884 3854 968 3912 πέσετ
979 3875 993 3910 ε
1006 3874 1090 3926 super
1102 3873 1144 3918 τις
1156 3860 1269 3926 εοείρείι
1283 3857 1288 3927 Ι
1303 3860 1320 3910 8
1337 3852 1409 3912 κατ’

284 3949 332 4010 γει
345 3945 350 4007 Ι
365 3943 382 3994 9
399 3933 470 4010 ὑμῖν
487 3933 502 3994 ό
521 3939 620 4007 κόριος
636 3959 687 4007 wx,
706 3935 832 4008 όκόριος
847 3937 879 3996 ἐν
895 3935 967 4011 ὑμῖν
983 3948 1031 4007 γει
1045 3944 1050 4008 Ι
1068 3943 1098 3994 10
1115 3942 1277 4011 χειροτονία
1294 3960 1327 4009 γε
1347 3941 1353 4011 Ι
1374 3944 1410 3996 10

284 4019 355 4096 ἅγια
373 4022 503 4095 δόγματα
519 4033 567 4092 γει
585 4025 591 4095 Ι
611 4029 644 4079 15
662 4022 782 4080 ἕκαστον
800 4033 811 4078 ι
831 4027 835 4096 Ι
859 4029 888 4080 15
906 4022 1046 4092 ἐξέτεινεν
1063 4028 1100 4091 xl
1118 4029 1149 4080 16
1166 4020 1308 4096 γεγένητό
1324 4029 1357 4092 ιΙ
1374 4029 1407 4079 17

286 4108 493 4168 υίωτοιεῖτέσαι
510 4129 534 4162 w
550 4113 554 4178 Ι
570 4113 603 4164 18
620 4131 637 4164 x
649 4114 773 4180 virgulas
785 4115 864 4181 ponit
874 4121 937 4182 post
951 4107 1051 4177 δεξιόν
1063 4119 1092 4166 ει
1103 4118 1166 4180 post
1177 4107 1275 4180 οτέργε
1290 4113 1295 4176 Ι
1310 4112 1343 4164 18
1354 4111 1409 4167 καλ

284 4199 318 4267 -Ι-
335 4197 380 4266 πΙ
397 4197 428 4252 18
444 4194 496 4248 καὶ
512 4197 547 4265 «Ι-
563 4214 588 4248 w
603 4200 607 4263 Ι
624 4197 661 4274 19
678 4196 727 4251 ναι
744 4198 778 4266 -Ι-
795 4205 842 4266 γτι
861 4197 866 4266 Ι
887 4198 919 4250 19
936 4198 1039 4252 τοῦτον
1055 4199 1089 4267 Ι-
1106 4205 1154 4264 γει
1173 4196 1178 4265 Ι
1198 4197 1232 4249 20
1251 4195 1341 4264 φησιν
1357 4198 1405 4250 ιι

285 4283 319 4334 20
336 4274 416 4337 όσιον
432 4301 484 4349 wx,
503 4283 589 4336 θεῖον
605 4289 653 4349 γει
667 4281 671 4350 Ι
686 4285 717 4334 21
737 4277 753 4337 ὁ
772 4290 857 4350 wxyt,
877 4275 938 4336 οόε
958 4284 962 4350 Ι
982 4286 1016 4335 ιι
1033 4277 1201 4337 τελεατιὶτωι
1218 4285 1264 4344 w!
1283 4283 1317 4332 22
1333 4274 1409 4350 ὑμῖν

285 4373 347 4436 post
363 4364 471 4435 γονέων
482 4385 600 4436 sequens
611 4374 658 4435 γει
674 4370 726 4434 124
744 4360 786 4422 δι’
805 4375 885 4432 wxzt,
904 4359 935 4421 θ’
951 4385 969 4436 γ
984 4369 989 4434 Ι
1004 4370 1038 4422 25
1055 4359 1291 4436 όναγενήταντας
1308 4373 1320 4418 ι
