2994 4972
94 429 141 479 ‘⁷
1153 435 1214 496 137

90 594 300 678 γειλάμενος.
336 593 424 678 λέγει
452 594 489 660 δὲ
509 592 565 660 καὶ
587 590 606 659 ὁ
631 595 796 679 μακάριος
823 593 998 680 προφήτης
1025 593 1138 678 Δαβλῦ
1165 593 1216 660 ότι

91 695 221 774 Πιστὸς
242 695 360 781 κύριος
381 696 420 762 ἐν
441 700 522 762 πᾶσι
544 709 614 773 τοῖς
636 696 748 780 λόγοις
770 693 875 761 αὐτοῦ
890 699 918 761 *.
948 691 1051 781 όγάρ
1075 695 1113 762 ἐκ
1129 719 1215 782 παρ-

90 797 201 863 θένου
230 797 340 884 ἐαυτῷ
364 798 618 875 κατασκευάσας
647 803 759 883 στῦμα,
794 788 892 874 οὖτος
922 796 978 864 καλ
1005 801 1073 864 των
1102 796 1215 863 ἀλλων

91 898 293 983 ἀνθρώπων
315 900 520 984 δημιουργός
549 899 652 983 ἐστιν,
679 899 737 966 καὶ
764 897 783 966 ὁ
809 897 930 965 ἑαυτὸν
958 897 1149 985 ἀναστήσας
1177 899 1215 966 ἐκ

91 1005 162 1066 τῶν
185 1005 330 1084 νεκρῶν,
362 998 461 1078 αῦτός
488 1001 545 1067 καὶ
575 1001 703 1078 πάντας
724 999 802 1078 τοῦς
823 1001 998 1086 κειμένους
1020 1000 1249 1086 ἀναστήσειεν

92 1101 195 1168 ότὸν
215 1101 329 1187 πυρὸν
356 1103 389 1183 ἐξ
412 1101 487 1180 ἑνός
509 1104 636 1170 κόκκου
667 1103 842 1188 πολύχουν
868 1106 905 1168 ἐκ
932 1107 994 1188 γῆς
1016 1101 1215 1186 ἀνιστῦν,ὁ

91 1203 131 1270 τὸ
155 1204 304 1270 ἐκκοπέν
326 1206 470 1288 ὃένόρου
489 1208 537 1283 είς
558 1203 751 1290 ὀρόάαμνον
774 1204 991 1288 ἀναθάλλων,
1020 1202 1039 1270 ὁ
1058 1203 1121 1290 τήν
1140 1205 1215 1272 ’Λα-

91 1306 165 1392 ρων
187 1307 318 1391 ῥάβδον
340 1306 445 1391 ξηράν
459 1297 567 1373 οὖσαν
583 1307 778 1392 ἐκφυσήσας
794 1310 840 1384 είς
854 1306 1019 1391 βλαστόυ,
1041 1305 1141 1384 αότός
1159 1307 1215 1374 καὶ

90 1407 181 1494 ήμάς
203 1409 316 1493 ἐγερεῖ
339 1409 377 1476 ἐν
398 1410 489 1496 δόξη.
537 1406 556 1475 ὁ
581 1408 641 1475 τόν
663 1407 895 1496 παραλυτικὸν
921 1411 1012 1474 σῶον
1038 1407 1215 1496 ἀνεγείρας

92 1511 151 1576 καὶ
172 1509 233 1576 τόν
253 1511 461 1597 ἑξηραμένην
480 1514 600 1597 ἔχοντα
621 1509 684 1596 τῆν
701 1523 796 1596 χεῖρα
817 1511 998 1595 ἰασάμενος
1012 1513 1068 1576 καί
1085 1510 1123 1576 τό
1145 1515 1214 1578 λεί·
1235 1523 1266 1574 10

91 1637 162 1678 που
184 1614 284 1697 μέρος
307 1612 345 1678 ἐν
367 1617 414 1700 τῷ
437 1613 475 1679 ἐκ
497 1618 634 1699 γενετῆς
656 1618 754 1701 πηρῷ
776 1613 814 1679 ἐκ
836 1617 897 1697 γῆς
918 1611 974 1678 καὶ
994 1613 1114 1704 σιέλου
1129 1611 1215 1678 ἀπο-
1239 1599 1391 1716 wal„
1402 1629 1469 1712 φι,

91 1715 187 1797 δούς,
211 1711 229 1780 ὁ
250 1713 351 1792 αὐτὸς
379 1714 436 1780 καλ
461 1712 548 1801 ῆμῦς
575 1715 737 1800 ἀνεγερεῖ.
790 1711 808 1779 ὁ
834 1714 872 1780 ἐκ
900 1713 997 1780 πέντε
1023 1711 1136 1800 ἀρτων
1158 1714 1215 1780 καλ
1243 1733 1298 1822 ογ

91 1816 158 1882 όῦο
184 1817 314 1901 ίχθῦωυ
337 1821 627 1902 πεντακισχιλίους
654 1817 794 1903 κορέσας
822 1819 878 1882 καί
902 1815 1125 1899 περισσεῦσας
1146 1816 1214 1882 δοί-

91 1921 178 1985 δεκα
199 1923 380 2002 κοφίνους,
411 1918 467 1984 καὶ
495 1919 529 1999 ἐξ
556 1918 679 1996 ὕδατος
706 1915 802 1986 οἶνον
820 1919 1063 2003 μεταποιήσας,
1094 1919 1151 1985 καὶ
1176 1919 1214 1986 ἐιι
1248 1914 1253 1924 ’

91 2022 258 2105 στόματος
280 2020 398 2104 ἰχθύος
425 2026 573 2108 στατῆρα
600 2021 646 2087 δι’
676 2022 760 2106 ἐμοῦ
781 2023 915 2106 Πέτρου
938 2033 1008 2098 τοῖς
1034 2019 1214 2088 ἀπαιτοῦσι
1234 2035 1265 2086 15

91 2128 224 2208 κῆνσον
251 2121 467 2206 ἀποστείλας,
501 2119 519 2189 ό
547 2119 647 2200 αὐτὸς
680 2121 736 2189 καλ
763 2121 841 2201 τοῦς
874 2119 1017 2207 νεκροῦς
1049 2121 1213 2208 ἀνεγερεῖ.

90 2229 200 2290 ταῦτα
224 2223 290 2311 γάρ
318 2223 451 2291 ἅπαντα
475 2224 570 2309 ήμείς
591 2223 667 2311 περὶ
696 2223 802 2292 αὐτοῦ
831 2227 1086 2311 μαρτυροῦμεν,
1114 2225 1154 2289 τά
1180 2224 1213 2291 δ’

92 2325 181 2392 ἄλλα
203 2323 241 2392 os
257 2331 436 2411 προφῆται.
482 2325 575 2413 ῆμεῖς
597 2329 615 2366 *
633 2328 669 2392 οί
686 2327 921 2412 συμφυγόντες
936 2323 1026 2413 αὐτῷ
1051 2326 1107 2391 καὶ
1128 2343 1215 2410 συμ-

93 2427 238 2510 πιόντες,
263 2428 320 2494 καί
339 2428 459 2495 θεαταί
478 2430 655 2514 γενόμενοι
675 2430 744 2495 των
761 2425 868 2494 αὐτοῦ
882 2431 1067 2512 τεραστίων
1084 2427 1216 2513 καὶτῆς

92 2534 178 2615 ζωῆς
200 2529 331 2614 καὶτῆς
353 2535 521 2610 πολιτείας
542 2531 687 2597 καὶτῶν
708 2531 819 2616 λόγων
839 2529 896 2596 καί
918 2533 986 2595 τῶν
1005 2530 1215 2614 παθημάτων
1232 2545 1266 2597 20
1326 2559 1328 2562 ·

93 2631 151 2697 καὶ
169 2635 230 2696 τοῦ
248 2632 404 2698 θανάτου
419 2632 476 2698 καλ
497 2637 556 2718 τῆς
578 2633 615 2699 ἐκ
631 2639 763 2718 νεκρῦυ
784 2631 889 2698 αὐτοῦ
910 2631 1134 2714 ἀναστάσεως,
1159 2633 1215 2700 καί

94 2735 432 2818 συναναστραφέντες
466 2731 557 2822 αὐτῷ
591 2732 716 2820 ἡμέρας
751 2732 1003 2818 τεσσαράκοντα
1038 2734 1121 2818 μετὰ
1153 2733 1216 2819 τῆν

93 2839 229 2920 ἔγερσιν
252 2834 366 2919 αὐτοῦ,
398 2835 454 2902 καλ
478 2837 639 2922 λαβόντες
664 2835 806 2922 ἐντολήν
828 2834 909 2921 παρ’
938 2833 1044 2902 αὐτοῦ
1073 2837 1214 2928 κηρῦξαι

93 2938 131 3004 τό
155 2935 353 3022 εὐαγγέλιον
374 2941 421 3015 είς
442 2937 523 3003 ὅλον
552 2940 612 3004 τόν
634 2938 763 3022 κόσμον
785 2940 842 3006 καὶ
870 2942 1079 3024 μαθητεῦσαι
1105 2940 1215 3004 πάντα

93 3041 134 3106 τά
154 3043 240 3125 ἐθνη
262 3040 318 3106 καὶ
339 3044 499 3126 βαπτίσαι
518 3044 565 3118 είς
587 3040 647 3106 τόν
668 3039 774 3106 αὐτοῦ
794 3041 949 3106 θάνατον
975 3039 1030 3105 ἐπὶ
1051 3037 1216 3128 αόθεντίᾳ
1232 3051 1266 3102 25

93 3147 155 3208 τοῦ
175 3146 264 3207 θεοῦ
282 3147 351 3208 τῶν
371 3141 471 3226 ὅλων,
495 3141 530 3220 ὅς
557 3143 650 3209 ἐστιν
672 3142 777 3208 αὐτοῦ
805 3142 931 3226 πατήρ,
963 3141 1019 3206 καί
1046 3147 1215 3230 μαρτυρίᾳ

94 3244 301 3329 πνεύματος,
332 3243 367 3322 ῦς
395 3245 465 3311 ἐστι
487 3244 716 3331 παράκλητος,
746 3242 952 3328 διδάσκομεν
975 3239 1061 3326 ῦμάς
1080 3243 1213 3310 ἅπαντα

160 3455 178 3504 2
196 3453 289 3504 Psalm
309 3453 366 3516 145,
387 3451 487 3519 17123
506 3455 582 3504 Mare
603 3453 641 3516 16,
663 3454 763 3517 15124
781 3452 872 3504 Μελιλι
890 3451 932 3515 28,
954 3451 985 3504 19

93 3643 104 3692 l
126 3635 203 3708 λίγει
271 3629 315 3692 ότι
334 3647 388 3692 th
408 3639 483 3708 [vide
502 3639 588 3706 mox]‚
609 3629 646 3700 ῦς
664 3656 721 3692 που
743 3637 792 3692 καλ
810 3631 825 3692 ὁ
844 3637 942 3706 Δαβλῦ
960 3635 1035 3707 λέγει
1053 3657 1086 3706 γτ
1107 3639 1111 3706 Ι
1133 3641 1145 3692 l
1164 3640 1214 3695 κοιλ

92 3727 126 3790 >
143 3735 156 3778 t
171 3727 176 3792 Ι
195 3727 205 3776 l
226 3719 371 3792 μακάριος
388 3727 422 3790 >
434 3745 458 3778 w
474 3729 477 3790 Ι
495 3726 507 3777 l
527 3723 625 3792 Δαβλδ
641 3727 676 3789 >
693 3743 710 3776 x
726 3729 761 3790 12
780 3723 828 3778 καλ
847 3715 926 3784 ὅσιος
945 3717 976 3777 ἐν
994 3725 1065 3778 πᾶσι
1085 3719 1175 3793 [πόση
1189 3727 1214 3792 τ]

93 3815 153 3871 τοῖς
173 3807 268 3878 ἔργοις
286 3804 377 3862 αότοῦ
395 3811 427 3877 -Ι-
444 3819 492 3878 yzt
508 3812 543 3876 13
561 3801 650 3870 οὕτως
668 3827 682 3861 z
698 3807 703 3878 Ι
718 3814 733 3860 4
753 3802 810 3862 ἐστι
827 3817 875 3876 yzt
890 3809 893 3876 Ι
909 3810 926 3861 θ
943 3802 1083 3876 άνστῦνγ
1099 3814 1103 3876 Ι
1119 3813 1135 3861 7
1153 3803 1216 3875 όρό-

93 3897 207 3964 δαμνον
224 3914 251 3960 x,
271 3890 383 3963 όάβδον
401 3913 438 3960 w,
458 3890 610 3963 όάδαμνον
627 3901 674 3960 yzt
693 3897 697 3959 Ι
717 3895 734 3946 8
753 3888 921 3962 ξηράνασαν
939 3897 968 3960 tl
988 3896 1005 3947 8
1024 3890 1151 3962 ἐκφόσας
1168 3902 1216 3961 yzt

93 3981 97 4050 Ι
116 3983 133 4033 8
152 3972 242 4042 αῦτός
261 3987 329 4045 th,
348 3969 431 4040 οὖτος
448 3999 481 4046 γι
497 3980 533 4048 19
551 3971 708 4047 άναγιίρας
727 3997 740 4030 τ
757 3983 760 4046 Ι
778 3981 810 4032 10
828 3974 1028 4048 ἐξηραμμένην
1045 3987 1088 4046 xt,
1108 3981 1215 4048 ξηραμ-

90 4063 184 4134 μένην
202 4084 220 4132 y
237 4067 242 4132 Ι
259 4066 288 4117 ll
310 4058 341 4119 ἐν
358 4067 392 4130 >
408 4083 443 4132 γτ
459 4067 463 4132 Ι
480 4067 511 4117 12
530 4059 624 4133 ἐγερεῖ
639 4083 672 4132 γιι
694 4067 698 4129 Ι
720 4067 751 4118 13
769 4061 940 4132 περισεόσας
959 4085 981 4116 w
996 4065 1002 4134 Ι
1019 4067 1050 4117 15
1069 4063 1183 4132 ίηθείος
1201 4083 1215 4115 τ

94 4154 97 4216 Ι
119 4153 151 4204 15
169 4142 312 4204 άπετοῦσι
332 4167 345 4202 z
361 4155 366 4215 Ι
384 4143 447 4203 166
466 4142 553 4212 αὐτὸς
571 4170 622 4216 wx,
642 4139 724 4212 οὗτος
742 4158 789 4218 yzt
804 4154 808 4217 Ι
830 4152 862 4202 16
879 4146 945 4212 τοῦς
961 4153 996 4215 >
1014 4167 1037 4200 w
1052 4152 1057 4214 Ι
1074 4150 1106 4201 16
1123 4143 1218 4214 ἐγερεῖ

90 4255 124 4303 γτ
140 4237 145 4305 Ι
167 4237 199 4288 17
218 4230 276 4303 γάρ
293 4237 327 4300 >
345 4253 377 4302 γα
399 4237 403 4300 Ι
425 4237 455 4286 17
475 4237 507 4289 δε
525 4255 542 4288 x
562 4237 566 4300 Ι
588 4236 619 4287 18
637 4236 768 4304 προφῆτε
786 4255 801 4288 τ
822 4239 826 4300 Ι
849 4236 880 4288 18
898 4223 952 4289 οόν
969 4235 1003 4300 -Ι-
1021 4253 1044 4284 w
1059 4235 1064 4297 Ι
1082 4235 1112 4285 19
1131 4231 1213 4300 γενά-

89 4339 170 4388 μενοι
192 4341 210 4374 1
231 4321 235 4388 Ι
255 4321 291 4372 20
308 4321 478 4389 πολτείαςγ
504 4320 509 4388 Ι
535 4323 565 4373 21
591 4321 639 4375 καλ
659 4324 807 4374 secundum
829 4357 844 4373 ..
863 4312 1045 4379 ἀναστάσεως
1061 4319 1096 4382 >
1114 4335 1137 4369 w
1158 4320 1215 4383 125

90 4398 255 4460 αόθεντεία
273 4423 307 4472 γτ
324 4405 328 4474 Ι
342 4405 376 4458 ’λθ
388 4407 548 4474 μαρτυρίας
560 4425 584 4458 w
599 4409 603 4472 Ι
619 4409 651 4458 27
671 4400 747 4460 ἐστιν
760 4425 776 4460 x
791 4403 796 4474 Ι
811 4407 843 4456 27
861 4401 970 4472 ῦμιίςτ
986 4404 991 4473 Ι
1005 4405 1039 4455 27
1056 4398 1153 4456 πάντα
1169 4411 1216 4470 yzt
