2998 4972
273 419 335 482 222
1257 408 1275 471 λ
1290 406 1391 460 38-ae

275 581 322 656 είς
358 575 570 664 ὁδοιπορίαν·
612 575 668 644 καλ
702 581 807 644 ταῦτα
845 575 955 644 πάντα
997 575 1035 642 ἐκ
1070 579 1192 659 μικρᾶς
1228 574 1393 658 σταγόνος

274 681 461 756 διαπλάσας
488 681 527 746 ἐν
553 679 679 766 μήτρᾳ,
707 679 764 745 καὶ
791 675 904 763 υυχτΙν
929 675 1105 744 ἀθάνατον
1124 675 1206 761 μετά
1224 674 1288 761 ττΙν
1308 675 1393 762 μόρ-

275 799 387 867 φωσιν
412 785 528 868 χαρίξη
550 780 607 846 καλ
628 780 787 868 προάγεις
812 781 859 856 είς
886 781 959 864 φώς
981 776 1019 844 τδ
1044 776 1182 864 λογικόν
1201 783 1306 866 ζῷον,
1334 776 1393 844 τόν

274 883 471 968 ἄνθρωπον.
524 883 641 967 νόμοις
672 883 888 966 ἐπαίδευσας,
921 881 1146 966 δικαιώμασιν
1172 880 1391 967 ἐφαίδρυνας.

240 985 359 1073 οπρός
380 982 495 1069 ὀλίγον
522 983 660 1078 ἐπάγων
689 985 862 1067 διάλυσιν,
892 980 954 1069 ττΙν
981 983 1168 1050 ἀνάστασιν
1193 983 1392 1068 ἐπηγγείλω.

275 1101 371 1165 ποίος
396 1090 578 1171 τοιγαροῦν
605 1083 775 1170 αὐτάρκης
802 1088 890 1171 βίος,
924 1085 1059 1152 αἰώνιον
1084 1087 1123 1150 δὲ
1151 1084 1260 1151 πόσον
1288 1087 1394 1168 μῆκος

275 1190 443 1275 διαρκέσει
479 1185 676 1273 ἀνθρώποις
708 1185 792 1273 πρὸς
827 1185 1060 1273 εῦχαριστίαν;
1094 1177 1116 1271 τΙ
1148 1185 1186 1253 τδ
1213 1187 1278 1271 μὲν
1310 1185 1393 1270 πρὸς

274 1291 372 1372 ἀξίαν
389 1289 578 1374 ἀδύνατον,
604 1288 643 1356 τό
664 1292 702 1356 δὲ
723 1289 808 1356 κατά
829 1290 977 1374 δύναμιν
998 1285 1124 1374 εόαγές.
1170 1287 1306 1376 ἐρράσω
1328 1287 1392 1372 γάρ

275 1393 430 1479 ἀσεβείας
461 1392 657 1475 πολυθέων,
697 1391 754 1457 καὶ
786 1391 1033 1478 χριστοκτόνοιν
1071 1393 1229 1477 αἱρέσεως
1266 1391 1393 1472 ἐξείλι,

228 1509 260 1562 10
277 1496 533 1581 πεπλανημένης
555 1493 693 1579 ἀγνοίας
715 1491 969 1580 ἡλινθέριοσας,
998 1491 1058 1559 τὸν
1079 1491 1215 1578 χριστόν
1238 1492 1393 1560 ἀπέστει-

277 1603 338 1676 λας
357 1601 404 1674 είς
428 1595 670 1683 ἀνθρώπους*
692 1593 895 1681 ἄνθρωπον,
919 1595 1006 1662 θεὸν
1026 1592 1108 1662 ὄντα
1125 1600 1312 1680 μονογενῆ,
1335 1595 1395 1662 τόν

276 1701 493 1786 παράκλητον
521 1697 684 1788 ἐνςόκισας
702 1693 800 1784 ἡμῖν,
829 1696 993 1783 ἀγγέλους
1014 1697 1212 1783 ἐπέστησας,
1235 1695 1297 1763 τόν
1318 1697 1394 1762 διά-

276 1807 381 1888 βολον
398 1801 625 1889 κατῄσχυνας,
647 1798 709 1866 οῦκ
730 1797 828 1878 ὄντας
848 1800 1017 1886 ἐποίησας,
1035 1801 1241 1886 γενομένους
1258 1800 1394 1884 φυλάσ-

277 1924 357 1987 σεις,
372 1903 459 1988 ζωὴν
471 1903 668 1987 ἐπιμετρεῖς,
680 1914 834 1987 χορηγεῖς
842 1903 985 1989 τροφήν,
1000 1903 1183 1987 μετάνοιαν
1195 1903 1393 1987 ἐπηγγείλοι.

227 2018 257 2069 ιο
276 2003 362 2091 ὑπὲρ
374 2003 535 2071 ἁπάντων
547 2020 601 2069 σοι
612 2002 632 2088 ἡ
645 2003 726 2084 δόξα
740 2003 796 2070 καὶ
810 2002 848 2070 τό
863 2005 963 2088 σέβας
977 2003 1059 2088 μετά
1070 2007 1208 2090 χριστοῦ
1220 2003 1277 2072 καὶ
1289 2006 1394 2071 πνεό-

277 2131 380 2194 ματος
393 2103 492 2189 ἀγίου
507 2107 608 2171 νῦν*
628 2105 685 2171 καλ
704 2108 751 2183 είς
771 2103 850 2184 τοῦς
864 2107 1003 2184 αίώνας·
1027 2103 1126 2191 ἀμιΙν.
1170 2111 1275 2172 ταῦτα
1295 2112 1395 2191 μελε-

278 2214 365 2292 τᾶτε,
387 2207 543 2293 ἀδελφοί·
564 2207 622 2273 καὶ
637 2213 687 2293 είη
702 2209 720 2248 *
736 2207 853 2293 κύριος
865 2205 946 2293 μεθ’
961 2204 1058 2293 ῦμών
1074 2207 1130 2275 ἐπὶ
1147 2209 1208 2293 γῆς
1222 2209 1281 2276 καὶ
1295 2207 1335 2276 ἐν
1352 2213 1395 2294 τῇ

277 2313 432 2399 βασιλείᾳ
453 2313 514 2376 τοῦ
539 2309 665 2397 πατρὸς
684 2306 807 2393 αὐτοῦ,
836 2312 898 2376 τοῦ
920 2307 978 2376 καὶ
1003 2307 1108 2376 αὐτόν
1133 2308 1397 2388 ἀποστείλαντος

278 2411 335 2478 καί
359 2411 445 2500 ἡμᾶς
477 2409 522 2477 δι’
552 2408 657 2478 αὐτοῦ
684 2411 978 2497 ἐλευθερώσαντος
1008 2411 1046 2478 ἐκ
1071 2416 1130 2497 τῆς
1153 2414 1311 2490 δουλείας
1337 2417 1397 2498 τῆς

227 2524 261 2576 20
278 2519 413 2602 φθορᾶς
434 2517 482 2591 είς
501 2511 564 2599 τὴν
586 2513 786 2597 ἐλευθερίαν
806 2517 864 2598 τῆς
885 2514 993 2598 δόξης,
1015 2513 1072 2579 ιιαλ
1088 2512 1175 2598 ζωὴν
1194 2513 1396 2599 έπαγγειλα·

278 2617 382 2699 μένου
404 2627 473 2692 τοῖς
497 2613 544 2680 δι’
565 2613 671 2680 αῦτοῦ
692 2612 911 2681 πιστεύσασιν
939 2617 986 2693 είς
1014 2613 1074 2680 τὸν
1092 2619 1161 2682 τών
1188 2615 1280 2682 δλων
1297 2618 1394 2682 θεόν.

279 2717 369 2794 ὅπως
394 2717 457 2800 μὲν
486 2705 549 2781 νῦν
576 2713 752 2800 ὀφείλουσι
777 2721 837 2803 ζῆν
863 2719 900 2782 ολ
918 2716 1003 2783 κατὰ
1029 2715 1167 2803 χριστὸν
1188 2720 1397 2803 μεμυημένοι

279 2817 336 2884 καί
352 2819 425 2894 οἵας
443 2813 652 2901 εὐχαριστίας
674 2816 883 2903 ἀναπέμπειν
904 2823 952 2906 τῷ
969 2823 1041 2907 θεῷ
1055 2818 1112 2886 διά
1133 2823 1283 2906 χριστοῦ,
1303 2828 1395 2908 είρη-

278 2944 332 2986 ται
357 2917 413 2987 διά
434 2922 503 2986 τών
524 2919 781 3003 προλαβόντων,
809 2921 943 2988 δίκαιον
964 2922 1003 2987 δὲ
1019 2922 1104 3007 μηδὲ
1124 2919 1204 3000 τοῦς
1224 2920 1397 3007 ἀμυήτους

228 3031 261 3082 2ο
279 3025 476 3088 καταλιπεῖν
498 3018 720 3106 ἀβοηθήτους.
741 3025 746 3111 Ι
766 3020 933 3107 ὁμέλλοιν
954 3028 1072 3090 τοίνυν
1095 3031 1313 3109 κατηχεῑσθαι
1336 3022 1444 3091 τδν39

279 3125 382 3208 λόγον
405 3127 464 3209 τῆς
488 3120 650 3208 ἀληθείας
675 3125 888 3192 παιδευέσθω
915 3124 982 3210 πρὸ
1003 3129 1064 3192 τοῦ
1083 3125 1311 3212 βαπτίσματος
1333 3130 1398 3212 την

279 3223 438 3310 περὶτοῦ
459 3224 647 3310 ἀγεννήτου
664 3231 802 3310 γνώσιν,
824 3226 887 3313 τὴν
908 3226 985 3310 περὶ
1003 3228 1082 3293 υίοῦ
1093 3231 1300 3312 μονογενοῦς
1321 3227 1396 3294 ένί-

279 3345 424 3410 γνωσιν,
445 3324 508 3410 την
525 3327 602 3410 περὶ
623 3331 684 3393 τοῦ
704 3325 802 3412 ἁγίου
821 3328 1012 3413 πνεύματος
1029 3332 1281 3415 πληροφορίαν·
1307 3354 1396 3414 μαν-

278 3428 411 3494 θανέτοι
434 3428 652 3514 δημιουργίας
673 3430 841 3514 διαφόρου
863 3431 973 3514 τάξιν,
995 3435 1156 3516 προνοίας
1174 3431 1308 3516 είρμόν,
1336 3455 1396 3496 νο-

229 3535 264 3592 30
279 3531 442 3612 μοθεσίας
455 3529 623 3614 διαφόρου
638 3535 655 3572 *
670 3531 903 3616 δικαιωτηρια·
920 3534 1135 3600 παιδευέσθω
1148 3531 1206 3598 διά
1223 3537 1259 3598 τί
1273 3534 1399 3618 κόσμος

351 3649 381 3702 λθ
399 3651 466 3702 Rom
484 3650 514 3713 8,
532 3653 564 3704 21

282 3764 357 3829 λείς
379 3787 410 3828 x.
434 3765 505 3836 πρὸς
527 3779 574 3837 yzt
600 3770 605 3838 Ι
630 3774 646 3822 2
669 3767 854 3834 διαπλάσσεις
871 3791 916 3840 γε,
942 3771 1155 3834 διαπλάττειςλ
1179 3771 1185 3843 Ι
1211 3775 1228 3826 3
1250 3782 1313 3842 pout
1336 3775 1399 3840 φώς

280 3864 415 3925 punctum·
434 3863 446 3907 t
465 3857 470 3923 Ι
490 3860 506 3907 4
523 3863 586 3924 post
608 3849 768 3924 ἄνθρωπον
788 3866 917 3926 punctum
933 3859 968 3923 >
984 3866 997 3911 t
1015 3860 1020 3922 Ι
1041 3861 1057 3910 5
1079 3849 1183 3928 ὀλίγων
1207 3876 1222 3910 τ
1240 3860 1244 3922 Ι
1265 3859 1282 3911 6
1303 3859 1399 3926 μτΙιιος

280 3935 371 3996 πόσον
388 3949 400 3994 t
419 3943 423 4007 Ι
443 3941 460 3992 9
478 3933 589 4005 ἐξείλου
606 3961 639 4008 γι
660 3943 666 4009 Ι
687 3944 726 3996 10.
743 3944 769 3995 λ]
789 3935 983 4012 ἀπέστηλαςτ
1004 3943 1008 4012 Ι
1030 3945 1059 3996 11
1078 3936 1117 4006 ῦς
1132 3943 1167 4009 -Ι-
1184 3951 1196 3994 t
1215 3941 1220 4009 Ι
1242 3945 1274 3995 12
1291 3935 1399 4012 Muq-

97 4032 216 4108 fffffi
281 4041 332 4088 σας
349 4044 367 4078 x
386 4025 391 4092 Ι
413 4027 444 4078 13
461 4020 587 4094 ᾔσχυνας
603 4033 651 4092 yzt
670 4029 675 4092 Ι
698 4027 727 4078 15
745 4023 815 4100 μετά
834 4047 860 4100 3,
880 4021 929 4080 διά
949 4023 1034 4098 ίησοῦ
1050 4033 1116 4097 γτιΙ
1138 4029 1178 4080 15.
1195 4028 1227 4080 λδ
1243 4024 1410 4102 nal-3353

281 4127 369 4190 ματος
386 4103 472 4187 ἀγίου
489 4112 524 4175 >
540 4117 588 4176 γτι
614 4113 618 4176 Ι
646 4111 679 4162 16
695 4110 745 4164 καὶ
762 4103 809 4166 ἀεὶ
826 4117 860 4179 -Ι-
877 4121 924 4179 yut
949 4115 954 4180 Ι
980 4115 1010 4164 17
1028 4105 1044 4164 ὀ
1062 4113 1097 4182 -Ι-
1113 4114 1148 4177 ιΙ
1178 4113 1209 4163 λθ
1226 4105 1318 4166 αότοῦ
1338 4131 1402 4166 corr

280 4199 316 4260 y?
326 4202 381 4260 κει,
401 4187 529 4248 αότώνΥ
545 4193 550 4260 Ι
564 4195 597 4246 22
616 4189 783 4261 ὀφείλουσιν
799 4216 817 4251 x
832 4208 836 4256 Ι
851 4201 884 4250 25
902 4197 1088 4250 καταλειπεῖτ
1103 4215 1121 4248 x
1136 4196 1141 4262 Ι
1155 4197 1190 4249 26
1206 4188 1354 4265 ἀληθείας
1373 4219 1402 4264 ι,

281 4271 429 4346 εάσιβείας
450 4287 497 4345 γτι
521 4278 527 4348 Ι
552 4281 584 4330 27
603 4274 670 4333 υίοῦ
686 4287 730 4346 τι,
748 4281 800 4334 τοῦ
817 4300 850 4348 yz
876 4284 880 4346 Ι
904 4283 938 4334 29
954 4278 1038 4346 τάξιν
1111 4281 1145 4334 30
1163 4275 1312 4348 διαφόρου
1329 4285 1366 4348 >
1385 4304 1403 4353 y

283 4361 287 4429 Ι
307 4363 341 4414 30
359 4360 408 4415 καλ
425 4362 459 4429 -Ι-
477 4381 492 4414 τ
508 4368 511 4428 Ι
527 4365 560 4416 30
579 4359 760 4433 δικαιοτήρια
780 4373 791 4417 t
