2998 4972
111 423 130 472 η
151 405 251 458 Ιλ-Ιό
1168 417 1227 479 χθχ

111 572 232 657 λεγέτω
260 576 314 660 Τῷ
340 576 413 660 θεῷ
433 570 490 638 διὰ
518 576 581 638 τοῦ
602 576 740 658 χριστοῦ
767 570 872 638 αῦτοῦ
894 577 1030 638 κλίνατε
1053 575 1109 640 καί
1133 574 1230 642 εῦλο-

110 681 245 759 γείσθε·
274 676 330 740 καὶ
358 671 377 740 6
399 675 582 750 ἐπίσκοπος
604 675 798 760 ἐπευχέσδο
820 675 928 759 λέγων
945 671 982 741 Ὁ
1000 675 1080 754 θεὸς
1102 674 1121 744 6
1143 701 1230 744 παν-

109 777 303 860 τοκράτωρ,
333 773 352 842 6
373 772 536 859 ἀληθινός
559 773 616 842 καλ
637 773 850 862 ἀσύγκριτος,
872 772 891 842 6
912 782 1084 862 πανταχοῦ
1105 775 1154 846 ολν
1174 780 1231 848 καί

109 889 182 954 τοῖς
202 881 287 944 πᾶσι
306 874 426 963 παρόν
447 879 504 944 καὶ
520 877 559 944 ἐν
577 873 693 944 ούδενί
712 872 758 954 ῦς
779 877 860 943 ε’νόν
881 901 913 944 τι
933 874 1110 965 ὑπάρχων,
1133 877 1152 946 6
1174 881 1230 948 τό-

109 1003 187 1056 ποις
206 977 252 1064 μῆ
272 979 574 1064 περιγραφόμενος,
598 975 616 1044 ό
636 979 770 1064 χρόνοις
791 977 835 1064 μῆ
859 979 1116 1064 παλαιούμενος,
1139 977 1158 1048 6
1177 984 1230 1048 αἰ-
1247 1003 1264 1056 5

109 1085 174 1148 ῦσι
195 1078 241 1166 μῆ
264 1080 524 1166 περαιούμενος,
553 1079 572 1146 ὁ
595 1081 707 1165 λόγοις
728 1078 772 1166 μῆ
794 1081 1039 1167 παραγόμενος,
1062 1079 1080 1148 6
1101 1085 1230 1167 γενέσει

108 1181 155 1268 μῆ
177 1179 411 1266 ἀποκείμενος,
433 1180 453 1249 6
473 1182 628 1268 φυλακῆς
645 1180 690 1268 μῆ
714 1182 883 1267 δεόμενος,
907 1180 926 1247 6
947 1188 1082 1270 φθορᾶς
1103 1179 1230 1252 ἀντέτε-

109 1309 189 1369 ρος,
218 1281 237 1351 6
264 1287 389 1369 τροπῆς
409 1282 642 1366 ἀνεπίδεκτος,
674 1281 693 1350 6
720 1284 821 1370 φύσει
843 1280 1087 1368 ἀναλλοίωτος,
1117 1283 1136 1354 6
1158 1291 1231 1372 φῦς

109 1389 217 1454 οἰκῦν
236 1385 438 1472 ἀπρόσιτον,
466 1383 483 1452 6
505 1389 547 1471 τῇ
568 1386 670 1470 φύσει
698 1385 856 1470 ἀόρατος,
890 1384 909 1453 6
934 1384 1083 1471 γνωστὸς
1108 1387 1231 1468 πόσαις

107 1501 183 1566 ταῖς
208 1485 281 1573 μετ’
304 1484 439 1564 εὐνοίας
461 1487 673 1572 ἐκζητούσαις
694 1506 732 1553 σε
760 1492 910 1572 λογικαῖς
927 1488 1091 1572 φύσεσιν,
1121 1487 1139 1556 ὁ
1167 1513 1229 1556 κα-
1250 1513 1282 1566 ιο

108 1588 408 1675 ταλαμβανόμενος
434 1585 503 1656 ῦπό
534 1593 603 1657 τῶν
631 1588 670 1656 ἐν
702 1586 820 1676 εὐνοίᾳ
847 1590 1093 1675 ἐπιζητούντων
1120 1609 1176 1674 σε,
1212 1590 1232 1659 ό

107 1691 191 1769 θεὸς
208 1689 358 1776 Ἰσραῆλ,
387 1693 449 1755 τοῦ
470 1688 642 1776 ἀληθινῶς
668 1687 832 1777 ὁρῶντος,
858 1695 920 1758 τοῦ
944 1694 991 1769 εἰς
1015 1691 1152 1778 χριστὸν
1173 1706 1230 1760 πι-

107 1792 314 1870 στεύσαντος
338 1797 424 1859 λαοῦ
448 1808 530 1858 σου·
563 1791 705 1877 εῦμενῆς
728 1791 910 1878 γενόμενος
942 1792 1135 1862 έπάκουσόν
1162 1819 1230 1880 μου

108 1895 167 1962 διὰ
190 1893 230 1962 τό
252 1892 359 1980 ῦνομά
381 1911 445 1962 σον
467 1893 524 1960 καλ
551 1891 738 1979 εῦλόγησον
756 1894 835 1973 τούς
861 1911 916 1962 σοι
939 1896 1136 1974 κεκλικόπας
1151 1895 1231 1976 τοῦς

108 1999 242 2065 ἑαυτῶν
264 1994 420 2082 αὐχένας,
450 1994 507 2062 καί
529 1993 587 2073 δός
609 1993 723 2074 αύτοίς
742 1995 783 2062 τά
802 1996 966 2084 αἰτῆματα
985 2001 1054 2064 τοῖν
1079 2000 1231 2085 καρδιῦν
1250 2021 1281 2074 15

107 2097 226 2166 αῦτιῦν
258 2096 299 2165 τά
326 2099 383 2166 ἐαλ
412 2102 619 2187 συμφέροντι
650 2097 707 2166 καλ
733 2100 862 2185 μηδένα
895 2096 1008 2165 αὐτόν
1036 2097 1231 2186 ἀπόβλητον

107 2201 254 2288 ποιήσῃς
276 2200 314 2267 ἐκ
336 2205 395 2286 τῆς
412 2205 585 2286 βασιλείας
600 2217 676 2283 σου,
696 2198 782 2267 ἀλλά
804 2197 946 2285 ἀγίασον
966 2198 1100 2286 αύτούς,
1119 2202 1227 2288 φρού-

108 2319 235 2388 ρησον,
263 2303 448 2386 σκέπασον,
476 2302 678 2388 ἀντιλαβοῦ,
705 2302 806 2386 ῥῦσαι
834 2305 895 2368 τοῦ
915 2299 1111 2388 ἀλλοτρίου,
1143 2325 1230 2370 παν-

106 2403 165 2483 τός
189 2405 327 2491 ἐχθροῦ,
349 2403 429 2482 τοῦς
451 2393 566 2483 οἰκους
587 2401 700 2470 αύτῦν
721 2403 890 2490 φύλαξον,
912 2401 971 2480 τάς
993 2403 1146 2482 εἰσόδους
1167 2403 1230 2470 αῦ-

107 2509 179 2572 τεῦν
201 2505 259 2572 καλ
279 2505 338 2584 τάς
361 2506 497 2586 ἐξόδους
519 2506 734 2592 φρούρησον·
768 2503 818 2571 ὅτι
837 2504 891 2571 σολ
913 2504 1011 2590 δόξα,
1035 2501 1147 2588 αένος,
1169 2529 1230 2590 με-
1247 2531 1281 2582 20

106 2609 353 2694 γαλοπρέπεια,
381 2609 496 2694 σέβας,
525 2608 754 2694 προσκύνησις
778 2605 904 2694 καὶτῷ
929 2611 980 2695 σῷ
1011 2607 1106 2674 παιδί
1124 2605 1232 2694 Ἰησοῦ

106 2716 156 2799 τῷ
177 2714 303 2798 χριστῷ
324 2728 404 2794 σου,
434 2715 481 2798 τῷ
503 2716 611 2798 κυρίῳ
634 2706 730 2796 ῆμιδν
750 2707 806 2776 καλ
825 2713 898 2798 θεῷ
920 2710 977 2776 καλ
997 2713 1145 2796 βασιλεῖ,
1174 2710 1231 2778 καί

107 2819 156 2901 τῷ
179 2810 264 2900 ἁγίῳ
281 2812 446 2898 πνεύματι
465 2817 531 2878 νῦν
552 2812 609 2879 καὶ
631 2810 684 2878 ἀεὶ
705 2811 761 2878 καὶ
784 2813 830 2889 εἰς
847 2810 925 2890 τοῦς
945 2815 1070 2890 αἰῦνας
1086 2816 1155 2878 τῶν
1177 2815 1230 2880 αἰ-

107 2915 226 2982 οόναν·
257 2912 357 2998 ἀμῆν.
402 2911 497 2982 καλό
524 2913 683 2992 διάκονος
711 2915 784 2999 ἐρεί
799 2912 1005 2982 Ἀπολύεσδε
1033 2914 1073 2981 ἐν
1099 2915 1228 3000 εἰρῆνῃ.

108 3020 216 3084 ταῦτα
244 3016 321 3101 περὶ
345 3013 410 3102 τῆς
431 3021 594 3102 μυστικῆς
619 3021 774 3103 λατρείας
801 3015 1051 3100 διατασσόμεθα
1080 3012 1173 3101 ἡμεῖς
1197 3017 1234 3082 οί
1246 3039 1280 3090 25

107 3116 293 3186 ἀπόστολοι
320 3114 402 3204 ὑμῖν
424 3131 494 3196 τοίς
522 3119 717 3196 ἐπισκόποις
744 3119 801 3184 καί
824 3130 893 3195 τοῖς
913 3117 1152 3204 πρεσβυτέροις
1173 3116 1231 3184 καλ

58 3233 180 3298 ι5τοίς
214 3220 394 3298 διακόνοις.
421 3220 523 3308 Ιπερλ
552 3222 590 3287 δὲ
617 3224 823 3309 χειροτονίας
849 3219 1090 3307 πρεσβυτέρων
1115 3216 1182 3303 ἐγολ
1212 3215 1231 3284 6

107 3321 317 3409 φιλοῦμενος
337 3319 404 3390 ῦπό
425 3326 487 3390 τοῦ
508 3327 631 3410 κυρίου
653 3322 875 3406 διατάσσομαι
896 3317 978 3406 ῦμίν
1000 3332 1070 3398 τοῖς
1092 3320 1230 3388 ἐπισκό-

109 3449 187 3503 ποις
215 3424 456 3511 Πρεσβύτερον
480 3429 695 3510 χειροτονοῦν,
723 3413 750 3490 ύ
772 3426 950 3508 ἐπίσκοπε,
974 3420 1036 3509 τῆν
1055 3436 1151 3508 χειρα
1174 3422 1229 3490 ἐπὶ

107 3531 168 3614 τῆς
192 3531 343 3612 κεφαλῆς
365 3525 510 3594 ἐπιτίθει
532 3525 647 3610 αὐτός,
671 3531 732 3593 τοῦ
753 3529 999 3614 πρεσβυτερίου
1019 3525 1231 3612 παρεστῦτός
1247 3545 1282 3600 30

178 3701 276 3753 8Tim
294 3718 313 3752 α
331 3699 355 3764 6,
379 3699 428 3766 ΙδΙ
447 3699 478 3752 19
495 3701 588 3754 Ρεείια
609 3701 664 3762 121,
682 3700 700 3750 8

107 3875 125 3925 3
143 3861 296 3938 α’ληδηνὸς
313 3887 331 3936 γ
346 3870 382 3934 Ιδ
399 3862 661 3938 περιγραπτόμινος
679 3888 696 3922 x
714 3875 720 3928 Ι
740 3869 794 3922 5.δ
812 3864 914 3922 αἰῶσιν
930 3868 1000 3929 116
1017 3866 1230 3937 περατοῦμινος

107 3963 140 4024 γε
158 3952 206 4023 [όν
222 3957 251 4023 y]
267 3956 304 4018 19
321 3945 337 4006 6
356 3955 473 4006 alterum
489 3955 524 4020 >
540 3971 559 4020 y
579 3955 583 4020 Ι
606 3956 635 4006 17
655 3948 746 4015 αῦτάς
761 3955 849 4020 512⁰
867 3947 1033 4022 φρούρησον
1050 3961 1093 4018 τι,
1113 3945 1229 4020 εῦλόγη-

109 4057 162 4094 σοι
180 4059 198 4108 γ
219 4041 224 4105 Ι
243 4040 278 4092 26
295 4043 356 4098 τοῖς
374 4040 490 4092 alterum
508 4040 542 4104 >
560 4057 577 4091 x
597 4038 600 4106 λ
623 4041 656 4091 27
675 4037 812 4106 διαταγαλ
829 4037 895 4105 περλ
913 4041 1091 4106 χειροτονίας
1107 4039 1229 4107 πρεσβυ-

108 4121 210 4190 τέρτιτ,
229 4117 387 4190 διακόνων,
405 4116 610 4192 ἀναγνώστου,
628 4117 843 4190 ῦκοδιακόνων,
863 4123 1061 4188 διακονισσοῖν,
1081 4123 1194 4191 βιβλίον
1210 4141 1229 4191 η

109 4211 208 4264 titulun
226 4227 265 4273 w,
284 4211 334 4263 εοδ
351 4225 384 4277 pr
401 4227 427 4262 m
444 4202 649 4262 ῦπαδιακόνον
665 4203 854 4276 ἀναγνώστου
875 4214 1040 4262 correctum:
1064 4210 1096 4260 27
1114 4205 1182 4274 τιρλ

109 4295 144 4346 ’29
162 4311 228 4354 ποις
245 4313 263 4347 1
281 4302 311 4348 ut
329 4296 401 4350 solet
417 4297 544 4348 rubricas
561 4295 682 4348 scribere
701 4311 727 4348 m
745 4297 823 4363 prin
841 4295 966 4360 margine
992 4292 998 4354 Ι
1018 4293 1050 4344 27
1069 4286 1102 4346 δέ
1119 4293 1153 4358 >
1171 4311 1195 4344 w
1222 4293 1226 4362 Ι

109 4379 145 4432 30
162 4372 298 4433 ἐπίθεται
316 4397 340 4434 w
359 4379 364 4448 Ι
384 4380 418 4432 30
434 4379 603 4446 παρεστῶτα
620 4383 664 4446 W,
684 4397 701 4432 ν
717 4379 751 4445 ·Ι-
769 4383 909 4434 corrector
