3128 4972
696 455 887 514 ..4-

185 627 238 685 est
265 620 465 684 sententiam
491 658 548 700 -,
580 619 721 704 denique
747 623 956 687 Oosrunzuu¹
986 630 1020 687 et
1044 622 1200 701 Eaaaao,
1231 622 1287 706 qui
1316 644 1392 688 oum

184 747 284 804 antea
306 742 393 804 hanc
417 738 603 824 opinionem
627 739 862 820 defendissem,
879 747 963 820 tum,
985 742 1073 826 quod
1090 741 1175 805 infra
1191 740 1390 822 videbimus,

185 859 385 945 reliquisset,
410 860 596 945 nuperrime
619 860 660 923 ad
684 881 756 924 eam
778 861 909 925 rediit&

270 1000 302 1061 3.
333 996 418 1075 Alii,
449 989 720 1061 haimonisticam
743 997 837 1061 illam
860 1003 899 1062 ut
926 997 974 1062 ita
1003 997 1112 1061 dicam
1141 997 1390 1081 evangeliorum

184 1115 494 1199 interpretationem
513 1116 713 1200 rejicientes,
735 1124 848 1181 tamen
866 1117 1064 1182 Asianorum
1083 1117 1183 1182 ritum
1199 1120 1390 1204 paschalem

183 1237 204 1299 J
207 1235 324 1300 oannei
347 1235 512 1319 evangelii
532 1236 724 1301 authentice
746 1235 819 1301 ideo
836 1236 970 1301 minime
987 1239 1103 1302 obesse
1120 1239 1295 1323 putabant,
1313 1239 1390 1323 quia

184 1354 344 1419 ecclesiae
365 1354 443 1419 illae
464 1355 552 1420 diem
573 1356 762 1440 paschalem
784 1357 1027 1421 constituentes
1049 1358 1181 1421 omnino
1200 1381 1267 1422 non
1283 1358 1389 1422 histo·

183 1475 266 1539 riam
286 1474 514 1558 evangelicam
529 1476 587 1539 sed
603 1476 725 1540 veteris
741 1483 873 1540 tantum
888 1476 1084 1541 testamenti
1098 1479 1210 1561 legem
1224 1477 1388 1562 respexis-

183 1601 271 1658 sent.
309 1595 404 1659 Hano
424 1595 587 1660 dederunt
606 1595 807 1660 sententiam
829 1596 977 1681 quamvis
993 1596 1083 1661 vario
1099 1597 1196 1661 modo
1213 1597 1300 1661 inter
1315 1617 1387 1661 sese

183 1714 418 1779 dissentientes
438 1724 515 1800 post
534 1715 730 1780 Luccrruu⁴
751 1724 786 1780 et
807 1717 1036 1781 Grusauaauu⁶
1057 1717 1217 1801 imprimis
1243 1719 1385 1796 Bauur⁸,

134 1821 138 1832 ’
182 1854 225 1897 ou
247 1835 399 1912 eru',
424 1836 546 1913 Hasu⁸‚
572 1855 639 1899 vnn
661 1835 857 1900 Lauuwun⁹.

268 1974 300 2033 4.
318 1969 456 2033 Plurimi
472 1977 584 2033 autem
599 1971 721 2034 nostris
738 1971 855 2035 diebus
871 1994 1005 2055 prorsus
1021 1971 1086 2036 alio
1104 1974 1201 2037 modo
1219 1973 1385 2058 quaestio-

182 2110 258 2152 nem
273 2088 365 2152 illam
382 2090 510 2153 solvere
528 2089 640 2153 conati
655 2097 744 2154 sunt.
769 2091 912 2155 Tantum
929 2090 1016 2155 enim
1032 2092 1243 2157 affirmabant
1256 2094 1383 2173 abesse,

182 2215 221 2271 ut
243 2207 452 2274 orientalium
476 2209 559 2273 ritus
583 2209 749 2294 paschalis
770 2210 878 2295 quarti
900 2211 1065 2304 evapgelii
1086 2213 1280 2276 auctoritati
1300 2213 1385 2298 peri·

183 2328 295 2391 culum
314 2327 462 2407 inferret,
479 2335 518 2392 ut
538 2329 610 2412 ejus
630 2329 790 2412 originem
806 2331 1023 2414 apostolicam
1039 2333 1195 2415 probaret
1211 2333 1384 2396 confirma·

180 2455 309 2531 ratque.
333 2447 451 2532 Neque
462 2448 593 2512 enimin
603 2449 794 2513 memoriam
806 2451 943 2514 ultimae
954 2452 973 2513 J
976 2472 1034 2514 esu
1044 2450 1171 2515 Christi
1183 2473 1314 2532 coenae,
1328 2452 1386 2516 sed

181 2566 216 2629 in
239 2567 430 2631 memoriam
452 2568 569 2631 mortis
593 2569 663 2652 ejus
683 2569 837 2634 salutaris
857 2570 1034 2634 orientales
1055 2571 1211 2634 ecclesias
1231 2579 1385 2655 quartum

181 2685 347 2750 decimum
367 2686 453 2751 diem
473 2687 681 2752 sollemniter
701 2689 897 2768 celebrasse,
914 2690 962 2754 ita
977 2696 1016 2753 ut
1032 2713 1144 2754 eorum
1159 2691 1243 2754 ritus
1260 2690 1384 2774 optime

183 2807 387 2871 consentiret
414 2829 488 2870 oum
513 2809 660 2872 Joanneo
691 2809 863 2893 evangelio
892 2810 933 2873 ad
962 2809 1103 2873 eundem
1135 2809 1221 2873 diem
1250 2810 1385 2874 Domini

183 3017 610 3026 ——-——.—..——-——

269 3148 279 3182 ¹
296 3149 365 3212 Dae
379 3150 726 3231 Jolronneaeoaapeliam
742 3154 871 3229 (1867),
892 3178 921 3234 p.
938 3159 978 3215 62
994 3177 1038 3234 sq.

270 3233 280 3266 ¹
297 3235 367 3297 Dae
381 3236 438 3298 Ec.
455 3237 607 3299 Jolanaic
623 3241 747 3318 (1845),
764 3263 792 3320 p.
812 3241 997 3301 114-137,

268 3337 280 3370 ⁸
304 3335 603 3423 We'areocclmstliche
623 3339 731 3402 Krioa
751 3341 804 3402 {lor
824 3339 1052 3420 eoonpelioclrea
1073 3340 1265 3414 Gcoclriclele,
1289 3345 1335 3404 ed.
1354 3347 1382 3405 3.

183 3425 311 3502 (reae),
332 3449 361 3506 p.
379 3428 610 3488 nro-1219.

267 3524 279 3557 ⁴
302 3525 491 3587 Coraraerrtor
506 3525 579 3588 iiber
595 3527 625 3588 d.
645 3525 700 3590 Ea.
718 3527 788 3590 Jolc.
811 3533 858 3591 ed.
875 3537 905 3596 3.
927 3535 942 3592 1
958 3533 1087 3610 (1840),
1107 3556 1136 3614 p.
1154 3535 1340 3592 110-113,

267 3610 278 3642 ⁶
296 3609 452 3673 Lelrbaclc
469 3612 521 3673 der
537 3610 771 3692 Kircheopeeclt.
795 3619 842 3677 ed.
859 3623 887 3676 4.
910 3620 941 3692 1,
959 3624 977 3679 1
994 3620 1125 3696 (1844),
1145 3643 1173 3699 p.
1192 3620 1383 3678 240-243.

182 3703 244 3760 292
264 3721 446 3862 {qheirrupe
461 3803 516 3843 aar
528 3781 843 3860 Eooapeliea·Kritilr
859 3787 983 3863 (1846),
997 3809 1026 3866 p.
1039 3792 1079 3848 38
1093 3809 1136 3866 sq.
1152 3791 1330 3848 156-166.
1342 3819 1384 3830 -

184 3865 362 3947 Einreiranp
377 3866 412 3928 a
428 3867 459 3929 d.
476 3867 518 3929 N.
540 3867 572 3930 Τ.
591 3871 719 3946 (roae),
736 3894 765 3950 p.
784 3875 963 3933 rer-194.

268 3968 278 4000 '
295 3968 476 4049 Einlec'laoq
491 3968 553 4032 ia’a
566 3967 609 4032 N.
630 3968 661 4032 Τ.
680 3975 726 4032 ed.
744 3977 772 4034 5.
791 3975 919 4052 (1848),
935 3998 964 4054 p.
981 3979 1043 4036 209
1059 3998 1103 4054 sq.

267 4055 279 4086 ⁸
296 4054 359 4116 Die
374 4053 522 4135 lithinpcr
536 4055 646 4118 Sclrale
659 4059 783 4136 (1855),
797 4083 826 4140 p.
838 4063 975 4122 43-47.
988 4095 1029 4105 -
1046 4056 1279 4137 Kirckcapescl.
1294 4062 1340 4120 cd.
1352 4064 1382 4120 9.

182 4143 310 4220 (1867),
330 4166 360 4223 p.
379 4149 440 4205 103
454 4166 498 4224 sq.

267 4243 347 4307 ⁹De
367 4249 457 4307 sacris
478 4248 669 4328 paschalibus
689 4249 722 4307 in
742 4250 868 4308 ecclesia
890 4251 1068 4324 christiana,
1089 4249 1208 4309 saeculo
1231 4251 1328 4330 primo
1351 4233 1397 4308 et¹

180 4334 328 4406 secundm
343 4335 455 4408 Tielae,
473 4337 565 4395 1860.
