<?xml version="1.0" encoding="UTF-8"?>
<!DOCTYPE html PUBLIC "-//W3C//DTD XHTML 1.0 Transitional//EN"
    "http://www.w3.org/TR/xhtml1/DTD/xhtml1-transitional.dtd">
<html xmlns="http://www.w3.org/1999/xhtml" xml:lang="en" lang="en">
 <head>
  <title>
</title>
<meta http-equiv="Content-Type" content="text/html;charset=utf-8" />
  <meta name='ocr-system' content='tesseract 3.04.00' />
  <meta name='ocr-capabilities' content='ocr_page ocr_carea ocr_par ocr_line ocrx_word'/>
</head>
<body>
  <div class='ocr_page' id='page_1' title='image "./decontroversiis00schgoog_0316.png"; bbox 0 0 2998 4972; ppageno 0'>
   <div class='ocr_carea' id='block_1_1' title="bbox 313 417 1427 490">
    <p class='ocr_par' dir='ltr' id='par_1_1' title="bbox 313 417 1427 490">
     <span class='ocr_line' id='line_1_1' title="bbox 313 417 1427 490; baseline -0.007 0"><span class='ocrx_word' id='word_1_1' title='bbox 313 425 376 490; x_wconf 78' lang='grc' dir='ltr'><em>ειν</em></span> <span class='ocrx_word' id='word_1_2' title='bbox 1290 421 1306 482; x_wconf 83' lang='grc' dir='ltr'>ι</span> <span class='ocrx_word' id='word_1_3' title='bbox 1330 417 1427 471; x_wconf 70' lang='grc' dir='ltr'><em>ιε-ει</em></span> 
     </span>
    </p>
   </div>
   <div class='ocr_carea' id='block_1_2' title="bbox 265 583 1427 1688">
    <p class='ocr_par' dir='ltr' id='par_1_2' title="bbox 265 583 1427 1688">
     <span class='ocr_line' id='line_1_2' title="bbox 313 583 1427 673; baseline -0.004 -19"><span class='ocrx_word' id='word_1_4' title='bbox 313 591 399 673; x_wconf 92' lang='grc' dir='ltr'><em>βατα</em></span> <span class='ocrx_word' id='word_1_5' title='bbox 421 588 468 665; x_wconf 85' lang='grc' dir='ltr'><em>είς</em></span> <span class='ocrx_word' id='word_1_6' title='bbox 489 585 614 664; x_wconf 78' lang='grc' dir='ltr'><em>λύκους</em></span> <span class='ocrx_word' id='word_1_7' title='bbox 635 583 732 671; x_wconf 76' lang='grc' dir='ltr'><em>καλή</em></span> <span class='ocrx_word' id='word_1_8' title='bbox 755 584 867 671; x_wconf 87' lang='grc' dir='ltr'><em>ἀγάπη</em></span> <span class='ocrx_word' id='word_1_9' title='bbox 884 587 931 663; x_wconf 85' lang='grc' dir='ltr'><em>είς</em></span> <span class='ocrx_word' id='word_1_10' title='bbox 949 597 1063 670; x_wconf 81' lang='grc' dir='ltr'><em>μίσος·</em></span> <span class='ocrx_word' id='word_1_11' title='bbox 1087 589 1348 670; x_wconf 88' lang='grc' dir='ltr'><em>πληθυνθείσης</em></span> <span class='ocrx_word' id='word_1_12' title='bbox 1369 585 1427 669; x_wconf 84' lang='grc' dir='ltr'><em>γάρ</em></span> 
     </span>
     <span class='ocr_line' id='line_1_3' title="bbox 312 684 1426 775; baseline -0.004 -20"><span class='ocrx_word' id='word_1_13' title='bbox 312 695 371 775; x_wconf 87' lang='grc' dir='ltr'><em>τής</em></span> <span class='ocrx_word' id='word_1_14' title='bbox 398 687 556 774; x_wconf 80' lang='grc' dir='ltr'><em>ἀνομίας,</em></span> <span class='ocrx_word' id='word_1_15' title='bbox 587 687 773 772; x_wconf 77' lang='grc' dir='ltr'><em>ψυγήσεται</em></span> <span class='ocrx_word' id='word_1_16' title='bbox 799 684 820 773; x_wconf 91' lang='grc' dir='ltr'><em>ή</em></span> <span class='ocrx_word' id='word_1_17' title='bbox 844 686 955 773; x_wconf 87' lang='grc' dir='ltr'><em>ἀγόπη</em></span> <span class='ocrx_word' id='word_1_18' title='bbox 976 691 1045 753; x_wconf 91' lang='grc' dir='ltr'><em>τῶν</em></span> <span class='ocrx_word' id='word_1_19' title='bbox 1067 687 1218 752; x_wconf 87' lang='grc' dir='ltr'><em>πολλῶν·</em></span> <span class='ocrx_word' id='word_1_20' title='bbox 1249 688 1426 770; x_wconf 79' lang='grc' dir='ltr'>μισήσουσι</span> 
     </span>
     <span class='ocr_line' id='line_1_4' title="bbox 313 786 1426 877; baseline -0.004 -21"><span class='ocrx_word' id='word_1_21' title='bbox 313 789 379 877; x_wconf 88' lang='grc' dir='ltr'><em>γάρ</em></span> <span class='ocrx_word' id='word_1_22' title='bbox 401 789 568 875; x_wconf 75' lang='grc' dir='ltr'><em>ἀλλήλους</em></span> <span class='ocrx_word' id='word_1_23' title='bbox 590 791 626 854; x_wconf 89' lang='grc' dir='ltr'><em>οί</em></span> <span class='ocrx_word' id='word_1_24' title='bbox 644 786 821 876; x_wconf 79' lang='grc' dir='ltr'><em>ἅνθρωποι</em></span> <span class='ocrx_word' id='word_1_25' title='bbox 844 787 900 854; x_wconf 82' lang='grc' dir='ltr'><em>καί</em></span> <span class='ocrx_word' id='word_1_26' title='bbox 923 789 1082 869; x_wconf 79' lang='grc' dir='ltr'><em>ῦιῶξουσι</em></span> <span class='ocrx_word' id='word_1_27' title='bbox 1108 786 1164 854; x_wconf 80' lang='grc' dir='ltr'><em>καὶ</em></span> <span class='ocrx_word' id='word_1_28' title='bbox 1183 788 1426 874; x_wconf 83' lang='grc' dir='ltr'><em>προόῶσουσιν.</em></span> 
     </span>
     <span class='ocr_line' id='line_1_5' title="bbox 315 888 1426 977; baseline -0.004 -19"><span class='ocrx_word' id='word_1_29' title='bbox 315 893 371 958; x_wconf 81' lang='grc' dir='ltr'><em>καί</em></span> <span class='ocrx_word' id='word_1_30' title='bbox 394 893 468 960; x_wconf 87' lang='grc' dir='ltr'><em>τότε</em></span> <span class='ocrx_word' id='word_1_31' title='bbox 489 891 674 977; x_wconf 86' lang='grc' dir='ltr'><em>φανήσεται</em></span> <span class='ocrx_word' id='word_1_32' title='bbox 694 889 713 956; x_wconf 93' lang='lat'><em>6</em></span> <span class='ocrx_word' id='word_1_33' title='bbox 734 891 978 975; x_wconf 87' lang='grc' dir='ltr'><em>κοσμοπλάνος,</em></span> <span class='ocrx_word' id='word_1_34' title='bbox 1002 888 1098 975; x_wconf 82' lang='grc' dir='ltr'><strong><em>ὁτῆς</em></strong></span> <span class='ocrx_word' id='word_1_35' title='bbox 1115 889 1278 975; x_wconf 78' lang='grc' dir='ltr'><em>ἀληθείας</em></span> <span class='ocrx_word' id='word_1_36' title='bbox 1299 889 1426 974; x_wconf 77' lang='grc' dir='ltr'><em>ἐχθρός,</em></span> 
     </span>
     <span class='ocr_line' id='line_1_6' title="bbox 280 988 1426 1080; baseline -0.003 -20"><span class='ocrx_word' id='word_1_37' title='bbox 280 993 334 1060; x_wconf 85' lang='lat'><em>56</em></span> <span class='ocrx_word' id='word_1_38' title='bbox 358 997 427 1060; x_wconf 88' lang='grc' dir='ltr'><em>τοῦ.</em></span> <span class='ocrx_word' id='word_1_39' title='bbox 445 992 594 1072; x_wconf 78' lang='grc' dir='ltr'><em>ψεύδους</em></span> <span class='ocrx_word' id='word_1_40' title='bbox 614 993 818 1080; x_wconf 76' lang='grc' dir='ltr'><em>προστάτης,</em></span> <span class='ocrx_word' id='word_1_41' title='bbox 843 988 883 1059; x_wconf 83' lang='grc' dir='ltr'><em>ὃν</em></span> <span class='ocrx_word' id='word_1_42' title='bbox 904 991 923 1058; x_wconf 93' lang='lat'><em>6</em></span> <span class='ocrx_word' id='word_1_43' title='bbox 940 992 1056 1077; x_wconf 88' lang='grc' dir='ltr'><em>κύριος</em></span> <span class='ocrx_word' id='word_1_44' title='bbox 1078 997 1096 1038; x_wconf 80' lang='grc'>*</span> <span class='ocrx_word' id='word_1_45' title='bbox 1124 989 1241 1058; x_wconf 77' lang='grc' dir='ltr'><em>ἀνελεῖ</em></span> <span class='ocrx_word' id='word_1_46' title='bbox 1257 992 1306 1079; x_wconf 78' lang='grc' dir='ltr'><em>τῷ</em></span> <span class='ocrx_word' id='word_1_47' title='bbox 1329 993 1426 1056; x_wconf 62' lang='lat' dir='ltr'><strong><em>m</em></strong></span> 
     </span>
     <span class='ocr_line' id='line_1_7' title="bbox 313 1091 1424 1180; baseline -0.003 -19"><span class='ocrx_word' id='word_1_48' title='bbox 313 1119 393 1180; x_wconf 91' lang='grc' dir='ltr'><em>ματι</em></span> <span class='ocrx_word' id='word_1_49' title='bbox 414 1099 475 1160; x_wconf 91' lang='grc' dir='ltr'><em>τοῦ</em></span> <span class='ocrx_word' id='word_1_50' title='bbox 492 1094 653 1178; x_wconf 91' lang='grc' dir='ltr'><em>στόματος</em></span> <span class='ocrx_word' id='word_1_51' title='bbox 667 1093 772 1160; x_wconf 78' lang='grc' dir='ltr'><em>αὐτοῦ</em></span> <span class='ocrx_word' id='word_1_52' title='bbox 794 1095 812 1134; x_wconf 78' lang='grc'>*</span> <span class='ocrx_word' id='word_1_53' title='bbox 833 1091 851 1160; x_wconf 91' lang='grc' dir='ltr'><em>ό</em></span> <span class='ocrx_word' id='word_1_54' title='bbox 872 1095 890 1134; x_wconf 78' lang='grc'>*</span> <span class='ocrx_word' id='word_1_55' title='bbox 910 1093 967 1160; x_wconf 84' lang='grc' dir='ltr'><em>όιά</em></span> <span class='ocrx_word' id='word_1_56' title='bbox 988 1096 1125 1178; x_wconf 76' lang='grc' dir='ltr'><em>χειλέων</em></span> <span class='ocrx_word' id='word_1_57' title='bbox 1139 1091 1293 1177; x_wconf 75' lang='grc' dir='ltr'><em>ἀναιρῶν</em></span> <span class='ocrx_word' id='word_1_58' title='bbox 1307 1091 1424 1178; x_wconf 78' lang='grc' dir='ltr'><em>ἀσεβῆ·</em></span> 
     </span>
     <span class='ocr_line' id='line_1_8' title="bbox 314 1191 1426 1282; baseline -0.004 -20"><span class='ocrx_word' id='word_1_59' title='bbox 314 1194 371 1262; x_wconf 78' lang='grc' dir='ltr'><em>καὶ</em></span> <span class='ocrx_word' id='word_1_60' title='bbox 398 1194 518 1262; x_wconf 82' lang='grc' dir='ltr'><em>πολλοί</em></span> <span class='ocrx_word' id='word_1_61' title='bbox 543 1195 895 1280; x_wconf 77' lang='grc' dir='ltr'><em>σκανδαλισθήσονται</em></span> <span class='ocrx_word' id='word_1_62' title='bbox 922 1193 975 1262; x_wconf 82' lang='grc' dir='ltr'><em>ἐπ’</em></span> <span class='ocrx_word' id='word_1_63' title='bbox 1005 1193 1112 1282; x_wconf 75' lang='grc' dir='ltr'><em>αύτῷ,</em></span> <span class='ocrx_word' id='word_1_64' title='bbox 1141 1191 1160 1260; x_wconf 97' lang='lat'><em>6</em></span> <span class='ocrx_word' id='word_1_65' title='bbox 1186 1195 1224 1260; x_wconf 78' lang='grc' dir='ltr'><em>δὲ</em></span> <span class='ocrx_word' id='word_1_66' title='bbox 1247 1191 1426 1279; x_wconf 80' lang='grc' dir='ltr'><em>ὑπομείνας</em></span> 
     </span>
     <span class='ocr_line' id='line_1_9' title="bbox 315 1287 1425 1382; baseline -0.002 -18"><span class='ocrx_word' id='word_1_67' title='bbox 315 1301 362 1376; x_wconf 88' lang='grc' dir='ltr'><em>είς</em></span> <span class='ocrx_word' id='word_1_68' title='bbox 392 1301 501 1381; x_wconf 82' lang='grc' dir='ltr'><em>τέλος,</em></span> <span class='ocrx_word' id='word_1_69' title='bbox 537 1287 636 1375; x_wconf 85' lang='grc' dir='ltr'><em>ούτος</em></span> <span class='ocrx_word' id='word_1_70' title='bbox 660 1296 862 1382; x_wconf 85' lang='grc' dir='ltr'><em>σωθήσεται.</em></span> <span class='ocrx_word' id='word_1_71' title='bbox 907 1299 965 1362; x_wconf 82' lang='grc' dir='ltr'><em>καὶ</em></span> <span class='ocrx_word' id='word_1_72' title='bbox 994 1297 1068 1362; x_wconf 89' lang='grc' dir='ltr'><em>τότε</em></span> <span class='ocrx_word' id='word_1_73' title='bbox 1096 1295 1284 1381; x_wconf 87' lang='grc' dir='ltr'><em>φανήσεται</em></span> <span class='ocrx_word' id='word_1_74' title='bbox 1314 1293 1334 1362; x_wconf 89' lang='grc' dir='ltr'><em>ό</em></span> <span class='ocrx_word' id='word_1_75' title='bbox 1362 1295 1425 1372; x_wconf 84' lang='grc' dir='ltr'><em>υίῦς</em></span> 
     </span>
     <span class='ocr_line' id='line_1_10' title="bbox 313 1394 1424 1487; baseline -0.004 -21"><span class='ocrx_word' id='word_1_76' title='bbox 313 1405 375 1466; x_wconf 92' lang='grc' dir='ltr'><em>τοῦ</em></span> <span class='ocrx_word' id='word_1_77' title='bbox 397 1399 585 1485; x_wconf 77' lang='grc' dir='ltr'><em>ἀνθρώπου</em></span> <span class='ocrx_word' id='word_1_78' title='bbox 608 1397 647 1464; x_wconf 81' lang='grc' dir='ltr'><em>έν</em></span> <span class='ocrx_word' id='word_1_79' title='bbox 667 1403 714 1486; x_wconf 79' lang='grc' dir='ltr'><em>τῷ</em></span> <span class='ocrx_word' id='word_1_80' title='bbox 735 1396 888 1487; x_wconf 79' lang='grc' dir='ltr'><em>ούρανῶ,</em></span> <span class='ocrx_word' id='word_1_81' title='bbox 921 1394 991 1464; x_wconf 85' lang='grc' dir='ltr'><em>εἶτα</em></span> <span class='ocrx_word' id='word_1_82' title='bbox 1013 1396 1110 1483; x_wconf 85' lang='grc' dir='ltr'><em>φωνή</em></span> <span class='ocrx_word' id='word_1_83' title='bbox 1133 1399 1317 1482; x_wconf 81' lang='grc' dir='ltr'><em>σάλπιγγος</em></span> <span class='ocrx_word' id='word_1_84' title='bbox 1341 1401 1424 1464; x_wconf 79' lang='grc' dir='ltr'><em>ἔσται</em></span> 
     </span>
     <span class='ocr_line' id='line_1_11' title="bbox 265 1499 1423 1588; baseline -0.003 -18"><span class='ocrx_word' id='word_1_85' title='bbox 265 1519 297 1570; x_wconf 85' lang='grc'><em>10</em></span> <span class='ocrx_word' id='word_1_86' title='bbox 314 1501 360 1569; x_wconf 73' lang='grc' dir='ltr'><em>δι’</em></span> <span class='ocrx_word' id='word_1_87' title='bbox 387 1500 595 1588; x_wconf 88' lang='grc' dir='ltr'><em>ἀρχαγγέλου</em></span> <span class='ocrx_word' id='word_1_88' title='bbox 621 1501 678 1568; x_wconf 79' lang='grc' dir='ltr'><em>καὶ</em></span> <span class='ocrx_word' id='word_1_89' title='bbox 706 1499 830 1584; x_wconf 77' lang='grc' dir='ltr'><em>μεταξύ</em></span> <span class='ocrx_word' id='word_1_90' title='bbox 856 1499 1039 1586; x_wconf 88' lang='grc' dir='ltr'><em>ἀναβίωσις</em></span> <span class='ocrx_word' id='word_1_91' title='bbox 1069 1503 1138 1565; x_wconf 86' lang='grc' dir='ltr'><em>τῶν</em></span> <span class='ocrx_word' id='word_1_92' title='bbox 1167 1501 1423 1584; x_wconf 85' lang='grc' dir='ltr'><em>κεκοιμημένων,</em></span> 
     </span>
     <span class='ocr_line' id='line_1_12' title="bbox 314 1599 1424 1688; baseline -0.004 -18"><span class='ocrx_word' id='word_1_93' title='bbox 314 1603 371 1670; x_wconf 81' lang='grc' dir='ltr'><em>καὶ</em></span> <span class='ocrx_word' id='word_1_94' title='bbox 398 1603 473 1669; x_wconf 88' lang='grc' dir='ltr'><em>τότε</em></span> <span class='ocrx_word' id='word_1_95' title='bbox 493 1602 565 1688; x_wconf 81' lang='grc' dir='ltr'><em>ἥξει</em></span> <span class='ocrx_word' id='word_1_96' title='bbox 592 1600 611 1667; x_wconf 90' lang='lat'><em>6</em></span> <span class='ocrx_word' id='word_1_97' title='bbox 632 1601 749 1687; x_wconf 88' lang='grc' dir='ltr'><em>κύριος</em></span> <span class='ocrx_word' id='word_1_98' title='bbox 770 1601 827 1669; x_wconf 81' lang='grc' dir='ltr'><em>καὶ</em></span> <span class='ocrx_word' id='word_1_99' title='bbox 848 1603 972 1679; x_wconf 79' lang='grc' dir='ltr'><em>πάντες</em></span> <span class='ocrx_word' id='word_1_100' title='bbox 998 1603 1034 1668; x_wconf 90' lang='grc' dir='ltr'><em>οί</em></span> <span class='ocrx_word' id='word_1_101' title='bbox 1051 1601 1141 1685; x_wconf 88' lang='grc' dir='ltr'><em>ἀγιοι</em></span> <span class='ocrx_word' id='word_1_102' title='bbox 1160 1599 1233 1685; x_wconf 87' lang='grc' dir='ltr'><em>μετ’</em></span> <span class='ocrx_word' id='word_1_103' title='bbox 1262 1599 1372 1667; x_wconf 84' lang='grc' dir='ltr'><em>αὐτοῦ</em></span> <span class='ocrx_word' id='word_1_104' title='bbox 1392 1601 1424 1668; x_wconf 86' lang='grc' dir='ltr'><em>έν</em></span> 
     </span>
    </p>
   </div>
   <div class='ocr_carea' id='block_1_3' title="bbox 265 1702 1424 2406">
    <p class='ocr_par' dir='ltr' id='par_1_3' title="bbox 265 1702 1424 2406">
     <span class='ocr_line' id='line_1_13' title="bbox 315 1702 1424 1793; baseline -0.004 -21"><span class='ocrx_word' id='word_1_105' title='bbox 315 1708 508 1793; x_wconf 71' lang='grc' dir='ltr'><em>σνσσεισμχῦ</em></span> <span class='ocrx_word' id='word_1_106' title='bbox 538 1703 651 1770; x_wconf 85' lang='grc' dir='ltr'><em>έπάνω</em></span> <span class='ocrx_word' id='word_1_107' title='bbox 682 1707 752 1769; x_wconf 92' lang='grc' dir='ltr'><em>τῶν</em></span> <span class='ocrx_word' id='word_1_108' title='bbox 784 1705 939 1789; x_wconf 83' lang='grc' dir='ltr'><em>νεφελῶν</em></span> <span class='ocrx_word' id='word_1_109' title='bbox 971 1727 1031 1788; x_wconf 86' lang='grc' dir='ltr'><em>μετ</em></span> <span class='ocrx_word' id='word_1_110' title='bbox 1077 1702 1229 1786; x_wconf 89' lang='grc' dir='ltr'><em>ἀγγέλων</em></span> <span class='ocrx_word' id='word_1_111' title='bbox 1255 1705 1424 1788; x_wconf 78' lang='grc' dir='ltr'><em>δυνάμεως</em></span> 
     </span>
     <span class='ocr_line' id='line_1_14' title="bbox 314 1803 1422 1893; baseline -0.004 -20"><span class='ocrx_word' id='word_1_112' title='bbox 314 1805 419 1873; x_wconf 87' lang='grc' dir='ltr'><em>αῦτοῦ</em></span> <span class='ocrx_word' id='word_1_113' title='bbox 450 1805 506 1872; x_wconf 81' lang='grc' dir='ltr'><em>έπί</em></span> <span class='ocrx_word' id='word_1_114' title='bbox 534 1805 667 1893; x_wconf 90' lang='grc' dir='ltr'><em>θρόνον</em></span> <span class='ocrx_word' id='word_1_115' title='bbox 692 1807 879 1889; x_wconf 82' lang='grc' dir='ltr'><em>βασιλείας,</em></span> <span class='ocrx_word' id='word_1_116' title='bbox 918 1817 1118 1891; x_wconf 77' lang='grc' dir='ltr'><em>κατακρίναι</em></span> <span class='ocrx_word' id='word_1_117' title='bbox 1150 1803 1210 1870; x_wconf 89' lang='grc' dir='ltr'><em>τόν</em></span> <span class='ocrx_word' id='word_1_118' title='bbox 1237 1805 1422 1890; x_wconf 84' lang='grc' dir='ltr'><em>κοσμοκλό-</em></span> 
     </span>
     <span class='ocr_line' id='line_1_15' title="bbox 314 1903 1422 1994; baseline -0.005 -19"><span class='ocrx_word' id='word_1_119' title='bbox 314 1933 378 1976; x_wconf 90' lang='grc' dir='ltr'><em>νον</em></span> <span class='ocrx_word' id='word_1_120' title='bbox 410 1907 572 1992; x_wconf 84' lang='grc' dir='ltr'><em>όιάβολον</em></span> <span class='ocrx_word' id='word_1_121' title='bbox 611 1907 667 1972; x_wconf 81' lang='grc' dir='ltr'><em>καί</em></span> <span class='ocrx_word' id='word_1_122' title='bbox 702 1904 891 1974; x_wconf 73' lang='grc' dir='ltr'><em>ἀποδοῦναι</em></span> <span class='ocrx_word' id='word_1_123' title='bbox 924 1906 1052 1994; x_wconf 78' lang='grc' dir='ltr'><em>έκάστςο</em></span> <span class='ocrx_word' id='word_1_124' title='bbox 1087 1903 1172 1972; x_wconf 91' lang='grc' dir='ltr'><em>κατά</em></span> <span class='ocrx_word' id='word_1_125' title='bbox 1206 1905 1270 1992; x_wconf 89' lang='grc' dir='ltr'><em>τήν</em></span> <span class='ocrx_word' id='word_1_126' title='bbox 1310 1910 1422 1991; x_wconf 83' lang='grc' dir='ltr'><em>πρᾶξιν</em></span> 
     </span>
     <span class='ocr_line' id='line_1_16' title="bbox 265 2006 1422 2093; baseline -0.002 -17"><span class='ocrx_word' id='word_1_127' title='bbox 265 2027 296 2077; x_wconf 80' lang='lat'><em>15</em></span> <span class='ocrx_word' id='word_1_128' title='bbox 314 2008 429 2076; x_wconf 89' lang='grc' dir='ltr'><em>αῦτοῦ.</em></span> <span class='ocrx_word' id='word_1_129' title='bbox 473 2009 591 2074; x_wconf 78' lang='grc' dir='ltr'><em>*τότε</em></span> <span class='ocrx_word' id='word_1_130' title='bbox 620 2006 864 2074; x_wconf 76' lang='grc' dir='ltr'><em>ἀπελεύσονται</em></span> <span class='ocrx_word' id='word_1_131' title='bbox 890 2007 926 2074; x_wconf 91' lang='grc' dir='ltr'><em>οί</em></span> <span class='ocrx_word' id='word_1_132' title='bbox 950 2009 1014 2093; x_wconf 77' lang='grc' dir='ltr'><em>μὲν</em></span> <span class='ocrx_word' id='word_1_133' title='bbox 1040 2008 1184 2093; x_wconf 80' lang='grc' dir='ltr'><em>πονηροὶ</em></span> <span class='ocrx_word' id='word_1_134' title='bbox 1210 2011 1258 2085; x_wconf 87' lang='grc' dir='ltr'><em>είς</em></span> <span class='ocrx_word' id='word_1_135' title='bbox 1289 2012 1422 2075; x_wconf 73' lang='grc' dir='ltr'><em>αἰωνίαν</em></span> 
     </span>
     <span class='ocr_line' id='line_1_17' title="bbox 314 2108 1421 2195; baseline -0.004 -18"><span class='ocrx_word' id='word_1_136' title='bbox 314 2113 471 2193; x_wconf 90' lang='grc' dir='ltr'><em>κόλασιν,</em></span> <span class='ocrx_word' id='word_1_137' title='bbox 500 2110 537 2174; x_wconf 90' lang='grc' dir='ltr'><em>οί</em></span> <span class='ocrx_word' id='word_1_138' title='bbox 553 2109 591 2175; x_wconf 75' lang='grc' dir='ltr'><em>δὲ</em></span> <span class='ocrx_word' id='word_1_139' title='bbox 610 2111 735 2175; x_wconf 77' lang='grc' dir='ltr'><em>δίκαιοι</em></span> <span class='ocrx_word' id='word_1_140' title='bbox 756 2109 979 2194; x_wconf 79' lang='grc' dir='ltr'><em>πορεύσονται</em></span> <span class='ocrx_word' id='word_1_141' title='bbox 1002 2113 1049 2186; x_wconf 88' lang='grc' dir='ltr'><em>είς</em></span> <span class='ocrx_word' id='word_1_142' title='bbox 1067 2108 1155 2195; x_wconf 80' lang='grc' dir='ltr'><em>ζωήν</em></span> <span class='ocrx_word' id='word_1_143' title='bbox 1176 2110 1328 2192; x_wconf 89' lang='grc' dir='ltr'><em>αίῶνιον,</em></span> <span class='ocrx_word' id='word_1_144' title='bbox 1351 2115 1421 2194; x_wconf 87' lang='grc' dir='ltr'><em>κλη-</em></span> 
     </span>
     <span class='ocr_line' id='line_1_18' title="bbox 315 2202 1421 2299; baseline -0.002 -21"><span class='ocrx_word' id='word_1_145' title='bbox 315 2215 539 2299; x_wconf 90' lang='grc' dir='ltr'><em>ρονομοῦντες</em></span> <span class='ocrx_word' id='word_1_146' title='bbox 573 2210 686 2276; x_wconf 73' lang='grc' dir='ltr'><em>ἐκεῖνα</em></span> <span class='ocrx_word' id='word_1_147' title='bbox 714 2207 736 2276; x_wconf 85' lang='grc' dir='ltr'><em>ἀ</em></span> <span class='ocrx_word' id='word_1_148' title='bbox 763 2209 940 2296; x_wconf 84' lang='grc' dir='ltr'><em>ὀφθαλμὸς</em></span> <span class='ocrx_word' id='word_1_149' title='bbox 972 2209 1035 2277; x_wconf 92' lang='grc' dir='ltr'><em>ούκ</em></span> <span class='ocrx_word' id='word_1_150' title='bbox 1071 2207 1163 2277; x_wconf 81' lang='grc' dir='ltr'><em>εέόεν</em></span> <span class='ocrx_word' id='word_1_151' title='bbox 1196 2210 1251 2276; x_wconf 77' lang='grc' dir='ltr'><em>καὶ</em></span> <span class='ocrx_word' id='word_1_152' title='bbox 1280 2202 1340 2288; x_wconf 83' lang='grc' dir='ltr'><em>οῦς</em></span> <span class='ocrx_word' id='word_1_153' title='bbox 1368 2209 1421 2276; x_wconf 84' lang='grc' dir='ltr'><em>οῦκ</em></span> 
     </span>
     <span class='ocr_line' id='line_1_19' title="bbox 286 2309 1421 2406; baseline -0.003 -25"><span class='ocrx_word' id='word_1_154' title='bbox 286 2383 291 2406; x_wconf 39' lang='lat'>2</span> <span class='ocrx_word' id='word_1_155' title='bbox 313 2311 461 2401; x_wconf 87' lang='grc' dir='ltr'><em>ήκουσεν</em></span> <span class='ocrx_word' id='word_1_156' title='bbox 482 2311 539 2378; x_wconf 80' lang='grc' dir='ltr'><em>καί</em></span> <span class='ocrx_word' id='word_1_157' title='bbox 554 2312 609 2378; x_wconf 76' lang='grc' dir='ltr'><em>ἐπὶ</em></span> <span class='ocrx_word' id='word_1_158' title='bbox 627 2314 772 2398; x_wconf 81' lang='grc' dir='ltr'><em>καρδίαν</em></span> <span class='ocrx_word' id='word_1_159' title='bbox 790 2311 979 2399; x_wconf 76' lang='grc' dir='ltr'><em>ἀνθρώπου</em></span> <span class='ocrx_word' id='word_1_160' title='bbox 993 2312 1056 2380; x_wconf 89' lang='grc' dir='ltr'><em>οῦκ</em></span> <span class='ocrx_word' id='word_1_161' title='bbox 1074 2313 1189 2399; x_wconf 86' lang='grc' dir='ltr'><em>ἀνέβη,</em></span> <span class='ocrx_word' id='word_1_162' title='bbox 1212 2309 1421 2398; x_wconf 84' lang='grc' dir='ltr'><em>ἀήτοίμσσεν</em></span> 
     </span>
    </p>
   </div>
   <div class='ocr_carea' id='block_1_4' title="bbox 261 2412 1454 3112">
    <p class='ocr_par' dir='ltr' id='par_1_4' title="bbox 261 2412 1454 3112">
     <span class='ocr_line' id='line_1_20' title="bbox 314 2412 1420 2501; baseline -0.004 -18"><span class='ocrx_word' id='word_1_163' title='bbox 314 2416 333 2483; x_wconf 88' lang='lat'><em>6</em></span> <span class='ocrx_word' id='word_1_164' title='bbox 352 2416 433 2493; x_wconf 83' lang='grc' dir='ltr'><em>θεὸς</em></span> <span class='ocrx_word' id='word_1_165' title='bbox 458 2427 527 2492; x_wconf 83' lang='grc' dir='ltr'><em>τοίς</em></span> <span class='ocrx_word' id='word_1_166' title='bbox 548 2414 724 2500; x_wconf 72' lang='grc' dir='ltr'><em>ἀγαπῶσιν</em></span> <span class='ocrx_word' id='word_1_167' title='bbox 748 2412 868 2498; x_wconf 90' lang='grc' dir='ltr'><em>αύτόν,</em></span> <span class='ocrx_word' id='word_1_168' title='bbox 897 2415 953 2482; x_wconf 79' lang='grc' dir='ltr'><em>καὶ</em></span> <span class='ocrx_word' id='word_1_169' title='bbox 974 2415 1178 2500; x_wconf 83' lang='grc' dir='ltr'><em>χαρήσονται</em></span> <span class='ocrx_word' id='word_1_170' title='bbox 1206 2416 1246 2481; x_wconf 83' lang='grc' dir='ltr'><em>έν</em></span> <span class='ocrx_word' id='word_1_171' title='bbox 1269 2419 1312 2501; x_wconf 83' lang='grc' dir='ltr'><em>τῇ</em></span> <span class='ocrx_word' id='word_1_172' title='bbox 1332 2419 1420 2500; x_wconf 93' lang='grc' dir='ltr'><em>βασι-</em></span> 
     </span>
     <span class='ocr_line' id='line_1_21' title="bbox 262 2515 1418 2604; baseline -0.003 -19"><span class='ocrx_word' id='word_1_173' title='bbox 262 2533 297 2585; x_wconf 82' lang='lat'><em>20</em></span> <span class='ocrx_word' id='word_1_174' title='bbox 314 2521 386 2604; x_wconf 79' lang='grc' dir='ltr'><em>λείᾳ</em></span> <span class='ocrx_word' id='word_1_175' title='bbox 400 2518 460 2582; x_wconf 90' lang='grc' dir='ltr'><em>τοῦ</em></span> <span class='ocrx_word' id='word_1_176' title='bbox 477 2521 564 2583; x_wconf 89' lang='grc' dir='ltr'><em>θεοῦ</em></span> <span class='ocrx_word' id='word_1_177' title='bbox 581 2522 623 2602; x_wconf 86' lang='grc' dir='ltr'><em>τή</em></span> <span class='ocrx_word' id='word_1_178' title='bbox 647 2515 686 2583; x_wconf 81' lang='grc' dir='ltr'><em>έν</em></span> <span class='ocrx_word' id='word_1_179' title='bbox 706 2517 830 2604; x_wconf 74' lang='grc' dir='ltr'><em>χριστῷ</em></span> <span class='ocrx_word' id='word_1_180' title='bbox 846 2515 963 2601; x_wconf 80' lang='grc' dir='ltr'><em>Ἰησοῦ.</em></span> <span class='ocrx_word' id='word_1_181' title='bbox 1009 2515 1180 2582; x_wconf 86' lang='grc' dir='ltr'><em>τοσούτων</em></span> <span class='ocrx_word' id='word_1_182' title='bbox 1195 2518 1234 2582; x_wconf 77' lang='grc' dir='ltr'><em>δὲ</em></span> <span class='ocrx_word' id='word_1_183' title='bbox 1253 2516 1418 2604; x_wconf 83' lang='grc' dir='ltr'><em>ήξιωμένοι</em></span> 
     </span>
     <span class='ocr_line' id='line_1_22' title="bbox 312 2615 1418 2703; baseline -0.003 -19"><span class='ocrx_word' id='word_1_184' title='bbox 312 2623 382 2684; x_wconf 88' lang='grc' dir='ltr'><em>τῶν</em></span> <span class='ocrx_word' id='word_1_185' title='bbox 408 2616 486 2703; x_wconf 86' lang='grc' dir='ltr'><em>παρ’</em></span> <span class='ocrx_word' id='word_1_186' title='bbox 511 2615 617 2684; x_wconf 87' lang='grc' dir='ltr'><em>αύτοῦ</em></span> <span class='ocrx_word' id='word_1_187' title='bbox 637 2616 793 2701; x_wconf 90' lang='grc' dir='ltr'><em>ἀγαθῶν,</em></span> <span class='ocrx_word' id='word_1_188' title='bbox 822 2618 1001 2703; x_wconf 79' lang='grc' dir='ltr'><em>γενοίμεθα</em></span> <span class='ocrx_word' id='word_1_189' title='bbox 1029 2615 1135 2684; x_wconf 88' lang='grc' dir='ltr'><em>αῦτοῦ</em></span> <span class='ocrx_word' id='word_1_190' title='bbox 1163 2618 1284 2701; x_wconf 85' lang='grc' dir='ltr'><em>ίκέται,</em></span> <span class='ocrx_word' id='word_1_191' title='bbox 1312 2619 1418 2685; x_wconf 88' lang='grc' dir='ltr'><em>έπικα-</em></span> 
     </span>
     <span class='ocr_line' id='line_1_23' title="bbox 312 2716 1454 2807; baseline -0.002 -23"><span class='ocrx_word' id='word_1_192' title='bbox 312 2719 472 2803; x_wconf 84' lang='grc' dir='ltr'><em>λούμενοι</em></span> <span class='ocrx_word' id='word_1_193' title='bbox 490 2716 595 2784; x_wconf 86' lang='grc' dir='ltr'><em>αύτόν</em></span> <span class='ocrx_word' id='word_1_194' title='bbox 613 2717 670 2784; x_wconf 83' lang='grc' dir='ltr'><em>όιά</em></span> <span class='ocrx_word' id='word_1_195' title='bbox 691 2721 854 2804; x_wconf 83' lang='grc' dir='ltr'><em>συνεχοῦς</em></span> <span class='ocrx_word' id='word_1_196' title='bbox 873 2721 1018 2805; x_wconf 81' lang='grc' dir='ltr'><em>δεήσεως</em></span> <span class='ocrx_word' id='word_1_197' title='bbox 1036 2719 1092 2785; x_wconf 79' lang='grc' dir='ltr'><em>καί</em></span> <span class='ocrx_word' id='word_1_198' title='bbox 1107 2721 1261 2804; x_wconf 88' lang='grc' dir='ltr'><em>λέγοντες</em></span> <span class='ocrx_word' id='word_1_199' title='bbox 1280 2723 1284 2807; x_wconf 93' lang='grc' dir='ltr'>Ι</span> <span class='ocrx_word' id='word_1_200' title='bbox 1304 2719 1415 2787; x_wconf 83' lang='grc' dir='ltr'><em>Αίῶνιε</em></span> <span class='ocrx_word' id='word_1_201' title='bbox 1425 2721 1454 2782; x_wconf 85' lang='grc'><em>33</em></span> 
     </span>
     <span class='ocr_line' id='line_1_24' title="bbox 312 2817 1417 2906; baseline 0 -20"><span class='ocrx_word' id='word_1_202' title='bbox 312 2825 420 2904; x_wconf 86' lang='grc' dir='ltr'><em>σῶτερ</em></span> <span class='ocrx_word' id='word_1_203' title='bbox 439 2817 547 2906; x_wconf 88' lang='grc' dir='ltr'><em>ήμῶν,</em></span> <span class='ocrx_word' id='word_1_204' title='bbox 565 2817 586 2885; x_wconf 89' lang='grc' dir='ltr'><em>ό</em></span> <span class='ocrx_word' id='word_1_205' title='bbox 608 2818 767 2904; x_wconf 86' lang='grc' dir='ltr'><em>βασιλεῦς</em></span> <span class='ocrx_word' id='word_1_206' title='bbox 788 2825 857 2887; x_wconf 88' lang='grc' dir='ltr'><em>τῶν</em></span> <span class='ocrx_word' id='word_1_207' title='bbox 870 2825 981 2904; x_wconf 89' lang='grc' dir='ltr'><em>θεῶν,</em></span> <span class='ocrx_word' id='word_1_208' title='bbox 1004 2819 1023 2887; x_wconf 93' lang='lat'><em>6</em></span> <span class='ocrx_word' id='word_1_209' title='bbox 1043 2817 1094 2887; x_wconf 87' lang='grc' dir='ltr'><em>ῶν</em></span> <span class='ocrx_word' id='word_1_210' title='bbox 1113 2821 1217 2906; x_wconf 88' lang='grc' dir='ltr'><em>μόνος</em></span> <span class='ocrx_word' id='word_1_211' title='bbox 1238 2819 1417 2905; x_wconf 76' lang='grc' dir='ltr'><em>παντοκρά-</em></span> 
     </span>
     <span class='ocr_line' id='line_1_25' title="bbox 312 2919 1416 3009; baseline -0.003 -20"><span class='ocrx_word' id='word_1_212' title='bbox 312 2947 381 3009; x_wconf 88' lang='grc' dir='ltr'><em>τωρ</em></span> <span class='ocrx_word' id='word_1_213' title='bbox 400 2922 456 2990; x_wconf 82' lang='grc' dir='ltr'><em>καὶ</em></span> <span class='ocrx_word' id='word_1_214' title='bbox 479 2922 606 3007; x_wconf 88' lang='grc' dir='ltr'><em>κύριος,</em></span> <span class='ocrx_word' id='word_1_215' title='bbox 632 2919 747 3000; x_wconf 88' lang='grc' dir='ltr'><em>όθεὸς</em></span> <span class='ocrx_word' id='word_1_216' title='bbox 768 2924 906 2989; x_wconf 86' lang='grc' dir='ltr'><em>πόντων</em></span> <span class='ocrx_word' id='word_1_217' title='bbox 927 2927 996 2990; x_wconf 88' lang='grc' dir='ltr'><em>τῶν</em></span> <span class='ocrx_word' id='word_1_218' title='bbox 1017 2921 1127 2990; x_wconf 87' lang='grc' dir='ltr'><em>όντων</em></span> <span class='ocrx_word' id='word_1_219' title='bbox 1149 2922 1205 2988; x_wconf 80' lang='grc' dir='ltr'><em>καὶ</em></span> <span class='ocrx_word' id='word_1_220' title='bbox 1224 2921 1243 2988; x_wconf 89' lang='lat'><em>6</em></span> <span class='ocrx_word' id='word_1_221' title='bbox 1262 2921 1340 3000; x_wconf 86' lang='grc' dir='ltr'><em>θεός</em></span> <span class='ocrx_word' id='word_1_222' title='bbox 1356 2922 1416 2988; x_wconf 87' lang='grc' dir='ltr'><em>τῶν</em></span> 
     </span>
     <span class='ocr_line' id='line_1_26' title="bbox 261 3019 1416 3112; baseline -0.003 -23"><span class='ocrx_word' id='word_1_223' title='bbox 261 3039 295 3090; x_wconf 82' lang='lat'><em>25</em></span> <span class='ocrx_word' id='word_1_224' title='bbox 313 3023 420 3110; x_wconf 86' lang='grc' dir='ltr'><em>ἀγίων</em></span> <span class='ocrx_word' id='word_1_225' title='bbox 453 3023 509 3090; x_wconf 82' lang='grc' dir='ltr'><em>καί</em></span> <span class='ocrx_word' id='word_1_226' title='bbox 539 3022 721 3110; x_wconf 80' lang='grc' dir='ltr'><em>ἀμέμπτου</em></span> <span class='ocrx_word' id='word_1_227' title='bbox 754 3027 908 3111; x_wconf 75' lang='grc' dir='ltr'><em>πατέρων</em></span> <span class='ocrx_word' id='word_1_228' title='bbox 941 3022 1037 3110; x_wconf 85' lang='grc' dir='ltr'><em>ήμῶν</em></span> <span class='ocrx_word' id='word_1_229' title='bbox 1062 3050 1131 3092; x_wconf 85' lang='grc' dir='ltr'><em>τινν</em></span> <span class='ocrx_word' id='word_1_230' title='bbox 1164 3023 1231 3112; x_wconf 86' lang='grc' dir='ltr'><em>πρό</em></span> <span class='ocrx_word' id='word_1_231' title='bbox 1263 3021 1369 3111; x_wconf 84' lang='grc' dir='ltr'><em>ἡμῶν,</em></span> <span class='ocrx_word' id='word_1_232' title='bbox 1401 3019 1416 3086; x_wconf 90' lang='lat'><em>6</em></span> 
     </span>
    </p>
   </div>
   <div class='ocr_carea' id='block_1_5' title="bbox 380 3245 1415 3401">
    <p class='ocr_par' dir='ltr' id='par_1_5' title="bbox 380 3245 1415 3401">
     <span class='ocr_line' id='line_1_27' title="bbox 380 3245 1415 3317; baseline -0.003 -16"><span class='ocrx_word' id='word_1_233' title='bbox 380 3251 397 3301; x_wconf 89' lang='grc'><strong>2</strong></span> <span class='ocrx_word' id='word_1_234' title='bbox 414 3251 504 3301; x_wconf 75' lang='lat' dir='ltr'><strong>Matth</strong></span> <span class='ocrx_word' id='word_1_235' title='bbox 522 3251 569 3313; x_wconf 79' lang='lat'><em>24,</em></span> <span class='ocrx_word' id='word_1_236' title='bbox 592 3248 673 3314; x_wconf 75' lang='lat'><em>1216</em></span> <span class='ocrx_word' id='word_1_237' title='bbox 690 3249 747 3315; x_wconf 81' lang='grc' dir='ltr'><em>ΙεεΙ</em></span> <span class='ocrx_word' id='word_1_238' title='bbox 767 3249 808 3313; x_wconf 88' lang='lat' dir='ltr'><em>ll,</em></span> <span class='ocrx_word' id='word_1_239' title='bbox 826 3252 843 3299; x_wconf 82' lang='lat'>4</span> <span class='ocrx_word' id='word_1_240' title='bbox 862 3248 868 3316; x_wconf 99' lang='grc' dir='ltr'>Ι</span> <span class='ocrx_word' id='word_1_241' title='bbox 887 3249 903 3300; x_wconf 81' lang='grc'>7</span> <span class='ocrx_word' id='word_1_242' title='bbox 921 3249 1012 3300; x_wconf 73' lang='lat' dir='ltr'><strong>Matth</strong></span> <span class='ocrx_word' id='word_1_243' title='bbox 1029 3251 1076 3314; x_wconf 81' lang='grc'><em>24,</em></span> <span class='ocrx_word' id='word_1_244' title='bbox 1098 3249 1128 3302; x_wconf 85' lang='grc'><em>13</em></span> <span class='ocrx_word' id='word_1_245' title='bbox 1143 3247 1147 3317; x_wconf 97' lang='grc' dir='ltr'>Ι</span> <span class='ocrx_word' id='word_1_246' title='bbox 1164 3250 1196 3301; x_wconf 77' lang='grc'><em>14</em></span> <span class='ocrx_word' id='word_1_247' title='bbox 1216 3251 1283 3302; x_wconf 87' lang='lat' dir='ltr'><em>Rom</em></span> <span class='ocrx_word' id='word_1_248' title='bbox 1300 3252 1323 3312; x_wconf 89' lang='grc'><em>2,</em></span> <span class='ocrx_word' id='word_1_249' title='bbox 1339 3245 1373 3312; x_wconf 83' lang='grc' dir='ltr'><em>όΙ</em></span> <span class='ocrx_word' id='word_1_250' title='bbox 1389 3247 1415 3298; x_wconf 80' lang='grc' dir='ltr'><em>Ιῦ</em></span> 
     </span>
     <span class='ocr_line' id='line_1_28' title="bbox 381 3333 843 3401; baseline 0 -17"><span class='ocrx_word' id='word_1_251' title='bbox 381 3334 470 3385; x_wconf 74' lang='grc' dir='ltr'><em>Μεῑῦι</em></span> <span class='ocrx_word' id='word_1_252' title='bbox 488 3335 529 3398; x_wconf 84' lang='grc'><em>25,</em></span> <span class='ocrx_word' id='word_1_253' title='bbox 548 3333 650 3401; x_wconf 75' lang='grc'><strong>46117</strong></span> <span class='ocrx_word' id='word_1_254' title='bbox 668 3333 759 3388; x_wconf 78' lang='lat' dir='ltr'>Cora</span> <span class='ocrx_word' id='word_1_255' title='bbox 777 3335 807 3399; x_wconf 86' lang='grc'><em>2,</em></span> <span class='ocrx_word' id='word_1_256' title='bbox 826 3333 843 3385; x_wconf 85' lang='grc'>9</span> 
     </span>
    </p>
   </div>
   <div class='ocr_carea' id='block_1_6' title="bbox 312 3527 1475 4451">
    <p class='ocr_par' dir='ltr' id='par_1_6' title="bbox 312 3527 1475 4451">
     <span class='ocr_line' id='line_1_29' title="bbox 314 3527 1411 3604; baseline 0.003 -19"><span class='ocrx_word' id='word_1_257' title='bbox 314 3533 328 3584; x_wconf 93' lang='lat' dir='ltr'>l</span> <span class='ocrx_word' id='word_1_258' title='bbox 346 3527 561 3602; x_wconf 79' lang='grc' dir='ltr'><em>πληθυνθήσης</em></span> <span class='ocrx_word' id='word_1_259' title='bbox 578 3535 602 3588; x_wconf 84' lang='lat' dir='ltr'>X</span> <span class='ocrx_word' id='word_1_260' title='bbox 629 3539 634 3604; x_wconf 94' lang='grc' dir='ltr'>Ι</span> <span class='ocrx_word' id='word_1_261' title='bbox 660 3539 676 3588; x_wconf 94' lang='grc'><strong>2</strong></span> <span class='ocrx_word' id='word_1_262' title='bbox 694 3534 863 3604; x_wconf 84' lang='grc' dir='ltr'><em>μισήσουσιν</em></span> <span class='ocrx_word' id='word_1_263' title='bbox 879 3555 896 3588; x_wconf 84' lang='lat' dir='ltr'>x</span> <span class='ocrx_word' id='word_1_264' title='bbox 922 3535 928 3602; x_wconf 93' lang='grc' dir='ltr'>Ι</span> <span class='ocrx_word' id='word_1_265' title='bbox 950 3537 967 3589; x_wconf 86' lang='grc'>3</span> <span class='ocrx_word' id='word_1_266' title='bbox 985 3531 1137 3602; x_wconf 73' lang='grc' dir='ltr'><em>διώξουσιν</em></span> <span class='ocrx_word' id='word_1_267' title='bbox 1154 3555 1170 3590; x_wconf 83' lang='lat' dir='ltr'>x</span> <span class='ocrx_word' id='word_1_268' title='bbox 1191 3539 1195 3604; x_wconf 96' lang='grc' dir='ltr'>Ι</span> <span class='ocrx_word' id='word_1_269' title='bbox 1215 3539 1232 3590; x_wconf 84' lang='grc'>3</span> <span class='ocrx_word' id='word_1_270' title='bbox 1249 3530 1411 3604; x_wconf 77' lang='grc' dir='ltr'><em>προθύσων</em></span> 
     </span>
     <span class='ocr_line' id='line_1_30' title="bbox 312 3613 1411 3690; baseline 0.004 -22"><span class='ocrx_word' id='word_1_271' title='bbox 312 3624 360 3683; x_wconf 73' lang='grc' dir='ltr'><em>γει</em></span> <span class='ocrx_word' id='word_1_272' title='bbox 379 3619 383 3683; x_wconf 97' lang='grc' dir='ltr'>Ι</span> <span class='ocrx_word' id='word_1_273' title='bbox 403 3621 419 3668; x_wconf 84' lang='grc'><strong>4</strong></span> <span class='ocrx_word' id='word_1_274' title='bbox 437 3614 635 3686; x_wconf 81' lang='grc' dir='ltr'><em>κσσμοπλόνσς</em></span> <span class='ocrx_word' id='word_1_275' title='bbox 652 3627 713 3686; x_wconf 75' lang='grc' dir='ltr'><em>ιγλ,</em></span> <span class='ocrx_word' id='word_1_276' title='bbox 734 3616 842 3682; x_wconf 83' lang='grc' dir='ltr'><em>πλόνος</em></span> <span class='ocrx_word' id='word_1_277' title='bbox 859 3625 897 3672; x_wconf 82' lang='grc' dir='ltr'><em>Ῡκ</em></span> <span class='ocrx_word' id='word_1_278' title='bbox 918 3623 922 3685; x_wconf 94' lang='grc' dir='ltr'>Ι</span> <span class='ocrx_word' id='word_1_279' title='bbox 943 3613 1080 3690; x_wconf 76' lang='grc' dir='ltr'><em>ῦἸησσῦς</em></span> <span class='ocrx_word' id='word_1_280' title='bbox 1097 3623 1130 3689; x_wconf 85' lang='grc' dir='ltr'><em>-Ι-</em></span> <span class='ocrx_word' id='word_1_281' title='bbox 1147 3629 1195 3689; x_wconf 72' lang='grc' dir='ltr'><em>γει</em></span> <span class='ocrx_word' id='word_1_282' title='bbox 1215 3624 1219 3684; x_wconf 94' lang='grc' dir='ltr'>Ι</span> <span class='ocrx_word' id='word_1_283' title='bbox 1239 3623 1255 3674; x_wconf 82' lang='grc' dir='ltr'><em>ό</em></span> <span class='ocrx_word' id='word_1_284' title='bbox 1272 3615 1307 3682; x_wconf 77' lang='grc' dir='ltr'><em>ῦς</em></span> <span class='ocrx_word' id='word_1_285' title='bbox 1324 3616 1411 3687; x_wconf 80' lang='grc' dir='ltr'><em>γέγρα-</em></span> 
     </span>
     <span class='ocr_line' id='line_1_31' title="bbox 313 3695 1409 3775; baseline 0.005 -23"><span class='ocrx_word' id='word_1_286' title='bbox 313 3719 382 3753; x_wconf 83' lang='grc' dir='ltr'><em>πται</em></span> <span class='ocrx_word' id='word_1_287' title='bbox 402 3695 433 3753; x_wconf 82' lang='grc' dir='ltr'><em>έν</em></span> <span class='ocrx_word' id='word_1_288' title='bbox 450 3695 540 3770; x_wconf 79' lang='grc' dir='ltr'><em>ήσαΐα</em></span> <span class='ocrx_word' id='word_1_289' title='bbox 558 3705 592 3774; x_wconf 91' lang='grc' dir='ltr'><em>-Ι-</em></span> <span class='ocrx_word' id='word_1_290' title='bbox 608 3703 762 3773; x_wconf 77' lang='grc' dir='ltr'><em>γτΙόκιιλ</em></span> <span class='ocrx_word' id='word_1_291' title='bbox 778 3705 813 3773; x_wconf 89' lang='grc' dir='ltr'><em>-Ι-</em></span> <span class='ocrx_word' id='word_1_292' title='bbox 829 3705 883 3772; x_wconf 82' lang='grc' dir='ltr'><em>γτΙ</em></span> <span class='ocrx_word' id='word_1_293' title='bbox 904 3700 1050 3774; x_wconf 78' lang='grc' dir='ltr'><em>ὓάνερῶν</em></span> <span class='ocrx_word' id='word_1_294' title='bbox 1067 3699 1409 3775; x_wconf 71' lang='grc' dir='ltr'><em>γτΙθάοεβήνεΙλτσΙ</em></span> 
     </span>
     <span class='ocr_line' id='line_1_32' title="bbox 313 3776 1410 3858; baseline 0.005 -21"><span class='ocrx_word' id='word_1_295' title='bbox 313 3793 350 3850; x_wconf 83' lang='lat' dir='ltr'><em>xt,</em></span> <span class='ocrx_word' id='word_1_296' title='bbox 371 3787 424 3838; x_wconf 87' lang='grc' dir='ltr'><em>νῦν</em></span> <span class='ocrx_word' id='word_1_297' title='bbox 443 3781 496 3839; x_wconf 88' lang='grc' dir='ltr'><em>οῦν</em></span> <span class='ocrx_word' id='word_1_298' title='bbox 513 3807 544 3854; x_wconf 79' lang='lat' dir='ltr'><em>y,</em></span> <span class='ocrx_word' id='word_1_299' title='bbox 564 3789 600 3841; x_wconf 86' lang='grc' dir='ltr'><em>ῦν</em></span> <span class='ocrx_word' id='word_1_300' title='bbox 618 3776 672 3842; x_wconf 86' lang='grc' dir='ltr'><em>οῦν</em></span> <span class='ocrx_word' id='word_1_301' title='bbox 689 3807 704 3841; x_wconf 84' lang='grc' dir='ltr'><em>ε</em></span> <span class='ocrx_word' id='word_1_302' title='bbox 724 3790 730 3856; x_wconf 98' lang='grc' dir='ltr'>Ι</span> <span class='ocrx_word' id='word_1_303' title='bbox 753 3793 768 3842; x_wconf 87' lang='grc'><strong>7</strong></span> <span class='ocrx_word' id='word_1_304' title='bbox 788 3784 818 3842; x_wconf 80' lang='grc' dir='ltr'><em>σί</em></span> <span class='ocrx_word' id='word_1_305' title='bbox 835 3785 868 3842; x_wconf 69' lang='grc' dir='ltr'><em>δὲ</em></span> <span class='ocrx_word' id='word_1_306' title='bbox 885 3782 1094 3858; x_wconf 71' lang='grc' dir='ltr'><em>ὑπομείναντες</em></span> <span class='ocrx_word' id='word_1_307' title='bbox 1111 3797 1158 3857; x_wconf 69' lang='lat' dir='ltr'><em>yut</em></span> <span class='ocrx_word' id='word_1_308' title='bbox 1177 3792 1182 3856; x_wconf 92' lang='grc' dir='ltr'>Ι</span> <span class='ocrx_word' id='word_1_309' title='bbox 1201 3791 1218 3842; x_wconf 85' lang='grc'>8</span> <span class='ocrx_word' id='word_1_310' title='bbox 1236 3781 1312 3846; x_wconf 83' lang='grc' dir='ltr'><em>οῦτοι</em></span> <span class='ocrx_word' id='word_1_311' title='bbox 1328 3781 1410 3853; x_wconf 81' lang='grc' dir='ltr'><em>σωθή-</em></span> 
     </span>
     <span class='ocr_line' id='line_1_33' title="bbox 313 3867 1475 3944; baseline 0.009 -22"><span class='ocrx_word' id='word_1_312' title='bbox 313 3886 411 3923; x_wconf 88' lang='grc' dir='ltr'><em>σονται</em></span> <span class='ocrx_word' id='word_1_313' title='bbox 428 3879 475 3938; x_wconf 71' lang='grc' dir='ltr'><em>γει</em></span> <span class='ocrx_word' id='word_1_314' title='bbox 495 3873 499 3938; x_wconf 97' lang='grc' dir='ltr'>Ι</span> <span class='ocrx_word' id='word_1_315' title='bbox 519 3874 535 3925; x_wconf 84' lang='grc'><strong>8</strong></span> <span class='ocrx_word' id='word_1_316' title='bbox 553 3867 569 3926; x_wconf 92' lang='lat'><em>6</em></span> <span class='ocrx_word' id='word_1_317' title='bbox 588 3870 650 3935; x_wconf 86' lang='grc' dir='ltr'><em>υιὸς</em></span> <span class='ocrx_word' id='word_1_318' title='bbox 667 3893 697 3933; x_wconf 85' lang='lat' dir='ltr'><em>x,</em></span> <span class='ocrx_word' id='word_1_319' title='bbox 720 3869 752 3928; x_wconf 86' lang='grc' dir='ltr'><em>τό</em></span> <span class='ocrx_word' id='word_1_320' title='bbox 770 3878 890 3942; x_wconf 81' lang='grc' dir='ltr'><em>σημεῖον</em></span> <span class='ocrx_word' id='word_1_321' title='bbox 907 3875 959 3928; x_wconf 88' lang='grc' dir='ltr'><em>τοῦ</em></span> <span class='ocrx_word' id='word_1_322' title='bbox 976 3871 1043 3928; x_wconf 82' lang='grc' dir='ltr'><em>υλοῦ</em></span> <span class='ocrx_word' id='word_1_323' title='bbox 1060 3882 1107 3941; x_wconf 83' lang='lat' dir='ltr'><em>yzt</em></span> <span class='ocrx_word' id='word_1_324' title='bbox 1126 3873 1131 3944; x_wconf 91' lang='grc' dir='ltr'>Ι</span> <span class='ocrx_word' id='word_1_325' title='bbox 1158 3876 1186 3926; x_wconf 84' lang='grc' dir='ltr'><em>ΙΙ</em></span> <span class='ocrx_word' id='word_1_326' title='bbox 1206 3873 1256 3928; x_wconf 77' lang='grc' dir='ltr'><em>καὶ</em></span> <span class='ocrx_word' id='word_1_327' title='bbox 1274 3869 1368 3931; x_wconf 71' lang='grc' dir='ltr'><em>πάντες</em></span> <span class='ocrx_word' id='word_1_328' title='bbox 1474 3869 1475 3874; x_wconf 43' lang='grc'>’</span> 
     </span>
     <span class='ocr_line' id='line_1_34' title="bbox 318 3947 1411 4028; baseline -0.001 -22"><span class='ocrx_word' id='word_1_329' title='bbox 318 3955 345 4006; x_wconf 84' lang='grc'><em>12</em></span> <span class='ocrx_word' id='word_1_330' title='bbox 364 3957 493 4022; x_wconf 81' lang='grc' dir='ltr'><em>νεφελῶν</em></span> <span class='ocrx_word' id='word_1_331' title='bbox 509 3959 543 4022; x_wconf 94' lang='grc'>&gt;</span> <span class='ocrx_word' id='word_1_332' title='bbox 560 3976 593 4024; x_wconf 79' lang='grc' dir='ltr'><em>γε</em></span> <span class='ocrx_word' id='word_1_333' title='bbox 609 3961 614 4024; x_wconf 96' lang='grc' dir='ltr'>Ι</span> <span class='ocrx_word' id='word_1_334' title='bbox 633 3960 660 4010; x_wconf 92' lang='lat' dir='ltr'><em>ll</em></span> <span class='ocrx_word' id='word_1_335' title='bbox 680 3947 792 4026; x_wconf 73' lang='grc' dir='ltr'><em>ἀγιοιῐ,</em></span> <span class='ocrx_word' id='word_1_336' title='bbox 811 3951 926 4026; x_wconf 82' lang='grc' dir='ltr'><em>ἀγγελοι</em></span> <span class='ocrx_word' id='word_1_337' title='bbox 938 3979 955 4012; x_wconf 84' lang='lat' dir='ltr'>x</span> <span class='ocrx_word' id='word_1_338' title='bbox 970 3959 975 4028; x_wconf 95' lang='grc' dir='ltr'>Ι</span> <span class='ocrx_word' id='word_1_339' title='bbox 992 3962 1024 4014; x_wconf 82' lang='lat'><em>13</em></span> <span class='ocrx_word' id='word_1_340' title='bbox 1042 3952 1132 4014; x_wconf 87' lang='grc' dir='ltr'><em>αύτοῦ</em></span> <span class='ocrx_word' id='word_1_341' title='bbox 1148 3977 1182 4027; x_wconf 83' lang='lat' dir='ltr'><em>yz</em></span> <span class='ocrx_word' id='word_1_342' title='bbox 1201 3967 1263 4027; x_wconf 77' lang='lat' dir='ltr'><strong>post</strong></span> <span class='ocrx_word' id='word_1_343' title='bbox 1280 3955 1411 4028; x_wconf 80' lang='grc' dir='ltr'><em>βασιλείας</em></span> 
     </span>
     <span class='ocr_line' id='line_1_35' title="bbox 314 4033 1474 4121; baseline 0.003 -29"><span class='ocrx_word' id='word_1_344' title='bbox 314 4039 317 4109; x_wconf 94' lang='grc' dir='ltr'>Ι</span> <span class='ocrx_word' id='word_1_345' title='bbox 347 4041 431 4092; x_wconf 66' lang='grc'><em>1214</em></span> <span class='ocrx_word' id='word_1_346' title='bbox 450 4033 562 4094; x_wconf 85' lang='grc' dir='ltr'><em>πλάνον</em></span> <span class='ocrx_word' id='word_1_347' title='bbox 578 4059 612 4108; x_wconf 75' lang='grc' dir='ltr'><em>γε</em></span> <span class='ocrx_word' id='word_1_348' title='bbox 638 4044 643 4108; x_wconf 96' lang='grc' dir='ltr'>Ι</span> <span class='ocrx_word' id='word_1_349' title='bbox 672 4043 702 4093; x_wconf 80' lang='grc'><em>15</em></span> <span class='ocrx_word' id='word_1_350' title='bbox 725 4037 831 4104; x_wconf 77' lang='grc' dir='ltr'><em>πάντες</em></span> <span class='ocrx_word' id='word_1_351' title='bbox 849 4039 882 4096; x_wconf 69' lang='grc' dir='ltr'><em>δὲ</em></span> <span class='ocrx_word' id='word_1_352' title='bbox 900 4039 930 4096; x_wconf 82' lang='grc' dir='ltr'><em>σί</em></span> <span class='ocrx_word' id='word_1_353' title='bbox 946 4035 1024 4112; x_wconf 85' lang='grc' dir='ltr'><em>ἀγιοι</em></span> <span class='ocrx_word' id='word_1_354' title='bbox 1043 4037 1132 4097; x_wconf 87' lang='grc' dir='ltr'><em>αύτοῦ</em></span> <span class='ocrx_word' id='word_1_355' title='bbox 1151 4036 1327 4114; x_wconf 82' lang='grc' dir='ltr'><em>ἀρθήσονται</em></span> <span class='ocrx_word' id='word_1_356' title='bbox 1343 4035 1408 4094; x_wconf 77' lang='grc' dir='ltr'><em>ἐννε-</em></span> <span class='ocrx_word' id='word_1_357' title='bbox 1473 4077 1474 4121; x_wconf 58' lang='grc' dir='ltr'>Ι</span> 
     </span>
     <span class='ocr_line' id='line_1_36' title="bbox 313 4121 1410 4195; baseline 0.005 -18"><span class='ocrx_word' id='word_1_358' title='bbox 313 4122 415 4191; x_wconf 80' lang='grc' dir='ltr'><em>φέλαις</em></span> <span class='ocrx_word' id='word_1_359' title='bbox 432 4125 466 4194; x_wconf 92' lang='grc' dir='ltr'><em>-Ι-</em></span> <span class='ocrx_word' id='word_1_360' title='bbox 482 4143 516 4192; x_wconf 80' lang='grc' dir='ltr'><em>γε</em></span> <span class='ocrx_word' id='word_1_361' title='bbox 537 4127 542 4190; x_wconf 94' lang='grc' dir='ltr'>Ι</span> <span class='ocrx_word' id='word_1_362' title='bbox 564 4127 594 4178; x_wconf 82' lang='lat'><em>15</em></span> <span class='ocrx_word' id='word_1_363' title='bbox 612 4123 674 4178; x_wconf 84' lang='grc' dir='ltr'><em>τότε</em></span> <span class='ocrx_word' id='word_1_364' title='bbox 692 4134 731 4190; x_wconf 84' lang='lat' dir='ltr'><em>xt,</em></span> <span class='ocrx_word' id='word_1_365' title='bbox 751 4122 813 4179; x_wconf 76' lang='grc' dir='ltr'><em>εἶτα</em></span> <span class='ocrx_word' id='word_1_366' title='bbox 831 4146 864 4194; x_wconf 78' lang='grc' dir='ltr'><em>γε</em></span> <span class='ocrx_word' id='word_1_367' title='bbox 885 4131 889 4192; x_wconf 93' lang='grc' dir='ltr'>Ι</span> <span class='ocrx_word' id='word_1_368' title='bbox 912 4130 942 4180; x_wconf 81' lang='lat'><em>15</em></span> <span class='ocrx_word' id='word_1_369' title='bbox 960 4124 1080 4182; x_wconf 84' lang='grc' dir='ltr'><em>αίῶνιον</em></span> <span class='ocrx_word' id='word_1_370' title='bbox 1096 4133 1165 4195; x_wconf 65' lang='grc' dir='ltr'><em>γεεί</em></span> <span class='ocrx_word' id='word_1_371' title='bbox 1190 4131 1219 4182; x_wconf 82' lang='grc' dir='ltr'><em>Ιθ</em></span> <span class='ocrx_word' id='word_1_372' title='bbox 1237 4125 1269 4182; x_wconf 72' lang='grc' dir='ltr'><em>δέ</em></span> <span class='ocrx_word' id='word_1_373' title='bbox 1286 4123 1362 4194; x_wconf 73' lang='lat'><em>&gt;²6</em></span> <span class='ocrx_word' id='word_1_374' title='bbox 1384 4121 1410 4174; x_wconf 70' lang='lat'><em>¹⁶</em></span> 
     </span>
     <span class='ocr_line' id='line_1_37' title="bbox 313 4204 1407 4282; baseline 0.007 -22"><span class='ocrx_word' id='word_1_375' title='bbox 313 4204 502 4274; x_wconf 75' lang='grc' dir='ltr'><em>πορεύσονται</em></span> <span class='ocrx_word' id='word_1_376' title='bbox 519 4210 554 4273; x_wconf 92' lang='grc'>&gt;</span> <span class='ocrx_word' id='word_1_377' title='bbox 570 4227 604 4276; x_wconf 81' lang='lat' dir='ltr'><em>yz</em></span> <span class='ocrx_word' id='word_1_378' title='bbox 624 4209 629 4278; x_wconf 97' lang='grc' dir='ltr'>Ι</span> <span class='ocrx_word' id='word_1_379' title='bbox 651 4211 681 4262; x_wconf 81' lang='grc'><em>17</em></span> <span class='ocrx_word' id='word_1_380' title='bbox 702 4206 763 4263; x_wconf 78' lang='grc' dir='ltr'><em>εἶδε</em></span> <span class='ocrx_word' id='word_1_381' title='bbox 780 4219 827 4278; x_wconf 81' lang='lat' dir='ltr'><em>yzt</em></span> <span class='ocrx_word' id='word_1_382' title='bbox 847 4213 851 4278; x_wconf 96' lang='grc' dir='ltr'>Ι</span> <span class='ocrx_word' id='word_1_383' title='bbox 874 4213 905 4266; x_wconf 81' lang='lat'><em>18</em></span> <span class='ocrx_word' id='word_1_384' title='bbox 921 4207 1027 4280; x_wconf 81' lang='grc' dir='ltr'><em>ἤκουσε</em></span> <span class='ocrx_word' id='word_1_385' title='bbox 1043 4221 1092 4280; x_wconf 75' lang='lat' dir='ltr'><em>yzt</em></span> <span class='ocrx_word' id='word_1_386' title='bbox 1118 4214 1121 4280; x_wconf 94' lang='grc' dir='ltr'>Ι</span> <span class='ocrx_word' id='word_1_387' title='bbox 1151 4214 1182 4266; x_wconf 80' lang='lat'><em>19</em></span> <span class='ocrx_word' id='word_1_388' title='bbox 1199 4215 1385 4282; x_wconf 66' lang='grc' dir='ltr'><em>χαρίσονταιε</em></span> <span class='ocrx_word' id='word_1_389' title='bbox 1403 4207 1407 4268; x_wconf 80' lang='grc' dir='ltr'>Ι</span> 
     </span>
     <span class='ocr_line' id='line_1_38' title="bbox 312 4275 1473 4366; baseline 0.005 -23"><span class='ocrx_word' id='word_1_390' title='bbox 312 4293 343 4344; x_wconf 83' lang='lat'><em>21</em></span> <span class='ocrx_word' id='word_1_391' title='bbox 362 4287 510 4360; x_wconf 84' lang='grc' dir='ltr'><em>γενόμεθα</em></span> <span class='ocrx_word' id='word_1_392' title='bbox 528 4300 539 4345; x_wconf 78' lang='grc' dir='ltr'>ι</span> <span class='ocrx_word' id='word_1_393' title='bbox 557 4295 562 4363; x_wconf 94' lang='grc' dir='ltr'>Ι</span> <span class='ocrx_word' id='word_1_394' title='bbox 582 4299 615 4347; x_wconf 88' lang='grc'><em>22</em></span> <span class='ocrx_word' id='word_1_395' title='bbox 633 4291 681 4346; x_wconf 77' lang='grc' dir='ltr'><em>καὶ</em></span> <span class='ocrx_word' id='word_1_396' title='bbox 699 4296 732 4360; x_wconf 95' lang='grc'>&gt;</span> <span class='ocrx_word' id='word_1_397' title='bbox 749 4313 783 4362; x_wconf 77' lang='grc' dir='ltr'><em>γε</em></span> <span class='ocrx_word' id='word_1_398' title='bbox 803 4301 808 4361; x_wconf 93' lang='grc' dir='ltr'>Ι</span> <span class='ocrx_word' id='word_1_399' title='bbox 827 4299 861 4350; x_wconf 79' lang='lat'><em>23</em></span> <span class='ocrx_word' id='word_1_400' title='bbox 878 4312 969 4363; x_wconf 85' lang='grc' dir='ltr'><em>σωτηρ</em></span> <span class='ocrx_word' id='word_1_401' title='bbox 987 4317 1004 4350; x_wconf 86' lang='lat' dir='ltr'>x</span> <span class='ocrx_word' id='word_1_402' title='bbox 1022 4299 1166 4366; x_wconf 79' lang='lat' dir='ltr'><strong>(compend</strong></span> <span class='ocrx_word' id='word_1_403' title='bbox 1184 4303 1254 4362; x_wconf 78' lang='lat' dir='ltr'>scr),</span> <span class='ocrx_word' id='word_1_404' title='bbox 1273 4292 1386 4360; x_wconf 79' lang='grc' dir='ltr'><em>τάιερΖ</em></span> <span class='ocrx_word' id='word_1_405' title='bbox 1472 4275 1473 4357; x_wconf 80' lang='grc' dir='ltr'>Ι</span> 
     </span>
     <span class='ocr_line' id='line_1_39' title="bbox 312 4369 1472 4451; baseline 0.014 -27"><span class='ocrx_word' id='word_1_406' title='bbox 312 4376 344 4424; x_wconf 74' lang='grc'><em>24</em></span> <span class='ocrx_word' id='word_1_407' title='bbox 363 4369 378 4427; x_wconf 88' lang='lat'><em>6</em></span> <span class='ocrx_word' id='word_1_408' title='bbox 397 4377 513 4428; x_wconf 72' lang='lat' dir='ltr'><strong>altorum</strong></span> <span class='ocrx_word' id='word_1_409' title='bbox 531 4379 565 4441; x_wconf 91' lang='lat'>&gt;</span> <span class='ocrx_word' id='word_1_410' title='bbox 582 4387 629 4444; x_wconf 77' lang='grc' dir='ltr'><em>γτῑ</em></span> <span class='ocrx_word' id='word_1_411' title='bbox 643 4383 648 4445; x_wconf 94' lang='grc' dir='ltr'>Ι</span> <span class='ocrx_word' id='word_1_412' title='bbox 663 4382 696 4430; x_wconf 79' lang='grc'><em>25</em></span> <span class='ocrx_word' id='word_1_413' title='bbox 713 4373 849 4445; x_wconf 79' lang='grc' dir='ltr'><em>ἀμένττων</em></span> <span class='ocrx_word' id='word_1_414' title='bbox 865 4399 879 4432; x_wconf 87' lang='lat' dir='ltr'><strong>z</strong></span> <span class='ocrx_word' id='word_1_415' title='bbox 896 4385 948 4446; x_wconf 72' lang='lat'><em>125</em></span> <span class='ocrx_word' id='word_1_416' title='bbox 967 4384 1022 4435; x_wconf 86' lang='grc' dir='ltr'><em>τῶν</em></span> <span class='ocrx_word' id='word_1_417' title='bbox 1039 4378 1094 4448; x_wconf 76' lang='grc' dir='ltr'><em>πρὸ</em></span> <span class='ocrx_word' id='word_1_418' title='bbox 1112 4375 1194 4451; x_wconf 86' lang='grc' dir='ltr'><em>ήμῶν</em></span> <span class='ocrx_word' id='word_1_419' title='bbox 1210 4386 1245 4449; x_wconf 93' lang='grc'>&gt;</span> <span class='ocrx_word' id='word_1_420' title='bbox 1263 4392 1274 4435; x_wconf 78' lang='lat' dir='ltr'><strong>t</strong></span> <span class='ocrx_word' id='word_1_421' title='bbox 1471 4407 1472 4440; x_wconf 73' lang='grc' dir='ltr'>ι</span> 
     </span>
    </p>
   </div>
   <div class='ocr_carea' id='block_1_7' title="bbox 0 0 1504 4972">
    <p class='ocr_par' dir='ltr' id='par_1_7' title="bbox 0 0 1504 4972">
     <span class='ocr_line' id='line_1_40' title="bbox 0 0 1504 4972; baseline 0 3"><span class='ocrx_word' id='word_1_422' title='bbox 0 0 1504 4972; x_wconf 95' lang='lat' dir='ltr'><em> </em></span> 
     </span>
    </p>
   </div>
  </div>
 </body>
</html>
