3128 4972
682 468 896 531 ..13-

182 635 284 698 finem
308 643 597 719 computaverunt,
615 635 664 700 ita
686 643 724 700 ut
746 639 809 701 hac
829 659 863 701 re
881 637 996 703 Asiani
1017 637 1151 702 minime
1167 638 1208 702 ab
1225 637 1264 701 iis
1280 637 1389 702 diffar-

183 761 270 817 rent.
305 755 351 818 Et
374 754 403 818 si
426 757 507 818 haec
531 755 651 820 fuisset
673 756 809 822 Eusebii
832 758 1010 836 sententia,
1027 757 1061 821 id
1083 780 1212 842 quoque
1233 757 1263 822 ei
1279 757 1389 821 dicen·

183 873 264 938 dum
287 881 369 952 erat,
395 897 566 957 quonam
589 875 654 940 die
676 877 792 941 Asiani
815 876 907 941 soliti
929 885 1042 942 essent
1060 876 1224 962 jejunium
1247 877 1387 942 solvere.

183 993 273 1057 Nam
296 993 337 1059 de
361 993 432 1079 ipso
457 995 520 1074 die,
541 1018 605 1080 quo
627 996 822 1061 solvendum
839 1006 929 1062 esset
941 998 1117 1082 jejunium,
1136 996 1287 1081 quaestio
1303 1003 1387 1061 erat.

183 1110 276 1176 Κανά
291 1121 403 1178 autem
421 1115 620 1200 praepositio
637 1138 665 1180 c.
684 1138 754 1181 aco.
772 1139 870 1202 saepe
886 1117 1063 1182 adhibetur
1078 1117 1119 1182 de
1135 1125 1295 1202 tempore,
1315 1138 1388 1200 quo

183 1234 263 1318 quid
288 1233 416 1298 factum
445 1234 519 1314 sit¹‚
549 1258 647 1319 quam
676 1236 953 1320 significat-ionem
983 1237 1084 1302 etiarn
1112 1243 1226 1332 nostro
1255 1237 1328 1300 loco
1358 1236 1388 1300 ei

182 1354 394 1419 tribuendam
419 1375 502 1433 esse,
526 1355 629 1419 exiis
653 1378 736 1445 quae
759 1357 855 1420 modo
875 1357 1012 1441 exposui
1028 1356 1211 1441 apparebit.
1252 1355 1387 1420 Certum

182 1475 373 1558 igiturest,
398 1474 540 1540 Asianus
564 1476 720 1540 ecclosias
744 1483 861 1560 quarto
887 1477 1014 1541 decimo
1037 1476 1134 1539 lunae
1158 1475 1222 1556 die,
1244 1474 1387 1558 reliquas

182 1602 297 1660 autem
319 1595 477 1659 ecclesias
500 1595 553 1659 die
577 1595 741 1660 dominica
759 1595 922 1679 jejunium
946 1596 1097 1660 solvisse.

269 1716 343 1778 Jam
367 1736 444 1778 vero
469 1713 548 1797 quid
559 1715 685 1798 jejunio
703 1717 813 1780 soluto
831 1691 971 1779 fecerint
987 1715 1155 1799 quaeritur
1171 1723 1205 1779 et
1221 1713 1385 1799 quomodo

180 1834 278 1898 illum
294 1835 383 1899 diem
398 1834 528 1919 utrique
545 1835 795 1899 celebraverint.
826 1835 878 1898 De
894 1837 957 1899 hoo
974 1835 1208 1920 quaerentibus
1223 1833 1386 1898 Eusebius

180 1955 216 2018 id
238 1963 371 2019 tantum
395 1955 490 2019 nobis
514 1956 707 2040 respondet,
739 1955 936 2019 Asianorum
960 1955 1164 2020 adversarios
1188 1953 1384 2032 decrevisse,

180 2081 222 2151 ais·
240 2076 276 2144 dir
293 2079 361 2162 μηδ’
381 2081 410 2145 ἐν
429 2077 501 2162 ἄλλῃ
520 2078 589 2144 nori
609 2083 659 2162 τῆς
680 2083 816 2163 κυριακῆς
835 2079 927 2164 ἡμέρᾳ
950 2078 984 2145 τὸ
1007 2083 1056 2162 τῆς
1080 2080 1109 2143 ἐκ
1131 2083 1236 2163 νεκρῶν
1260 2077 1386 2143 ἀνυστά·

180 2233 254 2278 orara·
271 2211 426 2274 ἐπιτελσΐτσ
444 2215 494 2274 τοῦ
513 2209 610 2291 κυρίου
627 2209 795 2290 μυστήριον,
819 2203 866 2272 acri
885 2207 964 2282 ὅπως
982 2208 1010 2272 ἕν
1027 2209 1118 2288 ταύτῃ
1136 2209 1208 2290 μόνῃ
1230 2211 1286 2271 τῶν
1309 2206 1387 2271 κατὰ

181 2327 216 2393 τὸ
239 2329 340 2411 πάσχα
362 2332 493 2410 νηστειῶν
515 2328 736 2411 φυλαττώμεθα
758 2326 812 2399 τὰς
832 2328 979 2400 inrisione.
1026 2331 1259 2395 occidentales
1283 2329 1386 2414 igitur

182 2450 235 2514 die
259 2451 423 2514 dominica
446 2458 689 2515 sacramentum
708 2450 957 2515 resurrectionis
973 2451 1109 2515 Domini
1125 2451 1281 2534 agebant,
1302 2451 1335 2513 h.
1355 2471 1383 2513 e.

181 2571 432 2635 resurrectionis
466 2570 602 2635 Domini
635 2570 800 2635 recordati
835 2593 970 2636 coenam
1005 2570 1203 2635 dominicam
1245 2569 1384 2633 admini-

182 2691 366 2754 strabant².
420 2691 491 2754 Hoc
521 2712 634 2754 eorum
657 2689 757 2772 πάσχα
788 2701 868 2770 erat,
904 2691 991 2775 qnod
1024 2691 1076 2754 die
1109 2689 1272 2754 dominica
1305 2711 1384 2772 quo·

180 2811 292 2874 tannis
317 2811 541 2874 celebrabant.
581 2811 648 2874 Sed
671 2811 787 2874 Asiani
811 2811 888 2895 quid
914 2811 1102 2875 faciebant?
1139 2808 1294 2873 Dubitari
1319 2830 1385 2872 non

180 2938 305 3015 potest,
324 2931 403 3014 quin
419 2930 531 3014 stipsi
549 2953 684 2994 coenam
701 2931 898 2995 dominicam
916 2929 1229 2994 administraverint.
1261 2929 1312 2991 Ex
1327 2927 1383 2990 ad·

180 3049 399 3113 versariorum
416 3049 502 3114 enim
519 3051 652 3114 decreto
669 3050 743 3114 illo:
762 3048 820 3123 „cic
835 3043 871 3112 riv
885 3048 953 3129 μηδ’
968 3048 996 3111 ἐν
1012 3045 1084 3127 aillp
1100 3043 1169 3108 ποτὲ
1185 3049 1234 3126 τῆς
1250 3047 1384 3126 κυριακῆς

178 3175 272 3258 ἡμέρᾳ
294 3172 328 3238 τὸ
350 3179 400 3256 τῆς
421 3175 452 3238 ἐκ
474 3179 579 3260 νεκρῶν
603 3176 793 3247 ἀντιστάσεως
816 3175 970 3240 instricta
996 3177 1046 3238 τοῦ
1076 3172 1173 3255 κυρίου
1199 3171 1383 3254 praecipuast¹

269 3487 278 3518 ¹
299 3493 478 3564 Karnasa,
497 3487 710 3568 Sprocllelere,
730 3491 754 3566 ἕ.
773 3496 827 3564 68,
845 3494 900 3564 25,
918 3496 945 3550 1.
964 3527 1004 3534 --
1022 3494 1159 3565 Wrmn,
1181 3485 1382 3558 Granmaalle,

181 3578 228 3636 ed.
246 3577 275 3636 7.
294 3578 418 3652 (1867),
434 3599 463 3656 p.
482 3579 554 3638 374.
570 3607 611 3618 —
628 3580 856 3650 firmassem,
873 3573 1097 3646 Porclaslrea'l,
1115 3599 1143 3655 p.
1162 3579 1222 3638 287
1240 3580 1304 3636 not.

268 3657 280 3689 ¹
291 3661 440 3742 μυστήριον
452 3685 515 3722 esse
527 3683 650 3722 coenam
661 3665 853 3736 dominicam,
864 3665 1083 3724 demonstravit
1095 3667 1257 3735 Wsrrzau,
1268 3657 1384 3720 Passa·

169 3743 272 3827 scier,
287 3769 316 3826 p.
331 3751 382 3822 97,
398 3751 445 3808 cui
458 3771 594 3808 assensus
607 3755 653 3808 est
666 3752 894 3822 Hrnoan'runn,
908 3745 1132 3818 Parodaalreil,
1148 3771 1175 3828 p.
1190 3753 1251 3808 288
1264 3753 1328 3806 not.
1343 3781 1385 3789 -

183 3835 219 3892 cf.
235 3835 327 3892 etiam
341 3855 417 3912 quae
429 3856 528 3913 supra,
543 3857 571 3914 p.
585 3839 604 3894 9
618 3857 672 3913 sq„
686 3836 724 3895 de
737 3837 862 3894 notione
875 3837 1014 3894 vocabuli
1026 3833 1125 3915 πάσχα
1137 3836 1270 3912 exposui,
1284 3833 1336 3890 ubi
1350 3853 1385 3892 ex

182 3921 372 3980 Errruasro
389 3922 484 3996 (haer.
502 3923 552 3993 42,
569 3923 662 3979 schol.
679 3922 734 3996 61)
751 3927 782 3980 et
797 3924 943 3981 Ecsanro
960 3921 1012 3997 (de
1029 3922 1129 3999 pasch.
1147 3941 1172 3979 c.
1191 3923 1208 3980 7
1226 3929 1257 3978 et
1273 3919 1306 3994 9)
1323 3924 1384 3977 tres

182 4005 275 4063 attuli
291 4007 388 4079 locos,
409 4008 441 4066 in
457 4007 567 4085 quibus
582 4004 730 4086 proscriptor·
748 4027 872 4066 coenam
893 4009 1074 4066 dominicam
1096 4007 1264 4083 significare
1286 4025 1384 4076 nemo,

183 4091 282 4164 credo,
298 4093 432 4168 negabit.
465 4094 596 4151 Omnino
612 4100 714 4151 autem
731 4094 869 4152 ecclesias
886 4094 1049 4152 catholicas
1069 4095 1179 4171 pascha
1199 4111 1287 4150 suum
1309 4091 1384 4148 cele·

183 4175 304 4236 brantes
323 4199 384 4236 non
406 4179 503 4237 solum
525 4179 750 4238 administrasse
771 4200 894 4238 coenam
916 4180 1113 4251 dominicam,
1133 4178 1186 4236 sed
1209 4179 1300 4235 etiam
1322 4177 1385 4254 ejus

183 4262 477 4324 administrationem
492 4285 639 4324 summam
655 4265 867 4325 celebrationis
884 4265 1023 4324 habuisse
1043 4285 1078 4324 ex
1099 4265 1151 4336 iis,
1173 4283 1249 4342 quae
1271 4263 1385 4323 ibidem

183 4366 218 4405 ex
233 4349 365 4409 Eusebio
381 4351 489 4424 attuli,
506 4357 640 4430 apparet.
