2998 4972
292 400 356 464 τεο
1343 407 1362 456 τ
1382 389 1409 440 ¹²

294 561 507 648 ρακαλοῦμέν
529 577 567 626 σε
590 557 646 626 καί
667 554 753 642 ὑπὲρ
777 561 846 624 των
869 555 914 622 δι’
938 554 1082 655 εὔλογον
1102 559 1213 626 αἰτίαν
1240 553 1410 638 άπύντων,

292 663 381 740 ὅπως
404 662 555 738 ἅπαντας
574 657 661 744 ήμάς
678 658 881 744 διατηρήσας
905 659 943 724 ἐν
965 658 1007 746 τῇ
1027 657 1182 746 εὐσεβείᾳ
1202 657 1411 741 ἑπισυναγά-

291 789 353 850 γης
382 763 421 830 ἐν
444 767 486 848 τῇ
508 765 661 848 βασιλείᾳ
683 765 746 826 τοῦ
770 764 908 845 χριστοῦ
928 777 1008 842 σου,
1037 764 1098 826 τοῦ
1122 764 1209 826 θεοῦ
1230 760 1343 844 πάσης
1362 762 1412 824 αἰ-

293 869 420 950 σδητής
442 863 498 932 καί
521 864 643 947 νοητῆς
659 864 805 947 φάσεως,
827 866 889 928 τοῦ
903 866 1067 946 βασιλέως
1084 859 1191 946 ήμῶν,
1213 859 1410 945 ἀτρέπτους,

257 967 494 1052 εάμέμπτονς,
517 963 757 1049 άνεγκλήτους·
789 963 839 1030 ὅτι
856 963 910 1029 σοί
928 968 1018 1030 πάσα
1040 963 1131 1046 δόξα,
1154 965 1254 1050 σέβας
1276 963 1335 1028 καί
1356 960 1410 1028 εὐ-

292 1073 462 1154 χαριστία,
485 1064 561 1151 τιμή
582 1066 639 1132 καί
662 1064 906 1151 προσκάνησις,
933 1063 1101 1154 τῷπατρί
1122 1063 1247 1152 καὶτῷ
1267 1067 1335 1152 υἰρῖ
1357 1065 1410 1130 καί

291 1175 338 1258 τῷ
366 1167 450 1258 ἁγίῳ
478 1168 661 1253 πνεύματι,
691 1166 746 1234 καί
774 1173 840 1234 νῦν
867 1168 923 1234 καί
951 1165 1004 1234 άεί
1031 1164 1088 1232 καί
1112 1169 1158 1243 εἰς
1182 1164 1260 1244 τούς
1287 1169 1411 1244 αἰῶνας

292 1275 361 1338 τάν
403 1271 539 1338 αἰολνων
570 1267 762 1346 άνεκλιπεῑς
798 1268 855 1336 καί
892 1267 1143 1352 άτελεντήτονς.
1199 1267 1273 1364 καίι
1293 1269 1361 1346 πᾶς
1394 1265 1411 1336 6

292 1371 372 1450 λαδς
392 1374 514 1457 λεγέτω
531 1370 645 1456 Ἀμήν.
690 1370 747 1436 καί
770 1366 789 1438 6
811 1371 993 1447 ἐπίσκοπος
1011 1370 1134 1436 εἰπάτω
1149 1367 1194 1436 Ἡ
1209 1370 1330 1456 εἰρήνη
1352 1375 1412 1438 τοῦ

242 1489 274 1542 10
291 1480 377 1542 θεοῦ
396 1482 445 1561 εἰη
472 1471 555 1560 μετά
582 1473 720 1540 πάντων
746 1470 857 1556 ὑμῶν·
886 1471 944 1538 καί
966 1477 1031 1550 τάς
1053 1468 1071 1538 6
1092 1469 1171 1549 λαός
1199 1473 1323 1556 λεγέτω
1347 1473 1410 1538 Kal

291 1576 374 1664 μετά
393 1581 454 1644 τοῦ
478 1574 666 1660 πνεύματός
695 1592 769 1642 σου.
815 1574 871 1640 καί
894 1571 912 1640 6
938 1575 1097 1652 διάκονος
1120 1574 1317 1658 κηρυσσέτω
1346 1574 1410 1640 πά-

293 1685 348 1747 λιν
372 1679 444 1746 Ἔτι
465 1677 521 1744 καί
541 1681 589 1744 ἔτι
616 1678 795 1762 δεηθωμεν
819 1680 880 1742 τοῦ
902 1679 989 1742 θεοῦ
1011 1673 1067 1741 διά
1096 1678 1159 1742 τοῦ
1185 1679 1326 1762 χριστοῦ
1348 1675 1409 1742 αὐ

291 1787 363 1848 τοῦ.
396 1779 483 1865 ὑπὲρ
504 1782 565 1846 τοῦ
586 1778 701 1865 δωρον
724 1783 785 1844 τοῦ
805 1777 1117 1865 προσκομισθέντος
1140 1781 1248 1865 κυρίῳ
1269 1781 1318 1864 τῷ
1339 1781 1410 1863 θεῷ

292 1887 485 1969 δεηθοῖμεν,
517 1879 606 1958 ὅπως
627 1877 645 1946 6
666 1879 795 1963 άγαδός
821 1877 902 1957 θεὸς
924 1881 1145 1965 προσδέξηται
1165 1877 1249 1946 αὐτὸ
1271 1878 1330 1946 διά
1353 1883 1410 1964 τῆς

241 1998 273 2051 15
291 1988 457 2070 μεσιτείας
494 1986 555 2048 τοῦ
588 1986 726 2067 χριστοῦ
763 1979 869 2048 αὐτοῦ
905 1985 952 2059 εἰς
982 1979 1021 2048 τὸ
1059 1981 1267 2066 ἐπουράνιον
1306 1979 1411 2048 αὐτοῦ

290 2084 537 2171 θυσιαστήριον
570 2086 617 2161 εἰς
653 2081 761 2168 ὀσμήν
800 2081 952 2161 εὐωδίας.
1006 2080 1092 2171 ὑπὲρ
1132 2084 1189 2169 τῆς
1232 2085 1410 2169 ἐκκλησίας

290 2188 413 2274 ταύτης
440 2185 496 2252 καί
526 2189 587 2252 τοῦ
622 2189 707 2252 λαοῦ
733 2187 922 2270 δεηδωμεν.
962 2181 1048 2272 ὑπὲρ
1072 2186 1180 2271 πάσης
1207 2187 1408 2270 ἐπισκοπῆς,

291 2289 415 2368 παντὸς
440 2292 702 2375 πρεσβυτερίου,
735 2287 844 2372 πάσης
876 2291 934 2372 τῆς
960 2289 998 2354 ἐν
1024 2292 1147 2375 χριστῷ
1176 2289 1409 2372 διακονίας,*

291 2391 415 2470 παντὸς
449 2395 510 2458 τοῦ
544 2388 765 2475 πληρώματος
798 2394 856 2475 τῆς
889 2389 1067 2474 ἐκκλησίας
1094 2390 1285 2475 δεηδῦμεν,
1324 2390 1410 2468 ὅπως

239 2491 310 2560 κοὸ
335 2493 451 2581 κύριος
480 2492 607 2569 πάντας
639 2492 823 2578 διατηρήση
852 2492 908 2558 καί
941 2493 1084 2578 φυλάξῃ.
1129 2488 1216 2575 ὑπὲρ
1242 2495 1410 2576 βασιλέων

291 2595 348 2662 καὶ
371 2594 440 2662 τάν
469 2597 507 2660 έν
530 2589 679 2680 ὑπεροχή
701 2595 894 2678 δεηθῦμεν,
921 2595 978 2660 ἵνα
999 2590 1240 2678 εἰρηνεῦωνται
1264 2593 1307 2662 τά
1330 2593 1411 2678 πρὸς

288 2694 392 2782 ήμάς,
427 2694 516 2772 ὅπως
546 2694 673 2780 ἤρεμον
710 2695 766 2762 καί
793 2693 935 2780 ήσῦχιον
966 2699 1045 2781 βίον
1077 2698 1208 2780 ἔχοντες
1239 2697 1410 2781 διάγωμεν

291 2799 330 2865 ἐν
355 2797 446 2884 πάση
462 2795 628 2883 εὐσεβείᾳ
664 2796 721 2863 καί
750 2796 935 2881 σεμνότητι.
985 2801 1054 2862 τῦν
1083 2794 1190 2880 ἁγίων
1225 2797 1410 2884 μαρτύρων

289 2897 593 2985 μνημονεύσομεν,
627 2897 716 2975 ὅπως
753 2898 911 2966 κοινωνοί
946 2899 1106 2981 γενέσθαι
1145 2902 1204 2983 τῆς
1232 2898 1411 2986 α’θλήσεως

237 3015 272 3066 25
289 3000 403 3068 αὐτοῖν
430 3003 702 3084 καταξιωθῦμεν.
752 2996 851 3087 ὑπὲρ·
867 3005 936 3066 τῶν
962 3001 1001 3066 ἐν
1026 3005 1135 3068 πίστει
1167 2999 1410 3086 άυαπανσαμέ»

289 3127 360 3170 νων
391 3104 580 3188 δεηθαῐμεν.
628 3097 715 3186 ὑπὲρ
741 3105 800 3186 τῆς
830 3100 1011 3189 εὐκρασίας
1038 3106 1106 3168 ταῖν
1136 3098 1248 3186 άέρων
1275 3104 1332 3170 καί
1352 3127 1410 3170 τε-

288 3209 472 3290 λεσφορίας
491 3209 560 3270 τῶν
579 3204 719 3290 καρπῶν
743 3205 929 3292 δεηβοδμεν.
971 3199 1057 3288 ὑπὲρ
1078 3207 1147 3270 τῶν
1170 3209 1411 3289 νεοφωτίστων

289 3308 484 3391 δεηθῦμεν,
512 3305 602 3383 ὅπως
621 3309 859 3391 βεβαιωθῦσιν
885 3306 924 3374 έν
947 3310 989 3392 τή
1015 3309 1134 3372 πίστει.
1175 3307 1300 3385 πάντες
1319 3305 1411 3390 ὑπὲρ

289 3405 446 3492 άλλήλων
465 3407 761 3492 παρακαλέσωμεν.
806 3406 999 3493 άνάστησον
1019 3404 1124 3494 ήμάς,
1148 3405 1280 3490 ὁθεός,
1304 3408 1341 3474 έν
1366 3413 1412 3494 τῇ

238 3521 271 3574 ³0
289 3507 402 3593 χάριτί
422 3526 497 3575 σον.
541 3507 746 3586 ἀναστάντες
772 3507 911 3588 ἕαυτοῦς
939 3514 986 3597 τῷ
1006 3513 1079 3600 θεῷ
1100 3508 1156 3576 διά
1179 3514 1242 3575 τοῦ
1269 3515 1413 3594 χριστοῦ

289 3607 395 3676 αὐτοῦ
427 3610 672 3696 παραθάμεθα.
722 3611 780 3678 καί
806 3609 824 3676 6
855 3613 1036 3689 ἐπίσκοπος
1067 3613 1189 3696 λεγέτω
1214 3609 1250 3678 ‘0
1279 3610 1363 3690 θεὸς
1392 3609 1413 3680 6

357 3823 807 3892 lflEph5‚2122Timoe²,2

288 4021 303 4071 7
322 4018 371 4072 καί
389 4023 505 4088 primum
517 4021 552 4086 >
562 4040 580 4089 y
595 4022 631 4089 18
648 4013 812 4084 άνεκλιτιείς
829 4023 879 4076 καί
896 4016 1102 4093 άτελεντήτονς
1120 4031 1185 4078 ante
1205 4021 1312 4087 αἰάτας
1328 4027 1346 4076 7
1367 4037 1412 4093 yt,

287 4106 336 4157 τεῦ
355 4095 533 4167 άνελλειτιείς
551 4113 575 4160 t:
595 4097 774 4168 άνετλειπεῖς
793 4127 809 4160 x
829 4109 833 4173 Ι
852 4111 869 4159 9
887 4105 991 4175 λεγέτω
1007 4127 1025 4175 γ
1045 4111 1050 4177 Ι
1073 4112 1103 4161 14
1122 4102 1199 4164 αὐτά
1217 4113 1242 4164 X
1257 4115 1262 4177 Ι
1279 4112 1309 4162 15
1323 4128 1414 4178 μεα-

286 4191 351 4250 τίας
368 4209 386 4242 x
409 4191 415 4254 Ι
441 4191 472 4244 Ιδ
490 4185 636 4252 εὐοδίαςί
659 4196 663 4258 Ι
690 4194 721 4242 18
739 4191 789 4246 καί
805 4190 965 4260 ῦτιηρεσίας
982 4193 1016 4261 -Ι-
1033 4204 1064 4261 yt
1084 4197 1088 4260 Ι
1112 4197 1146 4248 ⁴20
1165 4189 1328 4263 διαφυλάξη
1350 4207 1388 4262 γε
1409 4201 1412 4261 Ι

287 4276 317 4326 21
339 4270 539 4342 εἰρηνεύοκτατ
556 4293 574 4328 x
588 4279 593 4343 Ι
608 4279 640 4328 27
659 4268 732 4344 ὑπὲρ
797 4279 830 4330 28
849 4277 1003 4346 δεηδαλμεν
1019 4281 1053 4343 >
1070 4297 1088 4346 y
1109 4283 1113 4346 Ι
1133 4281 1176 4334 28.
1189 4281 1223 4332 29
1239 4271 1291 4334 ὐπ’
1307 4271 1415 4336 ἄλλον

286 4355 553 4423 παρακαλέσθωααν
572 4369 583 4412 t
