3160 4976
263 543 379 626 Συρίας
403 547 616 630 ἐχρημάτισαν
634 549 705 614 τοῦς
722 541 904 614 Γαλιλαίους
921 550 1119 629 χριστιανοῦς
1136 546 1166 604 ἐν
1189 547 1323 628 πρώτοις
1341 545 1457 623 ὀνομά-

262 650 377 726 ζεσθαι
398 657 447 712 καὶ
472 650 567 721 ἔθνος
598 651 704 733 ἀγιον,
737 648 891 732 βασίλειον
921 653 1086 735 ἱεράτευμα
1110 655 1190 712 κατά
1213 660 1267 720 τὴν
1289 655 1381 735 χάριν
1406 659 1458 715 τοῦ

263 761 354 842 ἁγίου
377 756 597 844 βαπτίσματος
620 761 807 842 ἐπωνυμίαν.

264 869 326 927 Τοῦ
348 873 390 947 μὴ
414 865 650 951 περιτέμνεσθαι
667 871 739 937 τούς
761 865 1006 949 βαπτιζομένους
1029 870 1109 928 κατὰ
1136 873 1189 936 τὴν
1213 873 1273 927 τῶν
1298 865 1499 952 Ἰουδαιίωνβ

218 992 231 1030 ο
262 975 460 1056 νομοθεσίαν,
478 977 522 1045 ὡς
535 984 588 1036 τοῦ
599 975 689 1036 θείου
706 972 924 1056 βαπτίσματος
938 977 1025 1046 ὄντος
1040 984 1206 1058 περιτομῆς
1223 975 1458 1059 ἀχειροποιητου

262 1086 292 1144 έν
306 1095 341 1164 τῃ·
356 1081 515 1144 ἀπεκδύσει
532 1093 584 1143 τοῦ
604 1079 738 1144 παλαιοῦ
755 1081 938 1166 ἀνθρώπου,
957 1080 1178 1164 ἀποβαλόντας
1192 1090 1247 1152 τὴν
1263 1081 1457 1152 παλαιότητα

176 1181 180 1184 ’
262 1202 319 1262 τῆς
335 1193 503 1278 ἁμαρτίας.

264 1299 326 1362 ’Τοῦ
351 1298 549 1383 εἰσδέχεσθαι
570 1299 631 1360 ἀπὸ
656 1303 772 1368 παντός
795 1298 908 1370 έθνους
924 1303 974 1360 καί
991 1302 1099 1380 γένους
1116 1304 1185 1369 τούς
1219 1298 1413 1380 σωζομένους
1428 1301 1497 1381 ἐνγ

264 1417 300 1486 τῇ
318 1401 479 1494 δρθοδὸξιρ
496 1411 590 1467 πίστει
612 1413 661 1468 καί
685 1415 738 1468 τοῦ
753 1406 954 1491 κηρυχθῆναι
971 1408 1014 1478 είς
1031 1409 1132 1467 πάντα
1149 1411 1189 1466 τά
1207 1406 1284 1476 έθνη
1303 1406 1457 1490 τὸνλόγον

220 1531 246 1570 ιυ
265 1526 318 1585 τῆς
338 1513 505 1585 ἀληθείας.
1013 1585 1014 1588 ¹

265 1625 328 1684 Τοῦ
340 1627 445 1703 μηκέτι
457 1621 643 1684 πλανᾶσθαι
654 1627 727 1692 τοὺς
739 1621 933 1703 σωζομένους
942 1624 983 1692 εἰς
994 1619 1166 1700 τάείδωλα,
1177 1619 1242 1684 ἀλλ’
1253 1622 1458 1696 ἀντεικονίζειν
1477 1623 1497 1683 ιλ

174 1795 177 1800 ,
265 1735 318 1800 τὴν
335 1729 521 1814 θεανδρικὴν
540 1732 697 1814 ἄχραντον
712 1735 922 1812 χειροποίητον
939 1728 1050 1798 στὴλην
1066 1739 1120 1791 τοῦ
1138 1727 1288 1800 ἀληθινοῦ
1309 1729 1387 1791 θεοῦ
1409 1736 1460 1792 καί

266 1848 406 1921 σωτῆρος
416 1841 504 1918 ἡμῶν
521 1839 622 1908 Ἰησοῦ
636 1847 763 1923 χριστοῦ
780 1843 829 1900 καί
847 1847 907 1898 τῶν
925 1839 1020 1899 αὐτοῦ
1042 1837 1246 1920 θεραπόντων
1260 1837 1382 1921 ἀντικρύ
1398 1849 1458 1898 τῶν

266 1942 396 2007 εἰδώλων
413 1951 462 2006 καί
483 1944 641 2008 Ἰουδαίων
660 1951 708 2008 καί
729 1950 835 2027 μηκέτι
850 1944 1034 2009 πλανᾶσθαι
1051 1949 1094 2015 είς
1111 1943 1221 2008 εἴδωλα
1238 1943 1317 2028 μηδέ
1335 1947 1458 2027 όμοιοῦ-

193 2134 197 2142 ,
221 2067 247 2107 ιο
267 2053 346 2114 σθαι
367 2051 541 2124 Ἰουδαίοις.

267 2163 330 2222 Τοῦ
346 2166 388 2242 μὴ
406 2156 622 2242 ἐξομοιοῦσθαι
640 2167 836 2244 χριστιανούς
852 2158 1014 2232 Ἰουδαίοις
1023 2162 1117 2222 ἕνεκεν
1132 2163 1257 2246 ἀποχῆς
1268 2158 1458 2245 βρωμάτων,
1479 2187 1496 2226 ε

266 2267 345 2330 ἀλλὰ
357 2273 408 2330 καί
420 2272 506 2330 ὑείων
522 2268 746 2351 ἀπογεύεσθαι,
759 2277 813 2330 τοῦ
826 2269 928 2353 κυρίου
944 2268 1154 2340 θεσπίσαντος
1166 2272 1211 2330 σ’τι
1227 2274 1267 2330 τά
1284 2271 1458 2354 είσπορευό·

265 2397 343 2458 μενοι
357 2378 400 2446 εἰς
413 2380 446 2438 τό
460 2379 560 2457 στόμα
574 2378 607 2436 οὐ
619 2384 713 2438 κοινοί
721 2381 770 2437 τόν
784 2376 966 2460 ἄνθρωπον,
979 2374 1059 2438 ἀλλά
1075 2381 1115 2438 τά
1132 2379 1354 2459 ἐκπορευόμενα
1367 2379 1398 2438 έκ
1407 2387 1460 2438 τοῦ

267 2487 438 2565 στόματος,
464 2486 508 2554 ὡς
524 2486 556 2544 ἐκ
576 2495 633 2554 τῆς
649 2482 781 2568 καρδίας
799 2479 1003 2568 ἐξερχόμενα·
1029 2489 1078 2546 καί
1102 2486 1150 2545 ίνα
1167 2489 1210 2565 μὴ
1227 2489 1309 2546 κατά
1325 2489 1459 2568 γράμμα

221 2607 248 2645 κν
267 2589 440 2671 ἀκολουθῇ,
471 2589 550 2653 ἀλλὰ
578 2599 792 2673 πνευματικῶς
821 2597 871 2653 καί
894 2599 1101 2675 ἀναγωγικῶς
1123 2591 1326 2662 πολιτεύηται.
1356 2597 1459 2677 ἡγὰρ

266 2697 423 2770 κτηνώδης
448 2703 616 2782 συναγωγὴ
639 2709 700 2761 τῶν
720 2698 879 2761 Ἰουδαίων
906 2701 955 2760 τόν
980 2705 1034 2782 μὲν
1057 2697 1091 2759 όν
1119 2697 1341 2782 βδελύσσεται,
1366 2713 1402 2781 τῇ
1428 2700 1460 2762 δέ

265 2811 396 2889 πονηρίᾳ
413 2810 575 2890 συνέχεται
591 2812 672 2868 κατά
690 2812 739 2868 τόν
758 2811 940 2893 προρητικόν
957 2805 1045 2889 λόγον
1059 2809 1104 2868 ότι
1115 2807 1360 2891 ἐχορτάσθησαν
1372 2813 1459 2871 ὑείων

265 2919 315 2973 καί
329 2915 451 2998 ἀφῆκαν
465 2917 505 2974 τοὶ
517 2913 690 2976 κατάλοιπα
704 2925 766 2986 τοῖς
778 2921 895 2986 νηπίοις
909 2917 1021 2976 αύτῶν.
1033 2917 1147 2995 όμοίως
1163 2918 1213 2975 καί
1230 2926 1290 2976 τῶν
1308 2919 1458 3000 ὀστρακο-

266 3018 385 3106 δέρμων
402 3027 452 3082 καί
466 3019 662 3084 ἀλεπιδώτων
678 3022 799 3107 ἰχθύων
818 3022 972 3084 ἀκώλυτον
990 3032 1055 3092 τοῖς
1072 3033 1260 3106 χριστιανοίς
1280 3025 1459 3107 ἀπογεύσα-

220 3144 248 3183 25
266 3121 357 3190 σθαι.ι
371 3119 482 3190 νοεῖται
496 3133 558 3214 γάρ
571 3136 621 3190 καί
638 3133 736 3202 οὕτως
752 3115 966 3214 πνευματικῶς
979 3137 1032 3198 τὴν
1052 3129 1194 3190 ἀσύνετον
1213 3132 1315 3191 αὐτῶν
1332 3113 1461 3216 καρδίαν

265 3235 1459 3324 ὀστράκουδίκηνάποβαλλομένηντάτῆςάληθείαςκηρύγματααἰνιττόμενος.

264 3345 328 3405 Τοῦ
344 3349 386 3426 μὴ
405 3343 600 3429 ριλαργυρεῑν
617 3351 824 3430 χριστιανούς,
841 3355 893 3406 τοῦ
911 3349 1012 3429 κυρίου
1030 3340 1183 3419 λέξαντος·
1197 3351 1239 3427 μὴ
1252 3346 1460 3434 θησαυρίζετε
1482 3373 1502 3422 ς

263 3455 331 3533 ύμῖν
355 3451 539 3537 θησαυρούς
563 3455 611 3514 ἐπί
635 3465 690 3523 τῆς
715 3465 792 3533 γῆς,
820 3455 895 3514 ὅπου
921 3458 977 3524 σὴς
999 3459 1049 3514 καί
1072 3452 1192 3538 βρῶσις
1215 3455 1375 3541 ἀφανίζει,
1409 3465 1460 3520 καί

263 3558 397 3640 μάλιστα
414 3555 449 3633 ἐξ
463 3558 575 3621 ἀδίκων
593 3563 706 3646 πόρων.
724 3567 899 3646 γέγραπται
918 3567 991 3646 γάρ·
1006 3559 1103 3633 οὐδείς
1116 3559 1246 3624 δύναται
1264 3561 1331 3626 δυσί
1347 3572 1460 3651 κυρίοις

219 3683 245 3720 ³⁰
264 3665 412 3728 δουλεύειν
429 3673 479 3727 καί
495 3671 529 3728 ού
548 3665 687 3730 δύνασθε
702 3668 772 3750 θεῷ
790 3667 936 3732 δουλεύειν
953 3676 1004 3730 καί
1019 3679 1170 3751 μαμωνᾷ.

263 3776 325 3834 ’Τοῦ
365 3779 407 3857 μὴ
438 3775 596 3856 ἐμπαθῶς
620 3779 698 3859 ἔχειν
727 3781 903 3862 χριστιανόν
926 3777 1019 3838 ἕνεκεν
1051 3784 1303 3862 γαστριμαργίας
1332 3785 1382 3840 καί
1405 3781 1501 3853 τοῦζ

262 3882 441 3966 ἀπέχεσθαι
466 3885 603 3966 ἀσελγῶν
628 3883 773 3969 θεάτρων
790 3892 840 3946 καί
851 3891 931 3966 μήτε
948 3887 1065 3967 ὀμνύειν
1082 3895 1256 3969 προπετῶς,
1282 3896 1335 3948 τοῦ
1354 3895 1457 3973 κυρίου

344 3991 354 4026 1
373 3989 456 4027 Aemi
470 3990 504 4028 28.
520 4009 546 4018 -
561 3991 574 4028 ‘2
588 3989 671 4029 Pom
686 3992 732 4031 119.
750 3991 821 4030 mod.
837 3992 875 4030 xlx
889 3991 910 4030 6.
926 4010 952 4019 -
966 3993 979 4032 6
993 3985 1139 4044 ἀποβαλόντες
1154 3991 1183 4029 Μ.
1200 4011 1226 4019 -
1243 3995 1265 4030 11
1282 3991 1321 4031 τοῦ
1337 3991 1366 4045 μὴ
1382 3993 1417 4034 πλ.
1434 4001 1456 4038 οε

262 4057 317 4098 ἀλλὰ
330 4059 357 4097 Τ.
373 4081 399 4088 -
416 4063 501 4102 11ιν13
516 4061 640 4110 Gregorius
662 4063 781 4113 episeopus
802 4063 956 4102 pisinuntium
975 4073 1032 4102 anno
1053 4063 1091 4101 7³7
1113 4063 1135 4100 ln
1156 4063 1250 4101 concino
1271 4064 1363 4103 nicaeno
1384 4069 1455 4107 είιοτο

261 4131 352 4169 cunonis
368 4133 440 4180 qumi
454 4135 541 4181 partem
555 4137 653 4183 priorem
671 4137 786 4186 laudavit,
806 4137 936 4186 ρεευιπίενίε
952 4135 1041 4174 νοτίοισι
1064 4131 1085 4173 ίν
1107 4133 1135 4189 τῇ
1154 4131 1209 4173 κατὰ
1222 4127 1356 4188 Ἀντιόχειαν
1371 4137 1454 4194 συνόδῳ

261 4199 306 4241 τῶν
322 4198 390 4256 ἁγίων
400 4201 528 4242 ἀποστόλων
539 4202 630 4258 ιίρητει.
648 4207 687 4245 sed
697 4217 738 4246 neo
749 4207 779 4251 είς
788 4205 815 4246 τά
825 4204 907 4246 ιίδωλιι
918 4218 958 4246 noe
972 4205 1125 4259 χειροποίητον
1140 4205 1208 4245 δεῦεν
1222 4209 1244 4245 et
1258 4207 1281 4246 in
1296 4218 1351 4248 νοοο
1366 4213 1454 4263 χριστοῦ

261 4274 372 4312 ευόνίειίε.
395 4294 421 4301 -
443 4275 467 4314 15
486 4278 532 4320 τοῖς
551 4275 605 4316 ἐουό.
624 4277 651 4316 Τ.
673 4301 696 4307 -
719 4281 745 4318 16
766 4275 794 4318 Τό
816 4277 846 4332 μὴ
866 4281 896 4318 Μ.
918 4299 942 4307 ·—
963 4281 985 4317 Π
1008 4277 1085 4316 Μοιτίι.
1102 4289 1132 4316 σν
1147 4280 1180 4316 11.
1201 4299 1227 4306 -·
1247 4280 1271 4317 Τί
1292 4276 1331 4330 μίν
1345 4283 1411 4320 ινΤ.
1427 4305 1453 4314 -

261 4343 287 4382 22
303 4345 385 4386 Ροείευ.
398 4355 420 4392 νς
435 4345 470 4398 (τ’)
483 4349 508 4387 14
523 4351 562 4388 ubl
576 4350 650 4389 Arabs
666 4351 775 4392 Μετοινίἐκ
790 4358 813 4392 οι
826 4354 935 4402 Aethiops
946 4349 1000 4390 υίῶν
1008 4367 1030 4388 =
1038 4353 1094 4389 W.
1103 4371 1129 4380 -
1139 4351 1166 4390 2³³
1176 4347 1261 4403 ἀφῆκεν
1267 4349 1293 4391 Τ.
1302 4371 1328 4380 -
1338 4354 1372 4392 2³.
1380 4355 1407 4395 δέ
1416 4357 1453 4396 καί

262 4414 434 4472 ὀστρακόδερμον
449 4420 485 4459 καί
500 4417 635 4460 ἀλιπίόιυτον
650 4420 715 4476 ίχδὴν
730 4421 764 4463 άκ,
780 4435 800 4463 τ.
815 4436 849 4478 χρ.
866 4421 922 4463 τίνοι
938 4423 970 4462 εἰσ
983 4423 1008 4462 τό
1024 4419 1169 4478 ἀπογέυεοδπι
1183 4421 1209 4461 Τ.
1225 4443 1250 4451 -
1267 4424 1293 4463 2⁵
1309 4417 1369 4463 υότω
1384 4427 1411 4465 Τ.
1427 4451 1453 4458 -

261 4490 287 4527 26
298 4488 485 4543 ἀποβαλλομίνους
495 4494 524 4542 Μ,
537 4491 733 4545 ἀποβάλλεσδσιΤ,
744 4492 930 4548 ἀποβελλομίνων
940 4508 954 4536 ε
964 4497 1073 4536 Biennio
1085 4499 1141 4536 ιπιιΙο
1153 4496 1290 4536 ΙιιΜΙοοίιιπι
1301 4497 1357 4536 torri
1368 4505 1451 4547 posset.

260 4581 286 4588 -
297 4561 372 4602 ιιίνιττ.
383 4575 407 4604 ιω
417 4565 443 4604 Τ.
456 4587 479 4592 -
491 4567 515 4605 θί
533 4567 609 4606 maun.
623 4568 643 4605 νί
656 4569 688 4606 19.
700 4588 726 4596 -
737 4569 763 4607 29
774 4567 851 4607 λίκιίίι.
864 4569 885 4606 νί
896 4569 930 4607 ⁴24.
943 4590 968 4598 —
979 4569 1005 4608 30
1015 4565 1119 4608 δύνασθαι
1130 4569 1159 4606 Μ.
1171 4589 1195 4596 -
1207 4569 1233 4607 32
1243 4569 1320 4608 Μιιέίι.
1338 4581 1351 4608 ν
1362 4573 1451 4614 ,δέ-37.

1196 4659 1233 4708 123
