2998 4972
105 431 123 480 ν
143 413 174 464 ¹²
1160 421 1224 487 259

102 579 204 663 μέγας
232 578 290 644 καλ
312 577 568 664 μεγαλώνυμος,
604 577 623 646 6
649 580 751 666 μέγας
776 583 819 666 τῇ
844 583 955 667 βουλῇ
983 579 1040 648 καλ
1066 581 1224 666 κραταιὸς

102 692 172 758 τοῖς
192 683 319 764 έργοις,
344 678 363 745 6
382 678 462 758 θεδς
484 681 541 748 καλ
563 679 672 766 πατὴρ
690 687 752 748 τοῦ
771 679 871 766 άγίου
892 682 1012 760 παιδός
1033 701 1097 750 σου
1115 681 1224 768 Ἰησοῦ

102 785 163 848 τοῦ
183 786 334 867 σωτῆρος
356 779 468 867 ἡμῶν,
497 783 682 868 ἐπέβλεψαν
711 782 767 868 ἐφ’
797 781 967 868 ἡμᾶςκαὶ
997 785 1051 852 έτιλ
1079 783 1118 851 τὸ
1146 791 1221 852 τοί-

100 884 204 968 μνιύν
226 901 290 952 σου
309 886 419 967 τοῦτο,
443 881 463 952 6
484 884 529 951 δι’
550 884 656 952 αὐτοῦ
678 885 880 965 έξελέξωείς
901 887 1005 967 δόξαν
1018 891 1080 954 τοῦ
1094 884 1222 972 ὀνόμα-

100 987 158 1062 τός
180 1003 260 1052 σου·
287 985 343 1052 καλ
364 983 506 1071 ἁγιάσας
523 984 620 1074 ἡμῶν
641 985 682 1053 τά
700 987 837 1074 σάματα
858 989 916 1056 καλ
937 986 999 1074 τήν
1026 987 1140 1075 υυχην
1160 1011 1256 1062 και-5

99 1090 284 1171 ταξίωσον,
311 1087 485 1172 καθαρούς
501 1091 704 1175 γενομένους
720 1088 787 1156 ὐπὸ
802 1088 927 1168 παντὸς
940 1095 1118 1177 μολυσμοῦ
1139 1107 1222 1177 σαρ

99 1189 160 1268 κδς
183 1189 240 1256 καὶ
262 1188 467 1274 πνεύματος,
497 1204 613 1276 τυχεῑν
635 1197 703 1258 τοῖν
723 1193 956 1277 προκειμένων
977 1189 1136 1278 ὐγαθοῖν·
1165 1191 1222 1259 καλ

97 1292 230 1377 μηδένα
257 1289 354 1378 ἡμῶν
378 1289 517 1373 ἀνάξων
544 1298 679 1382 κρίνῃς,
712 1292 798 1360 άλλά
830 1293 958 1380 βοηθὸς
986 1291 1082 1380 ἡμῶν
1107 1298 1221 1378 γενοῦ,

98 1391 331 1479 δντιλήπτωρ,
357 1390 608 1481 ὑπερασπιστὴς
635 1395 692 1462 διά
717 1399 779 1462 τοῦ
803 1400 943 1482 χριστοῦ
969 1413 1048 1464 σου·
1075 1394 1155 1481 μεθ’
1179 1387 1222 1462 οὐ

97 1513 153 1562 σοι
181 1493 279 1578 δόξα,
302 1495 398 1582 τιμή,
419 1493 528 1583 αἶνος,
557 1499 751 1584 δοξολογία,
782 1496 973 1583 εὐχαριστία
995 1497 1117 1585 καὶτῷ
1136 1494 1222 1582 άγίμ
1241 1516 1273 1575 10

97 1595 267 1681 πνεύματι
289 1601 337 1674 είς
356 1599 435 1677 τοῦς
459 1603 599 1678 αίῦνας·
630 1599 728 1685 ἀμήν.
774 1600 831 1666 καλ
852 1598 934 1686 μετά
962 1598 1001 1665 τὸ
1023 1598 1151 1676 πάντας
1172 1601 1220 1664 εί-

96 1709 177 1766 πετν
193 1696 297 1784 Ἀμὴν
318 1697 337 1766 6
356 1700 514 1780 διάκονος
535 1701 657 1786 λεγέτω
680 1702 904 1788 Πρύσχωμεν·
926 1699 983 1778 καλ
1002 1697 1021 1768 6
1039 1700 1221 1780 ἐπίσκοπος

96 1803 380 1886 τροσφωνησάτω
402 1808 449 1892 τῷ
470 1809 541 1892 λαῷ
563 1801 668 1880 οὕτως
692 1803 739 1872 Τά
763 1802 842 1888 ἅγια
870 1816 940 1882 τοῖς
967 1801 1091 1889 άγίοις·
1122 1799 1220 1868 καλδ

96 1901 179 1980 λαός
210 1900 409 1972 ὑπακουέτω
444 1897 504 1983 Ελς
521 1906 647 1991 .άγιος,
682 1898 729 1984 εἷς
764 1905 897 1992 κύριος,
927 1904 1054 1992 Ἰησοῦς
1086 1905 1220 1993 χριστὸς

96 2009 145 2083 είς
166 2006 271 2085 δόξαν
293 2010 381 2072 θεοῦ
402 2005 527 2091 πατρὸς
556 2006 734 2093 εὐλογητὸς
766 2011 813 2085 είς
837 2004 916 2086 τούς
943 2010 1084 2086 αίῦνας·
1115 2006 1218 2092 ὑμήν.
1239 2025 1271 2080 ιο

95 2107 242 2187 δόξειέν
267 2104 421 2188 ὑψίστοις
441 2115 514 2198 θεῷ
542 2110 598 2178 καλ
622 2111 678 2178 ἐπὶ
699 2114 761 2196 γῆς
791 2110 924 2195 είρήνη,
956 2109 994 2176 έν
1023 2108 1220 2196 ἀνθρώποις

95 2206 253 2278 εὐδοκία·
279 2206 417 2278 άσαννά
442 2216 489 2299 τῷ
514 2213 579 2299 υίρῑ
600 2216 726 2296 Δαβίδ,
750 2211 974 2296 εὐλογημένος
997 2209 1015 2276 6
1036 2211 1218 2299 έρχὺμενος

96 2311 137 2378 έν
155 2309 296 2396 ὀνόματι
314 2317 438 2399 κυρίου
455 2311 536 2391 θεὸς
553 2313 670 2401 κάρτος
691 2315 747 2380 καλ
772 2313 942 2397 έπέφανεν
965 2309 1057 2397 ἡμῖν,
1079 2309 1217 2380 ὑσαννδ

95 2415 136 2482 έν
156 2425 228 2490 τοῖς
245 2410 408 2493 ὑψίστοις.
454 2415 510 2482 καλ
527 2417 609 2499 μετὰ
631 2419 729 2482 τοῦτο
750 2415 1030 2500 μεταλαμβανέτω
1047 2410 1065 2479 6
1080 2415 1219 2480 ἐπίσκο-

94 2541 170 2600 νιος,
190 2519 304 2584 ἔπειτα
325 2517 362 2584 oc
379 2516 602 2604 πρεσβύτεροι
618 2518 675 2584 καλ
691 2518 727 2584 οί
739 2517 892 2582 διάκονοι
914 2516 971 2582 καλ
987 2517 1024 2582 οί
1033 2511 1216 2582 ὑποδιάκο-
1235 2533 1273 2588 νο

92 2643 151 2688 νοτ
174 2617 232 2686 καλ
254 2618 290 2684 oc
308 2617 522 2703 άναγνῦσται
545 2618 601 2686 καλ
629 2621 666 2686 oc
682 2620 807 2698 ψάλται
835 2619 892 2685 καὶ
920 2619 957 2684 ολ
974 2616 1133 2704 ὐσκηταί,
1162 2618 1219 2684 καί

93 2723 136 2788 ἐν
167 2732 242 2796 ταῖς
282 2719 439 2804 γυναιξίν
470 2723 510 2788 αλ
547 2721 699 2789 διάκονοι
734 2719 792 2788 καλ
825 2723 864 2789 αί
892 2720 1059 2806 παρθένοι
1091 2718 1148 2786 καὶ
1181 2720 1220 2786 αί

92 2827 213 2909 χῆραι,
238 2817 308 2888 εἶτα
328 2821 370 2889 τά
392 2825 521 2906 παιδία,
542 2821 599 2890 καλ
619 2822 694 2890 τότε
709 2821 808 2901 πᾶςὸ
827 2821 906 2901 λαός
926 2821 1010 2888 κατά
1024 2823 1120 2901 τάξιν
1134 2820 1217 2906 μετά

92 2926 214 3002 αίδοῦς
235 2923 292 2990 καλ
314 2923 490 3010 εὐλαβείας
511 2924 594 2992 άνευ
615 2926 783 3010 θορύβου.
829 2925 885 2992 καλ
908 2921 927 2992 6
950 2925 1013 3009 μὲν
1035 2923 1218 3000 ἐπίσκοπος

91 3025 220 3094 διδότω
241 3024 304 3110 τήν
332 3026 535 3111 προσφοράν
556 3029 664 3111 λέγων
690 3031 796 3112 Σῶμα
818 3029 973 3114 χριστοῦ,
1001 3023 1058 3090 καὶ
1080 3021 1098 3090 6
1119 3024 1216 3110 δεχό-
1234 3044 1268 3095 κσ

91 3151 197 3214 μενος
231 3129 352 3212 λεγέτω
379 3125 498 3213 Ἀμήν·
535 3126 553 3195 6
589 3131 626 3196 δὲ
660 3129 819 3206 διάκονος
850 3127 1012 3211 κατεχέτω
1048 3124 1086 3192 τδ
1113 3125 1218 3211 ποτή-

91 3255 172 3316 ριον
195 3229 252 3296 καλ
280 3227 453 3307 έπιδιδούς
479 3233 599 3315 λεγέτω
628 3223 720 3318 Αλμα
747 3233 903 3316 χριστοῦ,
933 3228 1095 3313 ποτήριον
1119 3231 1217 3312 ζωῆς,

91 3331 151 3400 καλ
174 3329 194 3396 6
222 3337 331 3398 πίνων
356 3331 478 3416 λεγέτω
497 3330 610 3418 Ἀμήν.
655 3331 786 3416 ψαλμὺς
808 3332 846 3398 δὲ
869 3331 1019 3414 λεγέσθω
1041 3335 1082 3415 λγ
1106 3332 1144 3398 έν
1171 3333 1218 3418 τῷ

90 3434 366 3519 μεταλαμβάνειν
388 3434 518 3511 πάντας
537 3433 616 3512 τούς
644 3434 792 3512 λοιπούς.
834 3432 891 3500 καλ
913 3432 996 3500 ὅταν
1017 3432 1141 3510 πάντες
1157 3455 1217 3517 με-

90 3535 266 3620 ταλάβωσι
290 3534 347 3602 καλ
375 3539 495 3619 πᾶσαι,
534 3535 695 3622 λαβόντες
722 3539 760 3602 οί
788 3536 941 3602 διάκονοι
969 3533 1009 3600 τά
1038 3534 1217 3618 περισσεύ-
1235 3551 1269 3606 30

91 3657 202 3706 σαντα
228 3639 475 3724 εἰσφερέτωσαν
493 3640 540 3715 είς
559 3638 598 3704 τά
619 3639 841 3723 παστοφόρια.
875 3637 932 3704 καὶ
951 3633 1142 3714 ὑδιάκονος
1160 3641 1218 3702 λε-

164 3802 1215 3880 1n0u27,21?12A0t4‚²71600rp7,1munem!

166 3895 365 3960 mmmmm,
385 3895 632 3963 91281222111134

91 4053 107 4100 5
125 4044 160 4101 τὸ
178 4047 260 4115 σῶμα
277 4051 328 4114 γει
345 4048 375 4099 11
394 4042 462 4108 τούς
479 4049 555 4109 άτας
573 4066 589 4100 x
611 4050 615 4114 Ι
640 4051 667 4100 ll
687 4045 767 4116 άμήν
784 4049 819 4114 >
835 4065 853 4114 γ
874 4049 877 4118 J
898 4049 930 4102 13
947 4036 1182 4114 προσφωτησάτῳ
1199 4059 1216 4108 y

93 4139 97 4202 1
125 4133 158 4186 13
176 4123 252 4185 οὑτω
269 4139 300 4198 yt
320 4135 324 4196 Ι
346 4133 377 4184 19
395 4129 621 4201 λαμβανέτωγι
647 4135 682 4184 20
699 4128 729 4186 οὐ
747 4135 857 4186 tertium
875 4135 908 4198 >
926 4141 939 4184 t
957 4135 962 4196 Ι
983 4134 1014 4184 21
1033 4129 1083 4184 καλ
1101 4130 1216 4197 primum

91 4220 126 4282 >
143 4235 162 4283 y
185 4217 189 4282 Ι
210 4219 244 4268 25
263 4213 369 4284 διδότω
386 4236 404 4284 γ
424 4221 428 4283 Ι
448 4221 480 4270 27
500 4212 620 4279 έπιδοὺς
637 4237 654 4270 ιι
676 4220 680 4282 Ι
706 4219 740 4270 28
757 4215 871 4286 ψαλμὺς
937 4219 970 4283 λγ
988 4224 1018 4268 xt
1037 4208 1216 4284 [τριακοστὺς

91 4302 189 4367 τρίτος
208 4301 239 4370 tl,
259 4294 275 4353 6
293 4298 460 4368 τριακοστὸς
481 4298 514 4355 δέ
532 4303 628 4369 τρίτος
645 4298 761 4372 ψαλμδς
779 4297 907 4369 λεγέσθω
923 4317 942 4366 y
961 4303 966 4367 Ι
989 4300 1077 4354 211110
1094 4297 1215 4367 μεταλά-

91 4387 183 4455 βωσιτ
201 4387 287 4450 1130
304 4389 347 4440 τά
365 4404 413 4440 σαι
432 4387 515 4439 litera
535 4405 616 4442 εταιιι
634 4406 650 4440 x
665 4391 670 4454 Ι
686 4389 716 4440 31
737 4380 922 4454 κασταφὺρια
938 4403 957 4452 γ

950 4469 1012 4538 17*
