3128 4972
666 454 881 516 ..38-

171 623 270 688 Quod
294 623 381 687 enim
404 623 588 702 werrarum,
612 623 931 702 Hassaa¹,S'ra1rz⁸
956 629 1165 701 monuerunt,
1191 622 1243 686 his
1266 623 1376 688 verbis

169 742 216 806 nil
240 742 387 822 indicari,
412 741 476 806 nisi
497 743 705 807 Clementem
726 742 899 806 Melitonis
922 741 1044 806 librum
1068 742 1251 827 respexisse
1275 750 1377 826 atque

170 862 405 947 complevisse,
436 885 552 948 parum
581 870 633 927 est
661 862 851 927 verisimile.
900 862 1055 926 Clemens
1084 861 1188 946 igitur
1215 863 1249 926 in
1277 838 1375 941 libro,

170 1005 268 1066 quem
293 983 333 1047 de
358 984 517 1067 paschate
541 981 691 1067 scripsit,
719 982 918 1047 catholicam
944 983 1044 1046 Asiae
1069 981 1244 1047 ecclesiam
1268 981 1376 1066 impu-

170 1101 298 1187 gnavit.
346 1103 454 1186 Hujus
484 1109 596 1166 eutem
627 1101 704 1167 libri
733 1101 923 1186 fragmenta
956 1103 1117 1166 babemus
1149 1102 1183 1166 in
1220 1101 1376 1166 chronico

169 1221 329 1306 paschali.
365 1221 462 1286 Unde
480 1229 586 1306 patet,
607 1222 811 1287 adversarios
827 1221 860 1286 in
878 1222 928 1286 his
945 1221 1142 1306 fragmentis
1158 1224 1376 1307 reprehensos

170 1341 327 1407 ecclesias
351 1363 423 1406 esse
447 1341 600 1406 Asianas.

257 1467 288 1526 2.
314 1460 442 1526 Deinde
470 1462 624 1526 Warrzsn
652 1469 687 1526 et
716 1464 828 1525 Srsrm
859 1470 894 1526 et
923 1461 979 1546 qui
1006 1484 1119 1526 eorum
1147 1460 1298 1546 vestigiis
1327 1461 1376 1526 in·

169 1581 276 1668 gressi
304 1591 384 1646 sunt
411 1583 670 1661 contenderunt,
700 1581 1026 1666 quartodecimanos,
1056 1604 1138 1666 quos
1162 1580 1375 1666 Apolinarius

170 1709 356 1788 oppugnet,
386 1701 459 1768 ideo
483 1725 550 1766 non
574 1725 645 1766 esse
669 1701 852 1766 catholicas
876 1702 975 1766 Asiae
1000 1701 1174 1780 ecclesius,
1205 1701 1282 1786 quie
1304 1701 1375 1784 ipse

170 1821 455 1908 Apolinarius,
495 1821 669 1906 episcopus
707 1821 993 1906 Hierapolitanos,
1036 1821 1236 1886 Asianorum
1278 1844 1375 1884 usum

170 1941 367 2007 defenderit.
405 1941 493 2004 Nem
518 1942 618 2004 verba
641 1942 722 2024 ejus,
745 1964 828 2024 quse
851 1941 885 2005 in
909 1941 1063 2006 chronico
1087 1915 1237 2026 paschali
1259 1943 1375 2025 legun-

169 2069 235 2141 tur,
256 2061 411 2139 indicere,
433 2081 507 2124 eum
531 2060 640 2144 ipsum
663 2060 751 2125 diem
774 2071 929 2145 quartum
953 2062 1116 2126 decimum
1140 2061 1253 2146 magni
1276 2060 1375 2125 aesti-

170 2203 277 2246 masse
312 2165 554 2264 diligenterque
589 2182 794 2245 observasse.
847 2182 1072 2247 Quamobrem
1110 2203 1184 2245 cum
1222 2181 1292 2265 ipse
1330 2180 1375 2243 sit

170 2301 433 2365 adnumerandus
457 2300 601 2365 Asianus
626 2301 874 2365 consuetudinis
898 2301 1143 2380 defensoribus,
1169 2301 1374 2366 adversarios

170 2422 240 2506 ejus
265 2419 397 2485 minime
421 2443 493 2485 esse
517 2421 699 2485 catholicas
724 2421 824 2486 Asiae
848 2422 1016 2502 ecclesias,
1042 2422 1100 2487 sed
1123 2422 1273 2486 homines
1297 2423 1375 2485 hae·

168 2541 290 2606 reticos
318 2561 439 2623 eosque
468 2540 615 2605 Judaiois
644 2541 808 2606 erroribus
839 2540 1030 2606 obstrictos.
1078 2542 1143 2606 Sed
1172 2540 1306 2605 minime
1335 2563 1376 2605 ex

169 2659 364 2746 Apolinsrii,
389 2681 472 2743 quae
494 2660 527 2724 in
550 2661 704 2725 chronico
726 2661 876 2745 paschali
897 2662 1066 2745 leguntur,
1088 2661 1197 2726 verbis
1218 2660 1372 2739 efficitur,

169 2782 363 2846 observasse
386 2802 461 2844 eum
484 2780 572 2844 diem
595 2789 750 2864 quartum
771 2781 948 2845 decimum.
987 2783 1064 2865 Ipse
1082 2781 1167 2846 enim
1185 2783 1225 2846 de
1241 2784 1304 2845 hoc
1322 2779 1374 2844 die

168 2923 235 2966 non
258 2899 355 2965 aliter
377 2899 526 2983 loquitur
549 2909 648 2984 etque
666 2901 819 2964 Clemens
841 2909 875 2964 et
894 2901 1109 2986 Hippolytus,
1132 2925 1214 2986 quos
1231 2899 1374 2965 Asianae

169 3019 418 3087 consuetudinis
442 3019 672 3086 defensoribus
696 3020 882 3085 adscribere
903 3021 1026 3084 nemini
1047 3023 1155 3086 adhuc
1176 3022 1208 3086 in
1229 3028 1374 3086 mentem

168 3141 293 3207 venit‘.
332 3143 419 3205 Eum
442 3149 553 3206 eutem
573 3141 724 3226 profecto
747 3163 822 3206 cum
843 3141 1105 3206 occidentalibus
1127 3143 1277 3222 stetisse,
1298 3140 1374 3205 inde

169 3261 329 3340 efficitur,
361 3263 449 3345 quod
473 3263 667 3346 Polycrates
690 3261 724 3326 in
747 3261 1112 3345 quartodecimanorum
1137 3264 1290 3347 catalogo
1315 3283 1374 3324 suo

169 3379 371 3444 ment-ionem
403 3381 474 3464 ejus
506 3403 572 3444 non
605 3380 697 3445 facit.
753 3382 936 3448 Enumerst
967 3383 1054 3448 enim
1085 3382 1119 3448 in
1154 3383 1296 3468 epistola
1332 3382 1374 3446 ad

169 3499 342 3563 Victorem
365 3499 462 3562 data⁵
488 3522 543 3564 eos
568 3499 624 3582 qui
647 3508 723 3564 ante
745 3522 780 3566 se
799 3512 953 3585 quartum
975 3503 1139 3568 decimum
1159 3504 1245 3568 diem
1263 3503 1374 3567 obser-

257 3655 266 3686 ¹
285 3653 347 3716 Die
362 3653 481 3716 christi.
498 3653 642 3738 Passus„
661 3681 690 3738 p.
708 3663 758 3719 26.
776 3660 826 3721 74.

257 3739 267 3771 ²
290 3738 562 3817 Cooce'lr'eoyesels„
580 3747 605 3818 I,
623 3748 695 3803 299.

256 3827 267 3859 ³
286 3825 374 3887 stud.
393 3847 424 3886 u.
444 3823 541 3897 Jr'ril„
561 3833 654 3902 1856,
672 3851 700 3908 p.
715 3829 786 3890 778.
802 3863 843 3874 -
859 3835 1007 3906 Hsszos,
1024 3827 1213 3898 Reae-Ibe„
1231 3831 1372 3904 x1,157.

256 3913 267 3944 ⁴
292 3915 500 3994 Hippolytum
530 3919 562 3974 et
592 3917 782 3975 Clementem
812 3917 849 3976 ab
880 3917 1119 3976 occidentalibus
1149 3919 1285 3989 stetisse,
1309 3917 1374 3992 ipse

169 4007 324 4062 Wsrraua
355 4000 510 4073 concedit,
540 4001 601 4060 vid.
629 3998 659 4059 d.
689 3997 809 4060 christi.
838 3997 987 4084 Passus„
1013 4025 1042 4082 p.
1068 4006 1119 4062 64.
1145 4033 1186 4044 -
1217 4003 1255 4058 cl.
1281 4002 1374 4058 ctiam

169 4091 371 4159 Scnnsmss,
388 4083 419 4144 d.
438 4082 596 4144 Aeellheil
613 4083 664 4144 des
672 4082 741 4168 job.
759 4083 830 4156 Eu,
849 4108 878 4166 p.
896 4093 947 4148 58.
963 4125 1005 4132 -
1020 4092 1103 4160 Asc,
1121 4082 1167 4145 La
1184 4087 1374 4143 controuerso

163 4169 309 4252 prevale,
331 4193 360 4251 p.
378 4171 418 4232 47
428 4195 434 4229 ε
457 4165 571 4239 „Nous
591 4169 760 4230 adruelfoos
780 4169 1022 4255 calonumque
1043 4175 1089 4232 rel
1110 4164 1218 4252 rivique
1237 4164 1373 4246 (Hippo-

169 4255 247 4340 lyte)
263 4249 339 4316 eluit
348 4253 496 4335 partiaco
513 4253 549 4314 de
567 4254 599 4316 la
616 4259 753 4315 coretume
768 4254 945 4318 romciue.‘'

256 4339 267 4373 ⁵
284 4343 395 4403 Euseb.
412 4345 455 4402 H.
470 4344 507 4401 E.
525 4345 561 4417 V,
579 4347 629 4418 24,
647 4347 665 4404 2
681 4365 747 4424 sqq.
