2994 4972
276 397 336 456 170
1325 399 1343 441 ς
1366 386 1396 436 12

274 551 425 640 ούρανοῦ
438 553 521 637 πρὸς
533 555 574 637 μὲ
592 553 737 636 λέγουσα
755 553 926 633 Ἀναστάς,
948 553 1068 638 Πέτρε,
1089 555 1202 616 θύσον
1216 549 1274 617 καλ
1289 549 1395 636 φάγε·

275 653 365 740 κάγιὸ
381 650 478 722 εἶπον
487 657 670 740 Μηδαμῶς,
687 653 794 740 κύριε,
811 653 861 719 ὅτι
877 651 1039 719 οὐδέποτε
1052 656 1182 738 ἔφαγον
1192 657 1262 718 πάν
1277 651 1398 717 κοινὸν

275 759 332 825 καί
345 757 558 842 ἀκάθαρτον·
580 755 637 823 καὶ
652 755 783 839 ἐγένετο
801 755 905 822 πάλιν
922 753 1019 840 φωνή
1042 753 1080 820 ἐκ
1098 759 1159 820 τοῦ
1173 751 1328 836 ούρανοῦ
1344 756 1398 818 λέ-

275 877 382 944 γουσα
391 855 431 923 “A
443 855 552 934 ὁθεός
564 857 759 942 ἐκαθάρισε,
768 856 812 923 σύ
822 855 867 942 μή
879 861 1013 922 κοίνου·
1030 860 1130 922 τοῦτο
1145 856 1182 922 δὲ
1193 855 1330 939 ἐγένετο
1343 854 1399 921 ἐπλ

241 979 258 1030 ο
275 963 357 1045 τρίς,
369 959 426 1024 καὶ
436 957 615 1043 ἀνελήφθη
627 957 666 1024 τὸ
672 963 792 1036 σκεῦος
802 961 850 1035 είς
859 957 919 1024 τὸν
925 956 1083 1043 οὐρανόν.
1100 954 1146 1034 ύς
1156 957 1193 1023 δὲ
1205 956 1399 1042 διηπόρουν

275 1061 314 1128 τὸ
327 1065 363 1127 τί
371 1057 415 1126 άν
429 1065 479 1145 εἴη
491 1059 529 1125 τὸ
544 1058 663 1145 ὅραμα,
680 1055 754 1126 εἶπέ
763 1083 820 1143 μοι
831 1059 869 1126 τὸ
883 1063 1017 1143 πνεῦμα
1027 1057 1113 1125 Ἰδού
1126 1057 1250 1143 ἄνδρες
1261 1061 1403 1142 ζητοῦσί

276 1181 331 1229 σε·
356 1161 441 1228 άλλά
463 1159 610 1237 άναστάς
632 1159 819 1247 πορεύθητι
841 1160 906 1227 σὺν
920 1159 1033 1237 αὐτοῖς
1053 1161 1159 1246 μηδὲν
1179 1158 1399 1244 διακρινόμε-

276 1287 351 1348 νος,
384 1263 435 1330 ὄτι
463 1262 527 1347 ἐγιδ
554 1261 734 1329 ἀπέστειλα
761 1259 898 1340 αὐτούς·
934 1259 1030 1328 αὐτοὶ
1063 1261 1101 1327 δέ
1124 1252 1216 1346 ήσαν
1244 1263 1282 1326 οί
1305 1259 1400 1346 παρά

276 1369 337 1431 τού
368 1365 625 1452 ἑκατοντάρχου.
676 1362 733 1430 καὶ
759 1362 865 1442 οὕτως
896 1361 1183 1448 ἀναλογισάμενος
1218 1365 1332 1446 ἔγνων
1363 1361 1401 1428 τὸ

230 1485 259 1537 ιο
277 1467 366 1554 ῥῆμα
387 1471 509 1549 κυρίου
530 1465 569 1532 τὸ
588 1467 820 1552 γεγραμμένον
843 1465 980 1542 ὄτιΠάς
1002 1460 1038 1542 ὃς
1059 1460 1104 1530 άν
1125 1464 1399 1549 ἐπικαλέσηται*

276 1568 314 1634 τὸ
333 1567 439 1654 ὄνομα
461 1572 601 1654 κυρίου,
621 1567 828 1652 σωθήσεται,
852 1567 909 1634 καὶ
925 1567 1028 1633 πάλιν
1050 1563 1323 1650 Μνησθήσονται
1342 1565 1400 1632 καὶ
1482 1633 1483 1638 ,

278 1671 587 1756 ἐπιστραφήσονται
602 1667 685 1756 πρὸς
700 1668 821 1754 κύριον
837 1668 947 1734 πάντα
962 1667 1003 1734 τά
1020 1669 1146 1753 πέρατα
1167 1671 1225 1751 τῆς
1247 1670 1322 1751 γῆς,
1342 1666 1400 1733 καλ

277 1772 576 1858 προσκυνήσουσιν
589 1770 735 1838 ἐνάπιον
746 1767 852 1837 αὐτοῦ
863 1775 967 1836 πᾶσαι
978 1770 1017 1836 αἱ
1032 1769 1169 1854 πατριαὶ
1178 1773 1248 1834 ταῖν
1263 1767 1398 1834 ἐθνῶν·

277 1872 328 1938 ὅτι
348 1877 410 1938 τοῦ
425 1876 547 1958 κυρίου
567 1870 588 1959 ή
611 1875 782 1958 βασιλεία,
808 1871 864 1938 καλ
888 1870 988 1949 αὐτὸς
1005 1869 1156 1950 δεσπόζει
1176 1873 1246 1936 τῶν
1267 1869 1397 1936 ἐθνῶν.

230 1993 260 2044 15
279 1975 335 2040 καλ
357 1971 401 2050 ὣς
423 1975 594 2059 πανταχοῦ
614 1974 771 2061 περὶτῆς
793 1974 941 2059 κλήσεως
958 1977 1028 2040 τάν
1053 1973 1168 2039 ἐθνῶν
1187 1977 1319 2057 εἴρηται
1343 1973 1399 2038 ἐν-

278 2074 413 2160 νοήσας,
428 2073 576 2152 άναστάς
592 2074 785 2161 ἐπορεύθην
802 2075 868 2142 σύν
886 2073 1071 2152 αὐτοῖςκαὶ
1089 2076 1251 2157 είσήλθον
1274 2075 1324 2150 είς
1340 2073 1399 2138 τὸν

279 2173 375 2244 οἶκον
401 2181 462 2242 τοῦ
486 2174 626 2262 άνδρός·
658 2176 714 2243 καὶ
741 2180 789 2243 ἐτι
820 2201 887 2262 μου
913 2178 1168 2261 διαγγέλλοντος
1194 2171 1255 2241 τὸν
1283 2175 1398 2258 λόγον,

279 2279 419 2346 ἐπέπεσε
441 2277 478 2344 τδ
498 2283 631 2364 πνεῦμα
653 2276 691 2345 τδ
712 2278 811 2364 άγιον
839 2277 893 2346 ἐπ’
918 2275 1023 2344 αὐτὸν
1050 2276 1107 2344 καὶ
1128 2277 1184 2344 ἐπὶ
1210 2273 1290 2353 τούς
1311 2293 1398 2360 σνμ·

278 2381 447 2466 παρόντας
468 2379 569 2469 αύτῷ,
593 2379 708 2458 καθάς
725 2383 743 2420 *
764 2378 926 2466 ἐφ’·ήμάς
947 2380 987 2446 έν
1001 2377 1105 2466 άρχή,
1135 2377 1191 2444 καὶ
1208 2375 1314 2444 οὐδὲν
1330 2379 1398 2444 διέ-

227 2501 262 2552 το
279 2505 375 2568 κρινε
396 2481 519 2568 μεταξύ
538 2481 636 2568 ήμιιν
652 2507 688 2549 τε
711 2483 768 2549 καὶ
786 2480 910 2565 αὐτοῖν,
933 2486 974 2568 τή
996 2485 1106 2548 πίστει
1129 2483 1325 2567 καθαρίσιιν
1340 2477 1399 2557 τάς

278 2587 418 2670 καρδίας
447 2583 568 2651 αὐτῶν.
626 2585 684 2651 καὶ
710 2588 819 2669 ἐγνων
848 2584 912 2669 έγά
943 2584 994 2650 ὅτι
1023 2580 1085 2650 ούκ
1119 2585 1189 2649 ἐστι
1216 2599 1398 2667 προσωπο-

279 2686 405 2771 λήπτης
426 2683 551 2770 ὁθεός,
574 2683 649 2751 ἀλλ’
674 2686 713 2752 ἐν
734 2686 835 2752 παντὶ
850 2689 944 2752 ἔθνει
959 2682 978 2752 ὁ
995 2683 1208 2770 φοβούμενος
1221 2681 1329 2750 αὐτὸν
1342 2683 1397 2749 καλ

279 2788 499 2873 ἐργαζόμενος
518 2787 739 2872 δικαιοσύνην
761 2786 877 2866 δεκτὸς
904 2785 996 2874 αὐτῷ
1017 2787 1126 2854 ἐστιν·
1157 2786 1341 2870 ἐξέστησαν
1360 2785 1396 2850 δὲ

279 2890 336 2958 ἐπὶ
356 2889 539 2976 τούτῳκαὶ
561 2891 598 2956 οί
611 2890 650 2956 ἐκ
671 2893 852 2976 περιτομῆς
872 2893 993 2957 πιστοί.
1029 2893 1128 2955 *νῦν
1149 2876 1213 2954 οὖν
1229 2891 1265 2954 τί
1280 2886 1396 2973 πειρά-

227 3009 261 3062 25
280 2998 348 3074 ξεττ
370 2991 539 3077 τὸνθεόν,
563 2992 733 3059 ἐπνθείναι
752 2990 853 3076 ζυγόν
868 2993 980 3078 βαρύν
1002 2992 1058 3059 ἐπὶ
1071 2989 1132 3057 τὸν
1146 2989 1317 3075 τράχηλον
1331 2991 1395 3054 τάν

349 3219 380 3270 10
397 3220 456 3271 Ιοο1
474 3219 498 3282 3,
518 3219 534 3270 5
549 3222 554 3278 Ι
572 3218 600 3268 11
613 3216 707 3269 Psalm
720 3218 761 3281 22,
775 3215 818 3268 28.
831 3215 883 3285 201
902 3217 930 3268 17
949 3217 1002 3269 Aet
1023 3217 1061 3280 10,
1075 3218 1109 3266 41
1124 3214 1158 3279 -Ι-
1176 3214 1217 3279 ll,
1234 3213 1265 3264 15
1280 3211 1286 3280 Ι
1303 3213 1334 3264 10
1345 3213 1392 3263 Act

349 3305 389 3368 15,
408 3303 490 3370 0121
509 3303 562 3356 Ant
582 3304 621 3368 10,
641 3302 682 3354 34.
703 3301 745 3354 35.
763 3303 797 3352 45
811 3303 816 3366 Ι
831 3303 864 3352 24
883 3304 936 3354 Act
957 3302 995 3364 15,
1018 3301 1057 3352 10.
1077 3301 1105 3351 11

279 3509 295 3562 3
312 3501 401 3560 πάλιν
419 3502 500 3575 φανὴ
518 3524 570 3573 wx,
591 3499 622 3560 ἐκ
641 3500 778 3572 δευτέρου
797 3500 878 3574 φωνή
896 3523 938 3572 γε,
960 3499 1041 3573 φανὴ
1061 3497 1092 3558 ἐκ
1111 3497 1281 3568 διοτέρου1
1303 3501 1307 3569 Ι
1331 3493 1390 3554 δέν

279 3593 331 3646 τού
348 3584 475 3658 ούρανοῦ
491 3593 526 3657 >
536 3598 584 3658 yzt
603 3590 608 3656 Ι
626 3594 644 3644 4
662 3585 834 3657 ἐκαθαίρισε
851 3609 889 3654 w,
913 3584 1090 3656 ἐκαθάρισεν
1106 3608 1125 3641 1
1151 3590 1155 3653 Ι
1174 3589 1191 3640 5
1209 3591 1287 3654 τρεῖς
1304 3605 1335 3642 ιε
1354 3586 1390 3650 15

281 3669 436 3744 άκελύφθη
454 3685 466 3730 t
485 3676 491 3744 Ι
510 3677 528 3728 0
545 3671 577 3730 τὸ
594 3679 710 3744 primum
721 3679 756 3743 >
772 3683 820 3744 yzt
839 3676 875 3742 10
893 3667 983 3744 ὄρομα
1004 3693 1019 3726 τ
1035 3674 1039 3742 Ι
1054 3675 1071 3728 0
1089 3668 1172 3726 ελπέν
1189 3691 1217 3739 x,
1236 3671 1345 3737 είπενγ
1357 3670 1389 3734 Ιδ

279 3761 412 3832 ζητοῦσίν
429 3781 447 3814 1
467 3764 470 3829 Ι
490 3761 507 3814 8
526 3757 600 3814 διότι
617 3768 664 3829 γτ1
679 3761 715 3830 18
733 3751 812 3815 οὗτοι
829 3767 877 3828 γει
892 3763 896 3826 Ι
911 3762 928 3814 0
946 3754 1185 3827 ἐκαντοτάρχοντ
1201 3759 1238 3825 19
1255 3750 1387 3821 άναλογη·

279 3843 403 3916 σάμενσο
421 3866 445 3901 w
466 3845 469 3911 Ι
492 3847 523 3898 10
542 3846 644 3912 κυρίου
661 3849 695 3912 >
713 3851 751 3900 Υτ
771 3849 775 3912 Ι
798 3848 830 3900 10
846 3838 890 3900 ὅτι
908 3847 943 3912 >
960 3849 998 3898 Υτ
1019 3845 1024 3913 Ι
1045 3845 1078 3897 10
1100 3836 1286 3910 ἐπικαλέσητε
1303 3859 1317 3894 τ
1336 3840 1341 3908 Ι
1359 3839 1387 3890 10

279 3930 362 4001 λέγον
379 3933 414 4000 -Ι-
431 3935 453 3984 Υ
474 3932 479 3999 Ι
499 3933 529 3984 11
548 3924 645 4000 πάλην
656 3951 681 3997 x,
700 3928 734 3986 τὸ
750 3927 800 3986 διά
820 3932 878 3986 δάδ
890 3927 1044 4000 εἰρημένον
1055 3947 1089 3995 γε
1105 3931 1109 3994 Ι
1127 3929 1156 3979 11
1175 3921 1387 3995 μνησθήσεται1

280 4019 285 4088 Ι
310 4022 342 4072 12
361 4011 606 4086 ἐπιστραφήσοντε
625 4036 653 4083 τ,
674 4010 915 4086 ἐπιοτραφήσεται
933 4024 944 4069 t
964 4019 969 4080 Ι
991 4018 1021 4068 17
1040 4009 1242 4081 διαγγέλοντος
1260 4029 1296 4076 w,
1316 4010 1388 4074 διαγ·
1482 4073 1483 4080 χ

279 4102 432 4172 γέλλωντος
450 4107 490 4156 Y?
505 4105 510 4170 Ι
527 4103 559 4156 18
577 4097 715 4158 ἐπέπεσεν
731 4121 763 4170 x,
783 4099 890 4157 ἔπεστι
909 4101 913 4170 Ι
934 4088 1387 4166 18.19παρόνταςσδναύτάγτ1

280 4189 285 4257 Ι
305 4192 338 4242 10
355 4188 405 4244 nal
423 4189 457 4257 -Ι-
473 4195 520 4258 yzt
535 4187 539 4255 Ι
556 4187 588 4241 19
606 4179 698 4242 ούθὲκ
715 4194 762 4255 yzt
777 4188 781 4254 Ι
799 4189 839 4240 19.
852 4187 886 4240 20
904 4183 1048 4251 διέκρινεν
1065 4201 1084 4236 x
1099 4183 1152 4249 120
1169 4181 1332 4247 καθαρίσας
1346 4183 1386 4244 yn
1482 4185 1483 4236 ἶ

281 4274 286 4342 Ι
305 4275 337 4324 21
361 4267 414 4340 έγύ
432 4281 501 4338 th,
520 4268 622 4327 λοιπὸν
639 4291 672 4340 γτ
693 4275 697 4339 Ι
716 4273 748 4323 21
768 4267 845 4325 ἐστιν
862 4289 879 4324 x
898 4273 902 4335 Ι
927 4273 960 4322 22
980 4265 1054 4336 ἔθνη
1073 4287 1116 4322 wx
1133 4268 1138 4337 Ι
1161 4267 1194 4320 23
1214 4262 1292 4320 ἔσται
1309 4263 1386 4328 1121

280 4356 365 4410 τοῦτο
383 4375 405 4407 w
421 4359 473 4422 121
491 4357 541 4410 καλ
558 4357 592 4425 -Ι-
609 4375 633 4408 w
648 4357 653 4424 Ι
668 4360 711 4410 24.
724 4359 757 4409 25
775 4349 939 4422 πειράζεται
958 4373 981 4408 w
996 4358 1001 4420 Ι
1016 4357 1050 4406 25
1068 4347 1209 4419 ἐπιθήναι
1226 4369 1252 4403 w
