3160 4976
118 358 168 430 14

115 542 287 620 παρουσίαν
309 545 366 608 τῆς
388 540 508 623 ἡμέρας
531 538 575 610 είς
597 539 746 624 ἐργασίαν
770 547 831 602 τῶν
854 547 908 603 τοῦ
932 543 1035 627 φωτός
1058 541 1168 627 ἐργων.
1201 537 1239 602 Et
1259 545 1302 622 μη

116 642 245 708 δυνατόν
270 647 300 706 ἐν
325 644 463 728 ἐκκλησίᾳ
487 652 622 733 προϊέναι
639 645 691 712 διὰ
707 654 779 720 τούς
794 651 954 729 ἀπίστους,
976 647 1044 711 κατ’
1061 647 1139 712 οόιον
1156 642 1306 728 συνάξεις,

116 752 141 818 ὦ
165 754 315 826 ἐπίσκοπε,
339 756 389 815 ίνα
411 761 454 837 μὴ
478 758 654 842 εέσέρχηται
679 756 799 842 ἀσεβὴς
821 758 865 830 είς
889 756 1044 830 ένοιλησίαν
1068 755 1216 841 εὐσεβῶν.
1248 756 1306 838 οὐχ

118 864 251 933 ότόπος
274 867 337 948 γὰρ
360 866 411 924 τόν
436 864 606 950 ἄνθρωπον
630 866 764 950 ἁγιάζει,
789 864 854 929 ἀλλ’
878 867 894 928 ό
918 865 1091 952 ἅνθρωπος
1118 867 1169 928 τόν
1200 866 1303 926 τόπον.

116 971 170 1032 ἐὰν
195 967 229 1032 δέ
253 968 379 1054 ἀσεβεῖς
402 977 557 1058 κατέχωσι
581 975 632 1036 τόν
654 977 758 1054 τόπον,
793 978 956 1061 ρευκταῖός
994 994 1041 1040 σοι
1075 976 1154 1036 ἐστω
1188 970 1241 1035 διά
1270 974 1305 1034 τό
1336 987 1351 1030 ε

116 1075 326 1162 βεβηλῶσθαι
350 1079 401 1143 ὑπ’
425 1083 538 1144 αὐτῶν.
565 1083 609 1154 ῶς
632 1087 695 1168 γάρ
720 1085 794 1147 ὅσιοι
819 1085 907 1168 ίερεῖς
931 1081 1123 1166 ἁγιάζουσιν,
1148 1083 1247 1152 ούτως
1278 1081 1308 1142 οί

115 1189 237 1271 ἐναγεῖς
259 1193 438 1270 μιαίνουσιν.
464 1191 490 1250 εί
512 1187 546 1252 δέ
568 1197 645 1274 μήτε
669 1193 698 1253 έν
723 1194 793 1273 οἴκῳ
817 1193 887 1274 ἅμα
909 1197 986 1274 μήτε
1006 1194 1036 1254 ἐν
1053 1189 1192 1270 ἐκκλησία
1207 1209 1304 1252 συνα-

113 1294 307 1381 θροισθηναι
345 1294 485 1378 δυνατόν,
521 1300 650 1373 ἐκαστος
680 1296 789 1387 [παρ’]
831 1303 932 1380 έαυτῷ
956 1297 1108 1382 ψαλλέτω,
1144 1299 1304 1382 ἀναγινω-

115 1408 223 1484 σκέτω,
246 1407 485 1492 προσευχέσθω,
509 1411 528 1478 ἢ
553 1413 603 1472 καί
626 1410 695 1492 ἅμα
720 1407 773 1473 δύο
802 1412 822 1479 ἦ
850 1418 942 1494 τρεῖς.
968 1411 1044 1472 ὅπου
1075 1411 1139 1494 γὰρ
1169 1407 1207 1469 ἂν
1238 1403 1305 1484 ὦσι,

115 1517 203 1600 ρησίν
227 1515 243 1576 ό
266 1519 378 1600 κύριος,
403 1513 457 1578 δύο
486 1518 506 1585 ἦ
537 1525 617 1602 τρεῖς
642 1517 875 1602 συνηγμένοιέν
905 1524 950 1597 τῷ
980 1518 1110 1598 ὀνόματί
1139 1535 1208 1598 μου,
1246 1515 1307 1576 ἐκεῖ
1322 1529 1350 1570 10

114 1624 173 1705 ιίμι
196 1624 226 1684 ἐν
250 1627 335 1705 μέσῳ
360 1627 474 1688 αὐτῶν.
507 1625 618 1697 Πιστός
650 1629 729 1708 μετὰ
761 1630 991 1710 κατηχουμένου
1015 1622 1095 1708 μηδὲ
1134 1619 1202 1686 κατ’
1226 1621 1304 1685 οόιον

114 1732 349 1817 προσευχέσθω.
374 1736 421 1806 τίς
443 1737 506 1820 γὰρ
530 1739 669 1798 κοινωνία
693 1739 772 1823 ρωτί
795 1739 872 1820 πρός
896 1738 1018 1813 σκότοςς
1042 1733 1188 1804 Πιστόςῆ
1213 1735 1304 1799 πιστὴ

114 1836 232 1911 δούλοις
244 1841 487 1929 συναρθίντεςῆ
501 1843 751 1931 άριστάσθωσαν
762 1846 782 1914 ἦ
795 1841 1099 1928 άποβαλλέσθωσοιν.
1116 1839 1171 1904 23.
1184 1848 1199 1878 ⁰
1212 1838 1304 1901 Ἐπι-

113 1947 264 2013 τελείσθω
288 1953 375 2036 τρίτα
398 1960 460 2014 τῶν
483 1957 703 2035 κεκοιμημένων
733 1955 763 2014 ἐν
786 1951 922 2035 ψαλμοῖς
949 1957 1000 2015 καί
1032 1957 1222 2037 προσευχαῖς
1246 1945 1305 2010 διά

113 2061 163 2121 τόν
187 2056 239 2121 διὰ
263 2070 354 2147 τριῶν
377 2065 500 2146 ἡμερῶν
523 2060 692 2147 ἐγερθέντα
715 2067 765 2124 καί
782 2063 894 2124 ἐννατα
918 2063 961 2134 είς
983 2064 1150 2143 ὑπόμνησιν
1166 2066 1228 2120 τῶν
1247 2075 1303 2117 πε·
1322 2071 1350 2114 ιο

112 2172 238 2254 ριόντων
261 2175 311 2232 καί
335 2179 396 2234 τῶν
419 2170 640 2254 κεκοιμημένων
662 2176 713 2256 καί
734 2175 969 2256 τεσσαρακοστὰ
992 2173 1073 2232 κατὰ
1096 2171 1147 2229 τόν
1170 2163 1302 2230 παλαιόν

112 2283 204 2340 τύπον
243 2275 395 2364 (Μωῡσῆν
424 2283 487 2366 γὰρ
512 2281 611 2353 οὕτως
639 2282 655 2342 ό
685 2279 761 2352 λαός
783 2255 954 2364 ἐπένθησε)
991 2284 1041 2340 καί
1065 2280 1203 2340 ἐνιαύσια
1226 2277 1301 2358 ύπίρ

111 2389 220 2468 μνείας
243 2389 345 2450 αὐτῶν
369 2385 509 2452 διδόσθω
533 2389 565 2451 ἐκ
586 2398 648 2452 τῶν
670 2391 873 2475 ὑπαρχόντων
898 2389 1003 2459 αὐτοῖς
1024 2391 1144 2459 πένησιν
1161 2387 1204 2456 είς
1220 2381 1302 2444 ἀνά·

111 2514 219 2578 μνησιν
244 2498 358 2561 αὐτῶν.
391 2497 500 2560 Ταῦτα
526 2495 559 2561 δέ
575 2503 641 2584 περί
666 2496 802 2582 εὐσεβῶν
827 2496 964 2583 λέγομεν.
995 2500 1062 2582 περί
1090 2498 1154 2581 γάρ
1176 2489 1301 2576 ἀσεβῶν

112 2604 165 2665 ἐόιν
196 2607 236 2666 τὰ
266 2613 319 2667 τοῦ
347 2608 460 2688 κόσμου
490 2603 554 2686 δῷς
582 2607 721 2689 πένησιν,
752 2604 837 2669 οὐδέν
869 2607 986 2678 όνὴσεις
1018 2605 1143 2676 αὐτούς.
1181 2601 1206 2683 ᾧ
1238 2601 1301 2684 γὰρ
1319 2614 1348 2654 νυ

111 2718 241 2800 περιόντι
262 2714 381 2801 ἐχθρόν
402 2714 439 2787 ἧν
460 2719 495 2778 τό
516 2715 613 2790 θεῖον,
637 2713 726 2788 δῆλον
743 2718 788 2779 ότι
803 2721 854 2778 καί
869 2717 1065 2798 μεταστάντι.
1092 2715 1126 2776 οὐ
1143 2715 1205 2796 γάρ
1222 2710 1300 2772 ἐστιν

112 2819 215 2886 ἀδικία
243 2820 319 2910 παρ’
341 2826 439 2903 αὐτῷ.
468 2822 584 2897 δίκαιος
607 2829 668 2910 γάρ
697 2827 713 2888 ό
740 2829 841 2911 κύριος
863 2829 914 2888 καί
937 2821 1132 2893 δικαιοσύνας
1157 2820 1302 2903 ἠγάπησε

111 2937 161 2996 καί
173 2930 237 2997 ίδού
250 2930 422 3018 ἄνθρωπος
432 2937 484 2997 καί
496 2936 530 2996 τό
543 2935 631 3020 ἐργον
645 2928 824 3008 αὐτοῦ.,24.
841 2932 895 2995 Ἐν
908 2929 941 2995 δέ
953 2939 1024 3004 ταῖς
1032 2927 1186 3013 μνήμαιςΙΙ
1199 2928 1301 2989 αὐτῶν

112 3041 287 3126 καλούμενοι
304 3047 383 3126 μετὰ
400 3037 544 3117 εὐταξίας
560 3041 707 3106 ἑστιᾶσθε
723 3046 773 3104 καί
789 3038 890 3128 ρόβου
906 3040 985 3104 θεοῦ
1008 3041 1053 3112 ῶς
1076 3035 1236 3120 δυνάμενοι
1252 3039 1303 3097 καί

111 3148 287 3236 πρεσβεύειν
304 3155 378 3237 ὐπέρ
410 3160 471 3214 τῶν
498 3153 728 3233 μεταστάντων.
768 3147 970 3235 πρεσβύτεροι
1000 3152 1064 3234 γάρ
1092 3150 1142 3209 καί
1170 3142 1301 3208 διάκονοι
1319 3159 1347 3200 τε

112 3265 241 3344 χριστοῦ
257 3263 451 3344 ὑπάρχοντες
467 3265 570 3345 νήρειν
587 3257 720 3345 όρείλετε
734 3261 865 3321 πάντοτε
880 3263 932 3320 καί
947 3254 1303 3342 πρύςέαυτοὺςκαίπρός

111 3369 244 3454 ἐτέρους,
261 3369 310 3431 ίνα
327 3347 465 3438 δύνησθε
480 3372 553 3440 τοὺς
569 3369 722 3438 ἀτάκτους
736 3366 903 3430 νουθετεῖν.
927 3365 1005 3450 λέγει
1022 3367 1085 3449 γὰρ
1101 3367 1121 3435 ἡ
1138 3365 1258 3448 γραφή·
1275 3361 1305 3420 οἱ

110 3473 257 3540 δυνάσται
275 3474 437 3560 θυμώδεις
452 3476 613 3540 είσίν·οίνον
629 3482 672 3560 μὴ
689 3481 871 3553 πινέτωσαν,
902 3476 953 3537 ίνα
985 3478 1028 3556 μὴ
1045 3461 1164 3545 πιόντες
1191 3467 1299 3532 ἐπιλοί·

110 3585 233 3649 θωνται
250 3595 306 3656 τῆς
322 3591 434 3673 σορίας
455 3590 505 3650 καί
521 3585 606 3672 ὀρθὰ
628 3590 733 3670 κρίνειν
750 3587 784 3647 οὐ
801 3582 962 3648 δύνωνται.
976 3585 1080 3646 οὐκοῦν
1104 3585 1155 3643 καί
1176 3580 1206 3641 οί
1226 3597 1302 3662 πρε·

201 3691 235 3760 α)
247 3690 305 3763 σιρέ
318 3695 371 3746 τῶν
383 3692 487 3764 τρίτων,
506 3693 529 3744 θ
546 3693 590 3746 καί
608 3709 628 3762 μ
643 3689 728 3754 ἀλλην
748 3690 836 3747 αἰτίαν
856 3690 928 3763 παρὰ
947 3690 995 3751 τὴν
1008 3687 1114 3750 συνήθη
1126 3685 1172 3739 καί
1184 3684 1303 3752 καθωμο-

110 3780 235 3851 λημένην.

193 3877 206 3917 8
221 3870 329 3929 προτείνει
339 3871 388 3916 OV.
399 3895 426 3905 -
436 3873 504 3915 οίνιιον
514 3871 580 3927 „118³
589 3873 697 3916 rubriess.
708 3893 735 3904 -
744 3874 758 3916 8
768 3869 860 3926 εὐσεβὴς
869 3876 892 3914 ού
902 3867 988 3925 ἀσεβῶν
999 3868 1047 3912 OV.
1059 3868 1108 3911 -ύ
1119 3863 1156 3910 ἐάν
1165 3887 1192 3898 -
1202 3861 1268 3906 τόπον
1277 3875 1305 3906 ευ

112 3945 167 3990 0ῖέ
177 3948 226 3988 -8
237 3945 272 3988 ἐπ’
282 3943 356 3988 αὐτῶν
365 3944 414 3988 OV.
422 3967 450 3978 -
459 3943 480 3987 οί
491 3941 548 3988 ἐσιοι
557 3944 606 3989 OV.
616 3946 665 3987 -8
676 3945 745 4000 [παρ’]
755 3956 782 3986 τυ
790 3945 899 3989 8101.-
908 3943 1010 3986 81181111.
1022 3941 1077 3986 xvssl
1086 3941 1121 3982 80.
1132 3937 1173 3994 γάρ
1182 3935 1220 3980 ἐέν
1228 3935 1303 3988 1011,

111 4032 133 4060 ν.
145 4020 298 4061 normannum
311 4020 341 4060 ειί
359 4019 468 4070 vigetum
487 4019 536 4060 818.
553 4013 607 4061 ὦσιν
618 4019 741 4061 01.-18
755 4017 787 4073 τῷ
803 4014 850 4072 ἐμῷ
866 4014 964 4070 ἐνόμστι,
980 4012 1027 4056 ἐκεῖ
1036 4013 1085 4056 01.
1096 4031 1123 4042 -
1134 4014 1158 4052 11
1169 4007 1226 4063 μήτε
1235 4009 1265 4050 11.
1277 3999 1310 4039 -“

111 4093 137 4132 18
152 4091 205 4134 Gor.
221 4089 240 4133 11
255 4094 279 4132 vl
294 4094 328 4133 11.
343 4113 370 4122 -
385 4093 411 4132 18
420 4095 472 4134 tute
482 4089 514 4138 τίς
524 4089 579 4133 OV:
596 4088 622 4132 οίι
631 4089 672 4146 γάρ
681 4088 764 4132 δίκαιον
773 4089 810 4132 τόν
820 4085 959 4144 μεμυημένον
970 4085 1025 4141 μετὰ
1033 4083 1072 4128 τοῦ
1082 4081 1181 4138 ἐμυήτου
1191 4077 1304 4134 συμμολύ·

110 4161 194 4204 νισόσι.
210 4160 308 4217 Εὐσεβὴς
323 4162 378 4218 μετά
392 4162 502 4218 αίρετιοιού
516 4161 572 4218 μηόέ
582 4164 628 4204 κατ’
641 4161 702 4204 οίνιον
711 4159 876 4217 προσευχέσθω.
886 4181 914 4192 -
929 4161 962 4201 18.
979 4160 1005 4201 18
1019 4153 1097 4201 Πιστός
1108 4184 1115 4195 .
1126 4182 1132 4194 .
1144 4185 1150 4196 .
1162 4151 1266 4206 ἐποβσλλ.
1278 4162 1304 4194 ιν

111 4237 160 4279 OV.
175 4237 242 4287 οερίίί
257 4237 284 4278 88
297 4238 429 4288 inscriptum
444 4233 497 4292 Περὶ
512 4232 656 4290 μνημοσύνων
671 4235 731 4286 apud
741 4232 790 4277 0V.
801 4255 829 4265 -
839 4235 864 4275 11
879 4233 948 4275 Dent.
963 4233 1033 4274 xxxiv
1047 4232 1068 4274 8.
1079 4249 1107 4260 -
1120 4225 1229 4270 ἐνισύσειιε
1237 4227 1268 4268 18.
1277 4245 1304 4256 -

112 4309 137 4349 18
147 4305 228 4349 αὐτῶν.
243 4307 279 4349 καί
288 4305 328 4349 διό.
340 4308 388 4350 OV.
399 4329 426 4338 -
442 4310 469 4350 80
478 4304 573 4363 δινήσεις
582 4311 613 4351 11.
625 4307 657 4351 όν.
668 4305 740 4350 αὐτόν.
751 4305 800 4350 01.
813 4327 840 4338 -
854 4307 881 4347 88
891 4305 973 4346 Palm.
984 4316 999 4345 x
1009 4303 1053 4356 (κ’)
1063 4303 1084 4344 11
1094 4302 1133 4343 vix
1143 4299 1304 4352 computandus

110 4380 410 4432 Εεεγ.111111.1“οτίιιίίίεει.
426 4384 454 4424 de
468 4381 544 4423 ίάοίοΙ.
559 4383 586 4424 80
597 4386 655 4424 εῖσνι
668 4385 776 4434 τετιμένοι
789 4387 830 4422 ut:
845 4391 895 4420 ιειε
909 4380 970 4418 όοιιεο
984 4375 1080 4427 “saeta
1091 4379 1146 4420 είιιε,
1158 4384 1201 4425 quo
1216 4374 1265 4412 1οσο
1280 4381 1303 4411 τ.

110 4453 242 4494 Panaenum.
252 4449 306 4499 Θεύε
314 4464 357 4506 pro
366 4451 441 4509 κύριος
450 4453 499 4497 OV.
511 4475 532 4484 -
546 4455 574 4496 88
583 4455 650 4506 cupiti
659 4455 687 4496 81
696 4453 829 4505 imos-mum
838 4447 891 4506 Περί
900 4448 939 4492 πού
949 4447 980 4503 μὴ
991 4444 1141 4503 μεθύσκεσθαι
1149 4445 1198 4488 OV.
1210 4441 1304 4498 ’μνείας

111 4525 160 4566 OV.
167 4545 194 4555 -
204 4525 229 4566 81
240 4526 308 4565 Ρτοσ.
317 4522 344 4567 κδ
351 4527 386 4576 18,
397 4527 424 4568 18
439 4510 480 4580 (115
497 4527 518 4576 4,
533 4525 563 4578 ό).
576 4549 601 4558 -
611 4528 638 4568 88
648 4521 747 4567 δύνανται
756 4525 786 4566 M.
798 4522 825 4566 οὐ
839 4523 870 4579 μὴ
880 4521 900 4565 ό.
911 4521 960 4565 011.
970 4543 998 4553 -
1007 4517 1046 4562 οὐκ
1056 4515 1094 4562 οὐν
1103 4519 1139 4561 καί
1149 4516 1171 4560 οί
1178 4513 1305 4560 'Euctemon

111 4597 147 4641 κσί
162 4594 184 4637 οί
198 4592 239 4654 ssp·
255 4595 304 4639 OV.
