3052 4974
100 411 119 480 fl
138 415 173 465 ‘²⁵
1190 426 1226 488 51

101 585 247 646 Λευῖται
265 580 303 646 οἱ
313 583 588 664 λειτουργοῦντες
602 585 643 667 τῆ
661 585 772 667 σκηνῆ
792 585 853 648 τοῦ
874 586 1074 668 μαρτυρίου,
1095 583 1168 669 ῆτις
1185 577 1230 670 ῆν

100 680 211 758 τύπος
235 685 295 765 τῆς
324 681 503 766 ἐκκλησίας
529 682 614 748 κατά
642 683 769 750 πάντα·
798 685 935 768 προσέτι
959 684 997 750 δὲ
1026 683 1084 750 καλ
1107 685 1144 752 ε’κ
1169 692 1231 752 τοῦ

102 784 120 821 *
142 781 309 868 ὀνόματος
335 783 522 868 μαρτύριον
549 787 608 868 τῆς
638 781 857 870 έκκλησίαςῆ
886 785 993 870 σκηνῆ
1017 791 1228 871 προωρῖζετο.

103 886 257 950 ἐνταῦθα
277 889 364 968 γοῦν
380 889 397 926 ’
416 886 452 950 οἱ
462 891 601 952 Λευῖται
617 891 658 972 τῇ
673 891 785 972 σκηνῇ
800 886 1085 972 προσεδρεύοντες
1102 891 1140 954 ἐκ
1161 893 1230 956 τῦν

103 990 152 1062 είς
177 985 242 1071 τῆν
268 985 472 1072 προσφοράν
498 993 560 1054 τοῦ
587 991 674 1054 θεοῦ
701 990 889 1072 διδομένων
917 985 984 1056 ύπδ
1014 990 1138 1066 παντὸς
1168 993 1262 1057 τοῦο

102 1093 192 1154 λαοῦ
219 1087 342 1174 δοὶρων
370 1089 428 1158 καί
455 1088 696 1174 ἀφαιρεμάτων
722 1089 779 1155 καὶ
806 1089 968 1176 ἀπαρχων
995 1091 1051 1157 καὶ
1077 1093 1230 1159 δεκατοῖν

102 1190 162 1256 καί
176 1193 313 1256 θνσιοῖν
327 1189 385 1256 καλ
402 1195 610 1276 προσφοράν
626 1203 779 1276 μετεῖχον
790 1191 982 1276 ἀκωλύτως,
997 1194 1014 1232 *
1027 1189 1123 1258 αὐτοὶ
1138 1195 1155 1233 *
1171 1193 1228 1260 καὶ

102 1294 144 1357 αἱ
166 1305 329 1377 γυναῖκες
356 1291 470 1360 αῦτοῖν
497 1292 554 1358 καὶ
583 1294 620 1358 οἱ
641 1293 712 1360 υἱοί
740 1293 797 1360 καὶ
823 1296 862 1359 αἱ
884 1293 1071 1379 θυγατέρες
1098 1293 1226 1362 αάτῦν·

103 1393 223 1478 ἐπειδὴ
242 1395 280 1460 δὲ
299 1394 338 1459 τὸ
359 1398 461 1478 ἔργον
482 1392 595 1460 αύτοὶν
614 1385 657 1479 ἦν
674 1399 691 1436 *
708 1400 899 1479 λειτουργία
923 1400 982 1479 τῆς
1001 1400 1142 1480 σκηνῆς,
1171 1395 1228 1462 διά

102 1501 206 1560 τοῦτο
234 1499 461 1582 κληροδοσίαν
488 1501 551 1580 γῆς
572 1493 636 1562 οῦκ
663 1499 788 1581 ἔλαβον
816 1497 856 1563 έν
883 1509 953 1574 τοῖς
979 1499 1066 1574 υἱοῖς
1084 1496 1226 1584 Ἰσραήλ,
1247 1513 1279 1564 10

101 1596 156 1663 ῦτι
178 1599 219 1664 αἱ
240 1597 396 1684 είσφοραὶ
418 1603 479 1664 τοῦ
500 1602 585 1664 λαοῦ
606 1601 810 1683 κληροδοσιά
832 1602 894 1665 τοῦ
916 1599 1001 1666 Λευὶ
1022 1599 1119 1665 καὶ*
1145 1605 1225 1685 κλη-

102 1703 249 1784 ρονομία
269 1703 329 1784 τῆς
347 1703 457 1785 φυλῆς
478 1697 594 1766 αὐτοῦ.
619 1708 637 1745 ¹¹
661 1697 757 1785 ὑμεῖς
777 1691 840 1766 οῦν
858 1700 1016 1786 σήμερον,
1039 1689 1067 1766 ἀ
1090 1701 1228 1766 έπίσκο-

101 1823 181 1882 ποι,
212 1801 286 1868 ἐστὲ
308 1805 356 1889 τῷ
378 1805 449 1889 λαῷ
469 1798 566 1886 ῦμων
593 1802 691 1888 ἱερεῖς
712 1808 869 1883 Λευῖται,
900 1803 934 1868 οἱ
954 1805 1228 1887 λειτουργοῦντες

100 1907 145 1989 τῇ
164 1903 240 1988 ἱερᾷ
259 1907 380 1989 σκηνῆ,
401 1907 443 1989 τῆ
461 1901 540 1990 ἀγίᾳ
557 1911 575 1947 *
596 1908 765 1990 καθολικῆ
785 1905 956 1990 ἐκκλησίᾳ,
977 1903 1034 1970 καὶ
1053 1909 1227 1988 παρεστῶ-

101 2027 158 2081 τες
176 2007 224 2092 τηὶ
243 2009 476 2092 θυσιαστηρίῳ
494 2010 617 2090 κυρίου
639 2010 700 2072 τοῦ
720 2009 808 2071 θεοῦ
827 2002 924 2090 ἡμῶν
948 2004 1006 2072 καὶ
1034 2007 1227 2092 προσάγον-
1246 2023 1277 2074 15

101 2129 158 2182 τες
181 2101 274 2194 αύτῷ
294 2105 354 2184 τάς
374 2105 512 2190 λογικάς
531 2105 589 2174 καλ
610 2104 838 2192 ἀναιμάκτους
852 2112 978 2185 θυσίας
1003 2106 1060 2174 διά
1079 2107 1188 2192 Ἰησοῦ
1208 2116 1226 2153 ⁸

101 2211 166 2272 τοῦ
191 2207 343 2292 μεγάλου
369 2207 557 2294 ἀρχιερέως.
608 2205 702 2294 ὑμεῖς
726 2221 796 2286 τοῖς
824 2209 863 2275 έν
890 2206 973 2294 ύμῖν
999 2214 1128 2286 λαῖιιοῖς
1152 2209 1227 2276 ἐστε

101 2313 293 2394 προφῆται,
324 2309 483 2396 ἄρχοντες
507 2311 563 2378 καί
591 2307 774 2396 ἡγούμενοι
799 2311 857 2376 ’καὶ
877 2315 1043 2396 βασιλεῖς,
1072 2311 1108 2375 οἱ
1130 2323 1226 2394 μεσῖ-

101 2435 158 2478 ται
179 2416 267 2478 θεοῦ
290 2411 348 2478 καί
369 2415 438 2480 τοῖν
462 2417 592 2480 πιστοῦν
613 2412 735 2498 αὐτοῦ,
768 2414 804 2478 οἱ
824 2415 935 2498 δοχεῖς
958 2410 1147 2495 τοῦλόγου
1168 2411 1225 2479 καὶ

101 2511 325 2600 ἀγγελτῆρες,
346 2517 383 2581 οἱ
397 2519 545 2599 γνῦσται
562 2519 632 2581 τάν
651 2519 795 2600 γραφιὶν
815 2515 872 2581 καί
888 2515 1036 2600 φθόγγοι
1057 2517 1118 2580 τοῦ
1138 2517 1226 2580 θεοῦ
1243 2529 1277 2580 20

103 2615 162 2681 καὶ
186 2617 356 2700 μάρτυρες
374 2621 436 2684 τοῦ
454 2617 647 2702 θελήματος
668 2615 792 2702 αύτοῦ,
820 2617 857 2682 οἱ
875 2617 1015 2682 πάντων
1035 2615 1094 2694 τάς
1117 2613 1226 2702 ἀμαρ-

103 2722 178 2794 τιἀς
197 2717 417 2802 βαστάζοντες
439 2718 496 2785 καί
517 2718 596 2802 περὶ
616 2719 755 2786 πάντων
775 2717 1060 2802 ἀπολογούμενοι·
1087 2709 1153 2801 οἱς,
1181 2715 1226 2796 οἱς

100 2817 287 2904 ἠκούσατε,
321 2819 492 2904 ἐμβριθοῦς
511 2817 530 2886 ἀ
555 2821 653 2906 λύγος
673 2820 820 2904 ἀπειλεῖ,
855 2819 916 2886 ίάν
938 2820 1089 2905 κρύφητε
1111 2821 1146 2900 ἐξ
1163 2819 1225 2886 ἀν-

100 2920 258 3006 θροὶπων
285 2919 347 3007 τῆν
373 2925 432 3006 τῆς
450 2921 608 3005 γνιὶσεως
627 2925 760 2990 κλεῖδα·
790 2913 840 3000 οἱς
867 2925 1027 2997 κίνδυνος
1058 2919 1223 3007 ὀλέθριος,

102 3023 168 3090 ε’ἀν
181 3019 227 3107 μῆ
242 3025 451 3108 διαγγείλητε
466 3023 505 3092 τὰ
525 3027 657 3110 θέλημα
678 3021 784 3092 αὐτοῦ
804 3029 853 3113 τςῦ
873 3021 934 3108 ἀφ’
953 3020 1041 3107 ὑμᾶς
1063 3026 1134 3109 λαῷ
1144 3046 1151 3059 ·
1175 3014 1225 3097 οἱς
1242 3037 1276 3086 2ο

175 3199 204 3248 ιι
225 3199 294 3250 uum
314 3197 407 3262 18,το

104 3369 116 3418 l
137 3365 361 3432 λειτουργοῦντες
378 3383 393 3418 ι
413 3363 418 3434 Ι
441 3367 452 3418 l
477 3365 527 3434 τῆς
550 3365 656 3434 σκηνῆς
674 3383 692 3431 γ
713 3366 717 3430 Ι
739 3367 751 3416 l
774 3357 844 3432 ῆτης
862 3381 886 3412 w
907 3361 911 3430 Ι
931 3364 948 3414 2
965 3358 1080 3428 προσέτι
1105 3357 1138 3415 δΙ
1160 3369 1223 3420 th.

103 3451 196 3519 δῆλον
207 3445 264 3518 γάρ
275 3469 309 3517 γτ
325 3450 330 3520 Ι
344 3451 361 3503 3
383 3452 539 3504 ταλεῖοθαι
557 3443 650 3516 αῦτῆν
667 3450 828 3518 μαρτυρίου
841 3443 951 3516 ττηνῆν
965 3437 1008 3499 ἀτι
1022 3441 1052 3511 ἐξ
1071 3439 1160 3500 αῦτοῦ
1172 3448 1223 3500 τοῦ

102 3537 137 3598 -Ιν
154 3555 188 3602 γι
209 3537 213 3596 Ι
234 3537 250 3588 3
267 3533 427 3603 μαρτύριον
443 3541 513 3600 th,
531 3531 563 3588 τὸ
580 3529 738 3603 μυστήριον
754 3551 788 3601 γε
810 3533 815 3602 Ι
835 3535 851 3586 3
871 3533 974 3601 σκηνῆι
993 3550 1015 3584 w
1037 3536 1041 3599 Ι
1062 3535 1078 3584 θ
1096 3525 1114 3602 ῆ
1133 3528 1224 3602 σκηνῆ

103 3625 136 3685 >
153 3620 463 3688 mamm-01:220
481 3637 515 3686 γτ
531 3621 535 3684 Ι
551 3623 567 3670 4
585 3619 657 3686 γοῦν
674 3627 735 3680 th,
755 3619 855 3672 τοίνυν
871 3636 905 3684 γτ
920 3619 924 3684 Ι
939 3620 956 3668 4
973 3617 1024 3671 καὶ
1035 3617 1069 3685 Ι-
1080 3625 1128 3684 yut
1142 3619 1177 3684 Ιῖ
1196 3613 1226 3670 οἱ

103 3709 136 3769 >
154 3713 167 3757 ι
186 3706 192 3774 Ι
210 3709 227 3758 4
245 3709 364 3758 Λευῖται
382 3713 444 3773 post
461 3697 703 3770 προσεδρεύοντες
721 3723 754 3770 γτ
775 3705 779 3768 Ι
799 3701 816 3756 5
833 3697 888 3772 τῆν
904 3697 1075 3770 προσφοράν
1092 3709 1161 3769 th,
1183 3721 1224 3756 τι-

102 3785 163 3858 μῆν
173 3809 207 3856 γι
224 3791 259 3858 Ι7
277 3781 422 3850 ἀτολάτος
439 3809 491 3854 wx,
509 3781 659 3849 ἀκωλύτως
675 3791 709 3853 >
727 3791 765 3840 Υτ
785 3795 789 3848 Ι
810 3790 825 3840 7
843 3781 879 3841 ου’
896 3782 1032 3856 μόνονῆ-
1043 3805 1077 3854 γτ
1098 3787 1102 3853 Ι
1122 3775 1223 3840 Ἰάλλά

102 3877 136 3944 ιΙ-
153 3893 187 3942 γτ
212 3879 217 3939 Ι
235 3875 254 3926 8
271 3871 305 3927 αἱ
321 3870 352 3928 οἱ
368 3869 402 3928 αἱ
418 3878 452 3940 >
468 3881 516 3940 γιῖ
535 3875 539 3938 Ι
558 3875 576 3926 8
593 3865 691 3926 αῦτῦν
707 3876 783 3940 prius
799 3875 833 3937 >
850 3891 883 3938 γτ
903 3874 909 3941 Ι
928 3874 944 3924 8
962 3869 1139 3940 θυγατέραις
1156 3891 1198 3924 wx
1218 3873 1221 3936 Ι

102 3961 119 4010 11
136 3955 170 4013 ἀλ
189 3967 259 4026 παῖ,
277 3954 334 4026 γάρ
351 3977 384 4025 γι
405 3962 409 4024 Ι
429 3959 446 4010 9
463 3951 481 4025 η’
499 3959 533 4025 -Ι-
551 3977 574 4010 w
595 3963 599 4024 Ι
619 3959 648 4010 11
667 3950 685 4025 ῆ
703 3957 738 4025 «Ι-
756 3975 770 4008 τ
791 3960 796 4023 Ι
819 3959 858 4009 11.
873 3959 904 4008 12
921 3957 1112 4025 κληρονομίαι
1125 3975 1150 4006 w
1171 3957 1224 4021 112

102 4037 193 4098 αάτοῦ
211 4063 264 4109 wx,
283 4039 379 4097 αάτάν
395 4045 461 4109 yut!
479 4045 510 4096 12
528 4040 577 4096 καλ
594 4043 628 4109 -Ι-
645 4060 679 4108 γτ
695 4043 700 4109 Ι
716 4044 748 4095 13
767 4035 828 4095 ἐστὶ
847 4049 912 4094 ante
931 4038 1019 4108 ἱερεῖς
1036 4059 1054 4107 γ
1069 4043 1074 4106 Ι
1097 4043 1126 4092 13
1144 4035 1174 4091 οἱ
1189 4041 1224 4102 >

102 4147 134 4194 γε
154 4133 159 4196 Ι
182 4132 215 4182 14
232 4127 284 4182 καλ
300 4128 335 4196 «Ι-
352 4147 375 4180 w
396 4127 401 4196 Ι
423 4129 453 4180 15
470 4128 574 4193 κυρίου
590 4129 624 4192 >
643 4127 679 4191 xl
698 4129 728 4180 15
745 4120 825 4195 ύμάν
842 4145 858 4178 x
874 4127 880 4196 Ι
896 4127 927 4178 16
944 4117 1123 4194 ἀνεμάκτονς
1141 4141 1155 4173 τ
1170 4123 1176 4188 Ι
1192 4121 1224 4171 16

102 4215 218 4282 χριστοῦ
236 4214 271 4282 -Ι-
288 4229 323 4278 γτ
339 4213 343 4278 Ι
361 4213 391 4265 18
407 4211 458 4266 ιιαλ
474 4214 642 4281 ρτῖαε>γτ
658 4210 663 4279 Ι
681 4213 711 4264 18
728 4207 848 4277 οἱ>γτ
864 4215 868 4276 Ι
886 4213 916 4262 19
934 4207 1007 4275 οἱ>
1024 4205 1127 4274 γτΙῖθ
1144 4199 1173 4256 οἱ
1189 4206 1223 4269 >

100 4315 133 4365 γε
148 4301 204 4352 1⁴20
222 4291 353 4364 φθόγγοι
371 4305 434 4363 th,
453 4292 576 4366 τῆρνιιες
594 4315 627 4364 γτ
648 4300 652 4362 Ι
673 4299 704 4350 *21
725 4294 755 4350 οἱ
770 4299 805 4362 >
822 4314 856 4361 yx
876 4297 881 4362 Ι
900 4299 933 4348 22
952 4293 1017 4358 περλ
1041 4297 1126 4356 wxyt,
1150 4281 1223 4353 ὑπὲρ

101 4401 115 4436 τ
134 4385 139 4448 Ι
158 4385 193 4438 23
212 4378 361 4448 νρύφηται
379 4401 403 4434 w
419 4382 422 4450 Ι
438 4385 472 4434 24
489 4373 611 4447 ὄλεθρος
626 4400 659 4448 γε

976 4459 1020 4522 4*
