<?xml version="1.0" encoding="UTF-8"?>
<!DOCTYPE html PUBLIC "-//W3C//DTD XHTML 1.0 Transitional//EN"
    "http://www.w3.org/TR/xhtml1/DTD/xhtml1-transitional.dtd">
<html xmlns="http://www.w3.org/1999/xhtml" xml:lang="en" lang="en">
 <head>
  <title>
</title>
<meta http-equiv="Content-Type" content="text/html;charset=utf-8" />
  <meta name='ocr-system' content='tesseract 3.04.00' />
  <meta name='ocr-capabilities' content='ocr_page ocr_carea ocr_par ocr_line ocrx_word'/>
</head>
<body>
  <div class='ocr_page' id='page_1' title='image "./decontroversiis00schgoog_0541.png"; bbox 0 0 3160 4976; ppageno 0'>
   <div class='ocr_carea' id='block_1_1' title="bbox 1431 409 1501 511">
    <p class='ocr_par' dir='ltr' id='par_1_1' title="bbox 1431 409 1501 511">
     <span class='ocr_line' id='line_1_1' title="bbox 1431 409 1501 511; baseline -0.014 0"><span class='ocrx_word' id='word_1_1' title='bbox 1431 409 1501 511; x_wconf 70' lang='grc' dir='ltr'>οι</span> 
     </span>
    </p>
   </div>
   <div class='ocr_carea' id='block_1_2' title="bbox 239 611 1538 2565">
    <p class='ocr_par' dir='ltr' id='par_1_2' title="bbox 285 611 1521 952">
     <span class='ocr_line' id='line_1_2' title="bbox 285 611 1482 685; baseline 0 -21"><span class='ocrx_word' id='word_1_2' title='bbox 285 611 383 685; x_wconf 71' lang='grc' dir='ltr'>ημίραν</span> <span class='ocrx_word' id='word_1_3' title='bbox 396 617 443 674; x_wconf 71' lang='grc' dir='ltr'>τῆς</span> <span class='ocrx_word' id='word_1_4' title='bbox 453 611 627 673; x_wconf 75' lang='grc' dir='ltr'>ἀναστάσεως</span> <span class='ocrx_word' id='word_1_5' title='bbox 638 611 730 674; x_wconf 81' lang='grc' dir='ltr'>αύτού,</span> <span class='ocrx_word' id='word_1_6' title='bbox 745 613 785 666; x_wconf 87' lang='grc' dir='ltr'>ότι</span> <span class='ocrx_word' id='word_1_7' title='bbox 795 615 840 667; x_wconf 88' lang='grc' dir='ltr'>καῖ</span> <span class='ocrx_word' id='word_1_8' title='bbox 849 611 929 674; x_wconf 89' lang='grc' dir='ltr'>αύτός</span> <span class='ocrx_word' id='word_1_9' title='bbox 943 612 956 664; x_wconf 90' lang='grc' dir='ltr'>ό</span> <span class='ocrx_word' id='word_1_10' title='bbox 968 612 1057 684; x_wconf 88' lang='grc' dir='ltr'>κύριος</span> <span class='ocrx_word' id='word_1_11' title='bbox 1069 613 1143 682; x_wconf 72' lang='grc' dir='ltr'>ἡμῶν</span> <span class='ocrx_word' id='word_1_12' title='bbox 1156 612 1246 684; x_wconf 88' lang='grc' dir='ltr'>κύριος</span> <span class='ocrx_word' id='word_1_13' title='bbox 1258 619 1304 675; x_wconf 81' lang='grc' dir='ltr'>τῆς</span> <span class='ocrx_word' id='word_1_14' title='bbox 1315 612 1406 685; x_wconf 79' lang='grc' dir='ltr'>ίορτῆς</span> <span class='ocrx_word' id='word_1_15' title='bbox 1420 611 1482 683; x_wconf 83' lang='grc' dir='ltr'>[ὧν]</span> 
     </span>
     <span class='ocr_line' id='line_1_3' title="bbox 285 701 1484 774; baseline 0 -20"><span class='ocrx_word' id='word_1_16' title='bbox 285 704 482 773; x_wconf 72' lang='grc' dir='ltr'>τεσσαράκοντα</span> <span class='ocrx_word' id='word_1_17' title='bbox 504 702 601 774; x_wconf 70' lang='grc' dir='ltr'>ἀμόρας</span> <span class='ocrx_word' id='word_1_18' title='bbox 626 702 766 765; x_wconf 77' lang='grc' dir='ltr'>ι’νὴστευσε</span> <span class='ocrx_word' id='word_1_19' title='bbox 795 701 839 756; x_wconf 84' lang='grc' dir='ltr'>καί</span> <span class='ocrx_word' id='word_1_20' title='bbox 858 705 958 766; x_wconf 72' lang='grc' dir='ltr'>Μωσῆς</span> <span class='ocrx_word' id='word_1_21' title='bbox 976 703 1020 754; x_wconf 89' lang='grc' dir='ltr'>καῖ</span> <span class='ocrx_word' id='word_1_22' title='bbox 1038 702 1131 762; x_wconf 89' lang='grc' dir='ltr'>Ἠλίας</span> <span class='ocrx_word' id='word_1_23' title='bbox 1149 701 1175 754; x_wconf 84' lang='grc' dir='ltr'>οέ</span> <span class='ocrx_word' id='word_1_24' title='bbox 1193 703 1222 754; x_wconf 84' lang='grc' dir='ltr'>τό</span> <span class='ocrx_word' id='word_1_25' title='bbox 1242 705 1386 773; x_wconf 80' lang='grc' dir='ltr'>μυστήριον</span> <span class='ocrx_word' id='word_1_26' title='bbox 1407 705 1484 754; x_wconf 87' lang='grc' dir='ltr'>τούτο</span> 
     </span>
     <span class='ocr_line' id='line_1_4' title="bbox 287 789 1374 866; baseline 0.001 -22"><span class='ocrx_word' id='word_1_27' title='bbox 287 789 472 862; x_wconf 65' lang='grc' dir='ltr'>ἔνδιδυμίνοι*</span> <span class='ocrx_word' id='word_1_28' title='bbox 486 796 682 864; x_wconf 86' lang='grc' dir='ltr'>τισσαρόικοντα</span> <span class='ocrx_word' id='word_1_29' title='bbox 693 793 793 866; x_wconf 78' lang='grc' dir='ltr'>ἦμόρας</span> <span class='ocrx_word' id='word_1_30' title='bbox 808 793 968 855; x_wconf 81' lang='grc' dir='ltr'>ίνίγστευοαν</span> <span class='ocrx_word' id='word_1_31' title='bbox 982 795 1025 844; x_wconf 83' lang='grc' dir='ltr'>καί</span> <span class='ocrx_word' id='word_1_32' title='bbox 1039 790 1126 844; x_wconf 92' lang='grc' dir='ltr'>ἔπειτα</span> <span class='ocrx_word' id='word_1_33' title='bbox 1139 791 1374 862; x_wconf 80' lang='grc' dir='ltr'>ἔλαμπρύνθησαν.</span> 
     </span>
     <span class='ocr_line' id='line_1_5' title="bbox 287 879 1521 952; baseline -0.002 -18"><span class='ocrx_word' id='word_1_34' title='bbox 287 881 370 935; x_wconf 95' lang='grc' dir='ltr'>Πάλιν</span> <span class='ocrx_word' id='word_1_35' title='bbox 389 881 488 942; x_wconf 91' lang='grc' dir='ltr'>ἔθηκαν</span> <span class='ocrx_word' id='word_1_36' title='bbox 507 880 533 934; x_wconf 85' lang='grc' dir='ltr'>οέ</span> <span class='ocrx_word' id='word_1_37' title='bbox 550 881 695 935; x_wconf 89' lang='grc' dir='ltr'>ἀπόστολοι</span> <span class='ocrx_word' id='word_1_38' title='bbox 724 882 767 936; x_wconf 82' lang='grc' dir='ltr'>ίπί</span> <span class='ocrx_word' id='word_1_39' title='bbox 790 881 883 941; x_wconf 83' lang='grc' dir='ltr'>τόλους</span> <span class='ocrx_word' id='word_1_40' title='bbox 901 885 1007 936; x_wconf 78' lang='grc' dir='ltr'>πάντων</span> <span class='ocrx_word' id='word_1_41' title='bbox 1025 887 1078 934; x_wconf 84' lang='grc' dir='ltr'>τῶν</span> <span class='ocrx_word' id='word_1_42' title='bbox 1096 880 1213 952; x_wconf 81' lang='grc' dir='ltr'>βιβλίων</span> <span class='ocrx_word' id='word_1_43' title='bbox 1232 879 1483 950; x_wconf 65' lang='grc' dir='ltr'>ἀναγιγνώσκεσθαι</span> <span class='ocrx_word' id='word_1_44' title='bbox 1503 891 1521 952; x_wconf 76' lang='grc' dir='ltr'>η</span> 
     </span>
    </p>

    <p class='ocr_par' dir='ltr' id='par_1_3' title="bbox 239 967 1526 1401">
     <span class='ocr_line' id='line_1_6' title="bbox 239 967 1484 1052; baseline -0.002 -29"><span class='ocrx_word' id='word_1_45' title='bbox 239 977 252 1016; x_wconf 73' lang='grc' dir='ltr'>ὓ</span> <span class='ocrx_word' id='word_1_46' title='bbox 284 972 314 1024; x_wconf 88' lang='grc' dir='ltr'>τό</span> <span class='ocrx_word' id='word_1_47' title='bbox 340 970 490 1040; x_wconf 87' lang='grc' dir='ltr'>εύαγγέλιον</span> <span class='ocrx_word' id='word_1_48' title='bbox 513 967 551 1030; x_wconf 86' lang='grc' dir='ltr'>ύις</span> <span class='ocrx_word' id='word_1_49' title='bbox 576 972 682 1023; x_wconf 85' lang='grc' dir='ltr'>πάντων</span> <span class='ocrx_word' id='word_1_50' title='bbox 703 977 757 1024; x_wconf 78' lang='grc' dir='ltr'>τῶν</span> <span class='ocrx_word' id='word_1_51' title='bbox 779 970 896 1044; x_wconf 81' lang='grc' dir='ltr'>βιβλίων</span> <span class='ocrx_word' id='word_1_52' title='bbox 925 972 1104 1044; x_wconf 87' lang='grc' dir='ltr'>τελεσιουργόν</span> <span class='ocrx_word' id='word_1_53' title='bbox 1130 972 1174 1052; x_wconf 71' lang='grc' dir='ltr'>καί</span> <span class='ocrx_word' id='word_1_54' title='bbox 1200 971 1332 1024; x_wconf 82' lang='grc' dir='ltr'>σταθίντα</span> <span class='ocrx_word' id='word_1_55' title='bbox 1354 972 1398 1022; x_wconf 88' lang='grc' dir='ltr'>τόν</span> <span class='ocrx_word' id='word_1_56' title='bbox 1418 970 1484 1024; x_wconf 87' lang='grc' dir='ltr'>λαόν</span> 
     </span>
     <span class='ocr_line' id='line_1_7' title="bbox 285 1059 1484 1133; baseline -0.003 -20"><span class='ocrx_word' id='word_1_57' title='bbox 285 1060 328 1113; x_wconf 67' lang='lat' dir='ltr'>ini</span> <span class='ocrx_word' id='word_1_58' title='bbox 345 1065 399 1112; x_wconf 82' lang='grc' dir='ltr'>τῶν</span> <span class='ocrx_word' id='word_1_59' title='bbox 417 1059 506 1113; x_wconf 80' lang='grc' dir='ltr'>ποδῶν</span> <span class='ocrx_word' id='word_1_60' title='bbox 529 1060 612 1114; x_wconf 86' lang='grc' dir='ltr'>αύτού</span> <span class='ocrx_word' id='word_1_61' title='bbox 633 1059 739 1113; x_wconf 78' lang='grc' dir='ltr'>ἀκούειν</span> <span class='ocrx_word' id='word_1_62' title='bbox 758 1061 823 1114; x_wconf 87' lang='grc' dir='ltr'>αύτύ</span> <span class='ocrx_word' id='word_1_63' title='bbox 832 1099 839 1122; x_wconf 95' lang='grc'>,</span> <span class='ocrx_word' id='word_1_64' title='bbox 856 1060 895 1113; x_wconf 82' lang='grc' dir='ltr'>ότι</span> <span class='ocrx_word' id='word_1_65' title='bbox 915 1060 1029 1130; x_wconf 85' lang='grc' dir='ltr'>ἀγγελία</span> <span class='ocrx_word' id='word_1_66' title='bbox 1044 1067 1091 1122; x_wconf 85' lang='grc' dir='ltr'>τῆς</span> <span class='ocrx_word' id='word_1_67' title='bbox 1105 1061 1239 1133; x_wconf 79' lang='grc' dir='ltr'>σωτηρίας</span> <span class='ocrx_word' id='word_1_68' title='bbox 1252 1063 1357 1114; x_wconf 80' lang='grc' dir='ltr'>πάντων</span> <span class='ocrx_word' id='word_1_69' title='bbox 1369 1063 1422 1112; x_wconf 80' lang='grc' dir='ltr'>τῶν</span> <span class='ocrx_word' id='word_1_70' title='bbox 1436 1059 1484 1112; x_wconf 84' lang='grc' dir='ltr'>ἀν-</span> 
     </span>
     <span class='ocr_line' id='line_1_8' title="bbox 285 1148 498 1222; baseline -0.014 -21"><span class='ocrx_word' id='word_1_71' title='bbox 285 1151 405 1222; x_wconf 83' lang='grc' dir='ltr'>θρώπων</span> <span class='ocrx_word' id='word_1_72' title='bbox 420 1148 498 1202; x_wconf 78' lang='grc' dir='ltr'>ἔστίν.</span> 
     </span>
     <span class='ocr_line' id='line_1_9' title="bbox 288 1225 1526 1312; baseline 0 -22"><span class='ocrx_word' id='word_1_73' title='bbox 288 1239 374 1292; x_wconf 81' lang='grc' dir='ltr'>Πάλιν</span> <span class='ocrx_word' id='word_1_74' title='bbox 394 1237 495 1300; x_wconf 85' lang='grc' dir='ltr'>ἔθηκαν</span> <span class='ocrx_word' id='word_1_75' title='bbox 515 1239 540 1292; x_wconf 90' lang='grc' dir='ltr'>οέ</span> <span class='ocrx_word' id='word_1_76' title='bbox 553 1239 698 1293; x_wconf 76' lang='grc' dir='ltr'>ἀπόστολοι</span> <span class='ocrx_word' id='word_1_77' title='bbox 711 1237 753 1294; x_wconf 90' lang='grc' dir='ltr'>ἔπῖ</span> <span class='ocrx_word' id='word_1_78' title='bbox 767 1239 859 1300; x_wconf 86' lang='grc' dir='ltr'>τόλους</span> <span class='ocrx_word' id='word_1_79' title='bbox 871 1243 1068 1312; x_wconf 82' lang='grc' dir='ltr'>τεσσαράκοντα</span> <span class='ocrx_word' id='word_1_80' title='bbox 1079 1239 1184 1311; x_wconf 74' lang='grc' dir='ltr'>ἡμερῶν</span> <span class='ocrx_word' id='word_1_81' title='bbox 1197 1239 1262 1307; x_wconf 90' lang='grc' dir='ltr'>μετά</span> <span class='ocrx_word' id='word_1_82' title='bbox 1275 1241 1322 1299; x_wconf 80' lang='grc' dir='ltr'>τὴν</span> <span class='ocrx_word' id='word_1_83' title='bbox 1335 1237 1485 1291; x_wconf 80' lang='grc' dir='ltr'>ἀνάστασιν</span> <span class='ocrx_word' id='word_1_84' title='bbox 1504 1225 1526 1283; x_wconf 69' lang='grc' dir='ltr'>δ</span> 
     </span>
     <span class='ocr_line' id='line_1_10' title="bbox 287 1325 1484 1401; baseline 0.001 -21"><span class='ocrx_word' id='word_1_85' title='bbox 287 1326 370 1380; x_wconf 89' lang='grc' dir='ltr'>αύτού</span> <span class='ocrx_word' id='word_1_86' title='bbox 380 1333 463 1382; x_wconf 78' lang='grc' dir='ltr'>ποιεῖν</span> <span class='ocrx_word' id='word_1_87' title='bbox 475 1331 578 1398; x_wconf 76' lang='grc' dir='ltr'>μνήμην</span> <span class='ocrx_word' id='word_1_88' title='bbox 587 1335 635 1390; x_wconf 78' lang='grc' dir='ltr'>τῆς</span> <span class='ocrx_word' id='word_1_89' title='bbox 641 1329 800 1400; x_wconf 74' lang='grc' dir='ltr'>ἀναλήψεως</span> <span class='ocrx_word' id='word_1_90' title='bbox 809 1327 892 1382; x_wconf 85' lang='grc' dir='ltr'>αύτού</span> <span class='ocrx_word' id='word_1_91' title='bbox 903 1331 967 1401; x_wconf 85' lang='grc' dir='ltr'>πρός</span> <span class='ocrx_word' id='word_1_92' title='bbox 976 1332 1020 1384; x_wconf 83' lang='grc' dir='ltr'>τόν</span> <span class='ocrx_word' id='word_1_93' title='bbox 1031 1328 1131 1401; x_wconf 84' lang='grc' dir='ltr'>πατίρα</span> <span class='ocrx_word' id='word_1_94' title='bbox 1140 1327 1223 1380; x_wconf 83' lang='grc' dir='ltr'>αὐτοῦ</span> <span class='ocrx_word' id='word_1_95' title='bbox 1233 1329 1277 1379; x_wconf 89' lang='grc' dir='ltr'>τόν</span> <span class='ocrx_word' id='word_1_96' title='bbox 1285 1325 1484 1395; x_wconf 77' lang='grc' dir='ltr'>δεδοξασμένον.</span> 
     </span>
    </p>

    <p class='ocr_par' dir='ltr' id='par_1_4' title="bbox 241 1406 1538 1852">
     <span class='ocr_line' id='line_1_11' title="bbox 241 1406 1513 1491; baseline -0.005 -21"><span class='ocrx_word' id='word_1_97' title='bbox 241 1425 267 1463; x_wconf 85' lang='lat'>1⁰</span> <span class='ocrx_word' id='word_1_98' title='bbox 287 1419 373 1471; x_wconf 87' lang='grc' dir='ltr'>Πάλιν</span> <span class='ocrx_word' id='word_1_99' title='bbox 391 1415 493 1480; x_wconf 85' lang='grc' dir='ltr'>ἔθηκαν</span> <span class='ocrx_word' id='word_1_100' title='bbox 513 1417 538 1470; x_wconf 89' lang='grc' dir='ltr'>οί</span> <span class='ocrx_word' id='word_1_101' title='bbox 557 1417 702 1472; x_wconf 78' lang='grc' dir='ltr'>ἀπόστολοι</span> <span class='ocrx_word' id='word_1_102' title='bbox 721 1419 743 1472; x_wconf 86' lang='grc' dir='ltr'>εί</span> <span class='ocrx_word' id='word_1_103' title='bbox 765 1423 802 1489; x_wconf 77' lang='grc' dir='ltr'>μη</span> <span class='ocrx_word' id='word_1_104' title='bbox 824 1406 901 1491; x_wconf 63' lang='grc' dir='ltr'>[αδ]</span> <span class='ocrx_word' id='word_1_105' title='bbox 923 1423 970 1480; x_wconf 81' lang='grc' dir='ltr'>την</span> <span class='ocrx_word' id='word_1_106' title='bbox 987 1419 1104 1472; x_wconf 89' lang='grc' dir='ltr'>παλαιάν</span> <span class='ocrx_word' id='word_1_107' title='bbox 1125 1415 1257 1478; x_wconf 74' lang='grc' dir='ltr'>διαθήκην</span> <span class='ocrx_word' id='word_1_108' title='bbox 1274 1419 1318 1469; x_wconf 88' lang='grc' dir='ltr'>καῖ</span> <span class='ocrx_word' id='word_1_109' title='bbox 1337 1419 1399 1478; x_wconf 84' lang='grc' dir='ltr'>τοὺς</span> <span class='ocrx_word' id='word_1_110' title='bbox 1419 1433 1485 1489; x_wconf 85' lang='grc' dir='ltr'>προ·</span> <span class='ocrx_word' id='word_1_111' title='bbox 1504 1429 1513 1464; x_wconf 88' lang='grc' dir='ltr'>ι</span> 
     </span>
     <span class='ocr_line' id='line_1_12' title="bbox 286 1505 1486 1584; baseline 0 -26"><span class='ocrx_word' id='word_1_112' title='bbox 286 1509 370 1577; x_wconf 78' lang='grc' dir='ltr'>ρίγτας</span> <span class='ocrx_word' id='word_1_113' title='bbox 388 1509 433 1559; x_wconf 86' lang='grc' dir='ltr'>καῖ</span> <span class='ocrx_word' id='word_1_114' title='bbox 453 1509 482 1561; x_wconf 83' lang='grc' dir='ltr'>τό</span> <span class='ocrx_word' id='word_1_115' title='bbox 502 1506 656 1578; x_wconf 81' lang='grc' dir='ltr'>εὐαγγέλιον</span> <span class='ocrx_word' id='word_1_116' title='bbox 675 1513 719 1562; x_wconf 88' lang='grc' dir='ltr'>καῖ</span> <span class='ocrx_word' id='word_1_117' title='bbox 737 1511 787 1570; x_wconf 84' lang='grc' dir='ltr'>τὰς</span> <span class='ocrx_word' id='word_1_118' title='bbox 805 1511 915 1584; x_wconf 81' lang='grc' dir='ltr'>πράξεις</span> <span class='ocrx_word' id='word_1_119' title='bbox 935 1514 990 1563; x_wconf 79' lang='grc' dir='ltr'>τῶν</span> <span class='ocrx_word' id='word_1_120' title='bbox 1003 1507 1194 1580; x_wconf 82' lang='grc' dir='ltr'>ἀνδραγαθιόεν</span> <span class='ocrx_word' id='word_1_121' title='bbox 1215 1505 1323 1558; x_wconf 64' lang='grc' dir='ltr'>αὐτῶν*</span> <span class='ocrx_word' id='word_1_122' title='bbox 1343 1509 1380 1574; x_wconf 78' lang='grc' dir='ltr'>μη</span> <span class='ocrx_word' id='word_1_123' title='bbox 1393 1505 1486 1574; x_wconf 86' lang='grc' dir='ltr'>ἀναγι-</span> 
     </span>
     <span class='ocr_line' id='line_1_13' title="bbox 285 1595 940 1671; baseline 0.009 -23"><span class='ocrx_word' id='word_1_124' title='bbox 285 1597 456 1664; x_wconf 83' lang='grc' dir='ltr'>γνόεσκεσθαε</span> <span class='ocrx_word' id='word_1_125' title='bbox 470 1597 513 1650; x_wconf 66' lang='lat' dir='ltr'>ini</span> <span class='ocrx_word' id='word_1_126' title='bbox 526 1601 573 1649; x_wconf 88' lang='grc' dir='ltr'>τοῦ</span> <span class='ocrx_word' id='word_1_127' title='bbox 586 1595 706 1668; x_wconf 75' lang='grc' dir='ltr'>βήματος</span> <span class='ocrx_word' id='word_1_128' title='bbox 719 1599 746 1652; x_wconf 87' lang='grc' dir='ltr'>ἔν</span> <span class='ocrx_word' id='word_1_129' title='bbox 760 1607 792 1671; x_wconf 78' lang='grc' dir='ltr'>τῇ</span> <span class='ocrx_word' id='word_1_130' title='bbox 806 1599 940 1671; x_wconf 73' lang='grc' dir='ltr'>ἐκκλησία.</span> 
     </span>
     <span class='ocr_line' id='line_1_14' title="bbox 287 1685 1538 1758; baseline -0.002 -22"><span class='ocrx_word' id='word_1_131' title='bbox 287 1685 370 1738; x_wconf 79' lang='grc' dir='ltr'>Πάλιν</span> <span class='ocrx_word' id='word_1_132' title='bbox 383 1685 484 1747; x_wconf 88' lang='grc' dir='ltr'>ἔθηκαν</span> <span class='ocrx_word' id='word_1_133' title='bbox 497 1686 522 1739; x_wconf 87' lang='grc' dir='ltr'>οί</span> <span class='ocrx_word' id='word_1_134' title='bbox 534 1687 679 1742; x_wconf 79' lang='grc' dir='ltr'>ἀπόστολοι</span> <span class='ocrx_word' id='word_1_135' title='bbox 691 1691 736 1741; x_wconf 89' lang='grc' dir='ltr'>τόν</span> <span class='ocrx_word' id='word_1_136' title='bbox 750 1693 786 1758; x_wconf 79' lang='grc' dir='ltr'>μὴ</span> <span class='ocrx_word' id='word_1_137' title='bbox 800 1689 890 1743; x_wconf 85' lang='grc' dir='ltr'>είδότα</span> <span class='ocrx_word' id='word_1_138' title='bbox 901 1693 949 1751; x_wconf 78' lang='grc' dir='ltr'>τὴν</span> <span class='ocrx_word' id='word_1_139' title='bbox 962 1690 1049 1742; x_wconf 87' lang='grc' dir='ltr'>πίστιν</span> <span class='ocrx_word' id='word_1_140' title='bbox 1062 1692 1109 1749; x_wconf 83' lang='grc' dir='ltr'>τῆς</span> <span class='ocrx_word' id='word_1_141' title='bbox 1122 1685 1263 1746; x_wconf 86' lang='grc' dir='ltr'>ἔκκλησίας</span> <span class='ocrx_word' id='word_1_142' title='bbox 1278 1687 1322 1737; x_wconf 86' lang='grc' dir='ltr'>καῖ</span> <span class='ocrx_word' id='word_1_143' title='bbox 1335 1686 1384 1746; x_wconf 88' lang='grc' dir='ltr'>τάς</span> <span class='ocrx_word' id='word_1_144' title='bbox 1396 1685 1485 1750; x_wconf 79' lang='grc' dir='ltr'>τάξεις</span> <span class='ocrx_word' id='word_1_145' title='bbox 1504 1697 1538 1734; x_wconf 82' lang='grc' dir='ltr'>ια</span> 
     </span>
     <span class='ocr_line' id='line_1_15' title="bbox 286 1775 1485 1852; baseline -0.002 -25"><span class='ocrx_word' id='word_1_146' title='bbox 286 1778 330 1828; x_wconf 84' lang='grc' dir='ltr'>καῖ</span> <span class='ocrx_word' id='word_1_147' title='bbox 348 1777 410 1835; x_wconf 83' lang='grc' dir='ltr'>τούς</span> <span class='ocrx_word' id='word_1_148' title='bbox 429 1777 527 1844; x_wconf 89' lang='grc' dir='ltr'>νόμους</span> <span class='ocrx_word' id='word_1_149' title='bbox 544 1779 606 1840; x_wconf 79' lang='grc' dir='ltr'>τοὺς</span> <span class='ocrx_word' id='word_1_150' title='bbox 624 1777 749 1840; x_wconf 87' lang='grc' dir='ltr'>τεθέντας</span> <span class='ocrx_word' id='word_1_151' title='bbox 766 1777 793 1831; x_wconf 83' lang='grc' dir='ltr'>ίν</span> <span class='ocrx_word' id='word_1_152' title='bbox 808 1777 875 1852; x_wconf 82' lang='grc' dir='ltr'>αύτῇ</span> <span class='ocrx_word' id='word_1_153' title='bbox 888 1782 924 1847; x_wconf 80' lang='grc' dir='ltr'>μὴ</span> <span class='ocrx_word' id='word_1_154' title='bbox 938 1775 1006 1832; x_wconf 79' lang='grc' dir='ltr'>εἶναι</span> <span class='ocrx_word' id='word_1_155' title='bbox 1017 1777 1134 1846; x_wconf 75' lang='grc' dir='ltr'>ἡγεμόνα</span> <span class='ocrx_word' id='word_1_156' title='bbox 1146 1777 1188 1827; x_wconf 86' lang='grc' dir='ltr'>καῖ</span> <span class='ocrx_word' id='word_1_157' title='bbox 1201 1775 1370 1846; x_wconf 74' lang='grc' dir='ltr'>προστάτην·</span> <span class='ocrx_word' id='word_1_158' title='bbox 1383 1776 1428 1828; x_wconf 81' lang='grc' dir='ltr'>καί</span> <span class='ocrx_word' id='word_1_159' title='bbox 1440 1776 1485 1827; x_wconf 83' lang='grc' dir='ltr'>τόν</span> 
     </span>
    </p>

    <p class='ocr_par' dir='ltr' id='par_1_5' title="bbox 242 1862 1536 2297">
     <span class='ocr_line' id='line_1_16' title="bbox 242 1862 1484 1940; baseline -0.001 -23"><span class='ocrx_word' id='word_1_160' title='bbox 242 1872 267 1911; x_wconf 74' lang='lat'>¹⁵</span> <span class='ocrx_word' id='word_1_161' title='bbox 284 1863 374 1918; x_wconf 83' lang='grc' dir='ltr'>εῖδότα</span> <span class='ocrx_word' id='word_1_162' title='bbox 390 1863 489 1926; x_wconf 83' lang='grc' dir='ltr'>αύτούς</span> <span class='ocrx_word' id='word_1_163' title='bbox 506 1870 550 1920; x_wconf 80' lang='grc' dir='ltr'>καί</span> <span class='ocrx_word' id='word_1_164' title='bbox 570 1865 769 1940; x_wconf 80' lang='grc' dir='ltr'>παραβαίνοντα</span> <span class='ocrx_word' id='word_1_165' title='bbox 788 1869 878 1936; x_wconf 86' lang='grc' dir='ltr'>μηκίτι</span> <span class='ocrx_word' id='word_1_166' title='bbox 894 1867 1066 1940; x_wconf 89' lang='grc' dir='ltr'>λειτουργεῖν,</span> <span class='ocrx_word' id='word_1_167' title='bbox 1087 1865 1127 1919; x_wconf 78' lang='grc' dir='ltr'>ἔτι</span> <span class='ocrx_word' id='word_1_168' title='bbox 1145 1865 1255 1927; x_wconf 74' lang='grc' dir='ltr'>ἀληθὴς</span> <span class='ocrx_word' id='word_1_169' title='bbox 1269 1862 1315 1916; x_wconf 89' lang='grc' dir='ltr'>ούκ</span> <span class='ocrx_word' id='word_1_170' title='bbox 1329 1863 1399 1917; x_wconf 89' lang='grc' dir='ltr'>ἔστιν</span> <span class='ocrx_word' id='word_1_171' title='bbox 1412 1863 1439 1917; x_wconf 79' lang='grc' dir='ltr'>ἔν</span> <span class='ocrx_word' id='word_1_172' title='bbox 1452 1871 1484 1935; x_wconf 74' lang='grc' dir='ltr'>τι)</span> 
     </span>
     <span class='ocr_line' id='line_1_17' title="bbox 285 1954 754 2027; baseline 0 -20"><span class='ocrx_word' id='word_1_173' title='bbox 285 1955 434 2027; x_wconf 74' lang='grc' dir='ltr'>λειτουργίᾳ</span> <span class='ocrx_word' id='word_1_174' title='bbox 449 1954 532 2008; x_wconf 83' lang='grc' dir='ltr'>αύτοῦ</span> <span class='ocrx_word' id='word_1_175' title='bbox 545 1955 617 2008; x_wconf 89' lang='grc' dir='ltr'>ἀλλά</span> <span class='ocrx_word' id='word_1_176' title='bbox 630 1957 754 2026; x_wconf 79' lang='grc' dir='ltr'>ψεύστης.</span> 
     </span>
     <span class='ocr_line' id='line_1_18' title="bbox 286 2029 1536 2118; baseline -0.004 -21"><span class='ocrx_word' id='word_1_177' title='bbox 286 2045 370 2098; x_wconf 85' lang='grc' dir='ltr'>Πάλιν</span> <span class='ocrx_word' id='word_1_178' title='bbox 383 2044 484 2107; x_wconf 88' lang='grc' dir='ltr'>ἔθηκαν</span> <span class='ocrx_word' id='word_1_179' title='bbox 497 2044 523 2097; x_wconf 92' lang='grc' dir='ltr'>οί</span> <span class='ocrx_word' id='word_1_180' title='bbox 538 2045 683 2098; x_wconf 82' lang='grc' dir='ltr'>ἀπόστολοι</span> <span class='ocrx_word' id='word_1_181' title='bbox 696 2048 741 2098; x_wconf 82' lang='grc' dir='ltr'>τόν</span> <span class='ocrx_word' id='word_1_182' title='bbox 756 2045 927 2118; x_wconf 84' lang='grc' dir='ltr'>ἔπιορκούντα</span> <span class='ocrx_word' id='word_1_183' title='bbox 939 2045 957 2108; x_wconf 79' lang='grc' dir='ltr'><em>ἢ</em></span> <span class='ocrx_word' id='word_1_184' title='bbox 971 2044 1238 2118; x_wconf 76' lang='grc' dir='ltr'>ψευδομαρτυροῦντα</span> <span class='ocrx_word' id='word_1_185' title='bbox 1249 2042 1268 2106; x_wconf 78' lang='grc' dir='ltr'><strong><em>ἣ</em></strong></span> <span class='ocrx_word' id='word_1_186' title='bbox 1280 2045 1325 2096; x_wconf 87' lang='grc' dir='ltr'>τόν</span> <span class='ocrx_word' id='word_1_187' title='bbox 1339 2045 1482 2115; x_wconf 83' lang='grc' dir='ltr'>πορευόμι-</span> <span class='ocrx_word' id='word_1_188' title='bbox 1504 2029 1536 2110; x_wconf 79' lang='grc' dir='ltr'>ιβ</span> 
     </span>
     <span class='ocr_line' id='line_1_19' title="bbox 285 2132 1484 2209; baseline 0.001 -25"><span class='ocrx_word' id='word_1_189' title='bbox 285 2151 330 2185; x_wconf 92' lang='grc' dir='ltr'>νον</span> <span class='ocrx_word' id='word_1_190' title='bbox 343 2136 426 2206; x_wconf 82' lang='grc' dir='ltr'>πρός·</span> <span class='ocrx_word' id='word_1_191' title='bbox 439 2133 580 2195; x_wconf 84' lang='grc' dir='ltr'>ἔπαοιδούς</span> <span class='ocrx_word' id='word_1_192' title='bbox 593 2135 638 2186; x_wconf 85' lang='grc' dir='ltr'>καῖ</span> <span class='ocrx_word' id='word_1_193' title='bbox 650 2137 755 2205; x_wconf 76' lang='grc' dir='ltr'>μάντεις</span> <span class='ocrx_word' id='word_1_194' title='bbox 774 2137 818 2187; x_wconf 90' lang='grc' dir='ltr'>καῖ</span> <span class='ocrx_word' id='word_1_195' title='bbox 836 2134 989 2196; x_wconf 79' lang='grc' dir='ltr'>Χαλδαίους</span> <span class='ocrx_word' id='word_1_196' title='bbox 1000 2137 1045 2188; x_wconf 82' lang='grc' dir='ltr'>καὶ</span> <span class='ocrx_word' id='word_1_197' title='bbox 1058 2134 1306 2209; x_wconf 77' lang='grc' dir='ltr'>πληρορορούμινον</span> <span class='ocrx_word' id='word_1_198' title='bbox 1321 2132 1364 2185; x_wconf 84' lang='grc' dir='ltr'>ἔπῖ</span> <span class='ocrx_word' id='word_1_199' title='bbox 1377 2133 1484 2205; x_wconf 71' lang='grc' dir='ltr'>κλήροις</span> 
     </span>
     <span class='ocr_line' id='line_1_20' title="bbox 284 2220 1483 2297; baseline -0.001 -21"><span class='ocrx_word' id='word_1_200' title='bbox 284 2225 328 2276; x_wconf 89' lang='grc' dir='ltr'>καῖ</span> <span class='ocrx_word' id='word_1_201' title='bbox 340 2221 519 2297; x_wconf 84' lang='grc' dir='ltr'>ὡροσκοπίαις</span> <span class='ocrx_word' id='word_1_202' title='bbox 529 2227 572 2276; x_wconf 90' lang='grc' dir='ltr'>καῖ</span> <span class='ocrx_word' id='word_1_203' title='bbox 582 2223 622 2294; x_wconf 71' lang='grc' dir='ltr'>ἔρ·</span> <span class='ocrx_word' id='word_1_204' title='bbox 633 2220 707 2294; x_wconf 77' lang='grc' dir='ltr'>ᾧτινι</span> <span class='ocrx_word' id='word_1_205' title='bbox 717 2223 823 2294; x_wconf 86' lang='grc' dir='ltr'>ἔχουσιν</span> <span class='ocrx_word' id='word_1_206' title='bbox 835 2224 860 2277; x_wconf 89' lang='grc' dir='ltr'>οί</span> <span class='ocrx_word' id='word_1_207' title='bbox 869 2228 905 2294; x_wconf 79' lang='grc' dir='ltr'>μὴ</span> <span class='ocrx_word' id='word_1_208' title='bbox 915 2224 1013 2287; x_wconf 79' lang='grc' dir='ltr'>εἰδότες</span> <span class='ocrx_word' id='word_1_209' title='bbox 1022 2227 1066 2278; x_wconf 87' lang='grc' dir='ltr'>τόν</span> <span class='ocrx_word' id='word_1_210' title='bbox 1077 2226 1151 2284; x_wconf 90' lang='grc' dir='ltr'>θεόν,</span> <span class='ocrx_word' id='word_1_211' title='bbox 1163 2225 1207 2276; x_wconf 85' lang='grc' dir='ltr'>καὶ</span> <span class='ocrx_word' id='word_1_212' title='bbox 1217 2221 1296 2276; x_wconf 86' lang='grc' dir='ltr'>αύτόν</span> <span class='ocrx_word' id='word_1_213' title='bbox 1307 2220 1344 2283; x_wconf 81' lang='grc' dir='ltr'>ὡς</span> <span class='ocrx_word' id='word_1_214' title='bbox 1354 2220 1439 2294; x_wconf 82' lang='grc' dir='ltr'>ἀνδρα</span> <span class='ocrx_word' id='word_1_215' title='bbox 1447 2227 1483 2292; x_wconf 78' lang='grc' dir='ltr'>μὴ</span> 
     </span>
    </p>

    <p class='ocr_par' dir='ltr' id='par_1_6' title="bbox 240 2310 1535 2565">
     <span class='ocr_line' id='line_1_21' title="bbox 240 2310 1483 2386; baseline -0.002 -21"><span class='ocrx_word' id='word_1_216' title='bbox 240 2321 266 2358; x_wconf 74' lang='lat'>2⁰</span> <span class='ocrx_word' id='word_1_217' title='bbox 284 2311 374 2365; x_wconf 84' lang='grc' dir='ltr'>είδότα</span> <span class='ocrx_word' id='word_1_218' title='bbox 385 2315 429 2366; x_wconf 85' lang='grc' dir='ltr'>τόν</span> <span class='ocrx_word' id='word_1_219' title='bbox 438 2315 502 2366; x_wconf 84' lang='grc' dir='ltr'>θεόν</span> <span class='ocrx_word' id='word_1_220' title='bbox 513 2313 630 2367; x_wconf 85' lang='grc' dir='ltr'>λύεσθαι</span> <span class='ocrx_word' id='word_1_221' title='bbox 641 2319 689 2376; x_wconf 80' lang='grc' dir='ltr'>τῆς</span> <span class='ocrx_word' id='word_1_222' title='bbox 699 2315 865 2386; x_wconf 67' lang='grc' dir='ltr'>λειτουργίας</span> <span class='ocrx_word' id='word_1_223' title='bbox 878 2317 922 2367; x_wconf 81' lang='grc' dir='ltr'>καὶ</span> <span class='ocrx_word' id='word_1_224' title='bbox 931 2317 968 2383; x_wconf 78' lang='grc' dir='ltr'>μη</span> <span class='ocrx_word' id='word_1_225' title='bbox 980 2315 1140 2385; x_wconf 86' lang='grc' dir='ltr'>λειτουργεῖν</span> <span class='ocrx_word' id='word_1_226' title='bbox 1151 2311 1178 2364; x_wconf 86' lang='grc' dir='ltr'>ἔν</span> <span class='ocrx_word' id='word_1_227' title='bbox 1186 2317 1218 2382; x_wconf 74' lang='grc' dir='ltr'>τῇ</span> <span class='ocrx_word' id='word_1_228' title='bbox 1228 2313 1380 2382; x_wconf 73' lang='grc' dir='ltr'>λειτουργίᾳ</span> <span class='ocrx_word' id='word_1_229' title='bbox 1391 2310 1483 2364; x_wconf 88' lang='grc' dir='ltr'>αύτού.</span> 
     </span>
     <span class='ocr_line' id='line_1_22' title="bbox 287 2399 1535 2475; baseline -0.002 -22"><span class='ocrx_word' id='word_1_230' title='bbox 287 2402 371 2455; x_wconf 88' lang='grc' dir='ltr'>Πάλιν</span> <span class='ocrx_word' id='word_1_231' title='bbox 390 2401 489 2464; x_wconf 91' lang='grc' dir='ltr'>ἔθηκαν</span> <span class='ocrx_word' id='word_1_232' title='bbox 509 2402 534 2454; x_wconf 92' lang='grc' dir='ltr'>οί</span> <span class='ocrx_word' id='word_1_233' title='bbox 554 2403 715 2464; x_wconf 85' lang='grc' dir='ltr'>ἀπόστολοι,</span> <span class='ocrx_word' id='word_1_234' title='bbox 735 2403 758 2456; x_wconf 88' lang='grc' dir='ltr'>εί</span> <span class='ocrx_word' id='word_1_235' title='bbox 777 2404 818 2466; x_wconf 85' lang='grc' dir='ltr'>εἴη</span> <span class='ocrx_word' id='word_1_236' title='bbox 836 2423 877 2464; x_wconf 91' lang='grc' dir='ltr'>τες</span> <span class='ocrx_word' id='word_1_237' title='bbox 891 2401 1025 2467; x_wconf 80' lang='grc' dir='ltr'>διστάζων</span> <span class='ocrx_word' id='word_1_238' title='bbox 1039 2404 1097 2475; x_wconf 84' lang='grc' dir='ltr'>περὶ</span> <span class='ocrx_word' id='word_1_239' title='bbox 1109 2409 1156 2463; x_wconf 82' lang='grc' dir='ltr'>τῆς</span> <span class='ocrx_word' id='word_1_240' title='bbox 1169 2403 1334 2474; x_wconf 87' lang='grc' dir='ltr'>λειτουργίας</span> <span class='ocrx_word' id='word_1_241' title='bbox 1347 2399 1428 2454; x_wconf 83' lang='grc' dir='ltr'>αύτού</span> <span class='ocrx_word' id='word_1_242' title='bbox 1441 2403 1485 2452; x_wconf 88' lang='grc' dir='ltr'>καῖ</span> <span class='ocrx_word' id='word_1_243' title='bbox 1505 2413 1535 2468; x_wconf 72' lang='grc' dir='ltr'>ιγ’</span> 
     </span>
     <span class='ocr_line' id='line_1_23' title="bbox 285 2489 1485 2565; baseline -0.001 -21"><span class='ocrx_word' id='word_1_244' title='bbox 285 2493 322 2558; x_wconf 74' lang='grc' dir='ltr'>μὴ</span> <span class='ocrx_word' id='word_1_245' title='bbox 340 2491 449 2552; x_wconf 81' lang='grc' dir='ltr'>ἀληθὴς</span> <span class='ocrx_word' id='word_1_246' title='bbox 468 2494 532 2563; x_wconf 88' lang='grc' dir='ltr'>πρός</span> <span class='ocrx_word' id='word_1_247' title='bbox 550 2491 644 2556; x_wconf 89' lang='grc' dir='ltr'>αύτύν,</span> <span class='ocrx_word' id='word_1_248' title='bbox 669 2493 760 2562; x_wconf 87' lang='grc' dir='ltr'>μηκέτι</span> <span class='ocrx_word' id='word_1_249' title='bbox 783 2489 942 2565; x_wconf 76' lang='grc' dir='ltr'>λειτουργεῖν</span> <span class='ocrx_word' id='word_1_250' title='bbox 968 2491 1063 2555; x_wconf 81' lang='grc' dir='ltr'>αὐτόν,</span> <span class='ocrx_word' id='word_1_251' title='bbox 1090 2492 1158 2546; x_wconf 88' lang='grc' dir='ltr'>διότι</span> <span class='ocrx_word' id='word_1_252' title='bbox 1185 2491 1232 2546; x_wconf 88' lang='grc' dir='ltr'>ούιι</span> <span class='ocrx_word' id='word_1_253' title='bbox 1251 2491 1359 2553; x_wconf 80' lang='grc' dir='ltr'>ἀληθὴς</span> <span class='ocrx_word' id='word_1_254' title='bbox 1378 2489 1485 2560; x_wconf 81' lang='grc' dir='ltr'>αύτῷό</span> 
     </span>
    </p>
   </div>
   <div class='ocr_carea' id='block_1_3' title="bbox 240 2670 1542 4084">
    <p class='ocr_par' dir='ltr' id='par_1_7' title="bbox 285 2670 716 2725">
     <span class='ocr_line' id='line_1_24' title="bbox 285 2670 716 2725; baseline 0.002 -2"><span class='ocrx_word' id='word_1_255' title='bbox 285 2673 463 2725; x_wconf 87' lang='grc' dir='ltr'>καθίστανται</span> <span class='ocrx_word' id='word_1_256' title='bbox 476 2671 588 2724; x_wconf 73' lang='grc' dir='ltr'>ἐνώπιον</span> <span class='ocrx_word' id='word_1_257' title='bbox 601 2670 683 2724; x_wconf 87' lang='grc' dir='ltr'>αύτού</span> <span class='ocrx_word' id='word_1_258' title='bbox 691 2675 716 2724; x_wconf 84' lang='lat'>⁰.</span> 
     </span>
    </p>

    <p class='ocr_par' dir='ltr' id='par_1_8' title="bbox 240 2746 1538 3193">
     <span class='ocr_line' id='line_1_25' title="bbox 240 2746 1538 2833; baseline -0.003 -20"><span class='ocrx_word' id='word_1_259' title='bbox 240 2769 268 2808; x_wconf 62' lang='grc' dir='ltr'>θ’»</span> <span class='ocrx_word' id='word_1_260' title='bbox 286 2761 370 2815; x_wconf 90' lang='grc' dir='ltr'>Πάλιν</span> <span class='ocrx_word' id='word_1_261' title='bbox 389 2761 490 2823; x_wconf 88' lang='grc' dir='ltr'>ἔθηκαν</span> <span class='ocrx_word' id='word_1_262' title='bbox 510 2761 535 2813; x_wconf 87' lang='grc' dir='ltr'>οί</span> <span class='ocrx_word' id='word_1_263' title='bbox 553 2761 698 2814; x_wconf 88' lang='grc' dir='ltr'>ἀπόστολοι</span> <span class='ocrx_word' id='word_1_264' title='bbox 716 2765 760 2814; x_wconf 88' lang='grc' dir='ltr'>τόν</span> <span class='ocrx_word' id='word_1_265' title='bbox 779 2761 934 2826; x_wconf 78' lang='grc' dir='ltr'>δανείζοντα</span> <span class='ocrx_word' id='word_1_266' title='bbox 957 2763 1001 2815; x_wconf 81' lang='grc' dir='ltr'>καὶ</span> <span class='ocrx_word' id='word_1_267' title='bbox 1019 2759 1192 2831; x_wconf 88' lang='grc' dir='ltr'>λαμβάνοντα</span> <span class='ocrx_word' id='word_1_268' title='bbox 1213 2762 1306 2820; x_wconf 89' lang='grc' dir='ltr'>τόκους</span> <span class='ocrx_word' id='word_1_269' title='bbox 1324 2759 1398 2821; x_wconf 82' lang='grc' dir='ltr'>ἦτόν</span> <span class='ocrx_word' id='word_1_270' title='bbox 1412 2761 1485 2833; x_wconf 85' lang='grc' dir='ltr'>χρώ·</span> <span class='ocrx_word' id='word_1_271' title='bbox 1506 2746 1538 2808; x_wconf 70' lang='grc' dir='ltr'>εδ</span> 
     </span>
     <span class='ocr_line' id='line_1_26' title="bbox 286 2848 1484 2924; baseline -0.001 -22"><span class='ocrx_word' id='word_1_272' title='bbox 286 2869 361 2919; x_wconf 88' lang='grc' dir='ltr'>μενον</span> <span class='ocrx_word' id='word_1_273' title='bbox 380 2849 492 2923; x_wconf 81' lang='grc' dir='ltr'>ίμπορίᾳ</span> <span class='ocrx_word' id='word_1_274' title='bbox 510 2849 663 2916; x_wconf 77' lang='grc' dir='ltr'>πλεονεξίας</span> <span class='ocrx_word' id='word_1_275' title='bbox 681 2852 770 2920; x_wconf 88' lang='grc' dir='ltr'>μηκίτι</span> <span class='ocrx_word' id='word_1_276' title='bbox 788 2851 948 2924; x_wconf 91' lang='grc' dir='ltr'>λειτουργεῖν</span> <span class='ocrx_word' id='word_1_277' title='bbox 961 2850 1027 2920; x_wconf 85' lang='grc' dir='ltr'>μηδέ</span> <span class='ocrx_word' id='word_1_278' title='bbox 1044 2851 1170 2919; x_wconf 83' lang='grc' dir='ltr'>ἔπιμόνειν</span> <span class='ocrx_word' id='word_1_279' title='bbox 1183 2857 1215 2922; x_wconf 82' lang='grc' dir='ltr'>τῇ</span> <span class='ocrx_word' id='word_1_280' title='bbox 1228 2850 1379 2922; x_wconf 79' lang='grc' dir='ltr'>λειτουργίᾳ</span> <span class='ocrx_word' id='word_1_281' title='bbox 1393 2848 1484 2902; x_wconf 81' lang='grc' dir='ltr'>αὐτοῦ.</span> 
     </span>
     <span class='ocr_line' id='line_1_27' title="bbox 287 2937 1536 3011; baseline 0.001 -19"><span class='ocrx_word' id='word_1_282' title='bbox 287 2940 371 2994; x_wconf 85' lang='grc' dir='ltr'>Πάλιν</span> <span class='ocrx_word' id='word_1_283' title='bbox 390 2939 491 3001; x_wconf 84' lang='grc' dir='ltr'>ἔθηκαν</span> <span class='ocrx_word' id='word_1_284' title='bbox 510 2941 536 2994; x_wconf 89' lang='grc' dir='ltr'>οέ</span> <span class='ocrx_word' id='word_1_285' title='bbox 554 2940 698 2994; x_wconf 87' lang='grc' dir='ltr'>ἀπόστολοι</span> <span class='ocrx_word' id='word_1_286' title='bbox 716 2943 760 2994; x_wconf 87' lang='grc' dir='ltr'>τόν</span> <span class='ocrx_word' id='word_1_287' title='bbox 780 2941 909 3011; x_wconf 81' lang='grc' dir='ltr'>ρελούντα</span> <span class='ocrx_word' id='word_1_288' title='bbox 924 2943 986 3000; x_wconf 87' lang='grc' dir='ltr'>τούς</span> <span class='ocrx_word' id='word_1_289' title='bbox 1002 2939 1153 3000; x_wconf 86' lang='grc' dir='ltr'>Ἰουδαίους</span> <span class='ocrx_word' id='word_1_290' title='bbox 1172 2937 1225 3010; x_wconf 81' lang='grc' dir='ltr'>(ὣς</span> <span class='ocrx_word' id='word_1_291' title='bbox 1242 2938 1375 3002; x_wconf 88' lang='grc' dir='ltr'>Ἰούδαςό</span> <span class='ocrx_word' id='word_1_292' title='bbox 1394 2939 1484 2994; x_wconf 82' lang='grc' dir='ltr'>Ἰσκα·</span> <span class='ocrx_word' id='word_1_293' title='bbox 1507 2949 1536 2987; x_wconf 67' lang='grc' dir='ltr'>ιε</span> 
     </span>
     <span class='ocr_line' id='line_1_28' title="bbox 286 3029 1485 3102; baseline -0.002 -20"><span class='ocrx_word' id='word_1_294' title='bbox 286 3029 383 3101; x_wconf 85' lang='grc' dir='ltr'>ριόειης</span> <span class='ocrx_word' id='word_1_295' title='bbox 402 3029 417 3082; x_wconf 88' lang='grc' dir='ltr'>ό</span> <span class='ocrx_word' id='word_1_296' title='bbox 435 3030 519 3100; x_wconf 82' lang='grc' dir='ltr'>ριλῶν</span> <span class='ocrx_word' id='word_1_297' title='bbox 539 3029 652 3100; x_wconf 87' lang='grc' dir='ltr'>αύτούς)</span> <span class='ocrx_word' id='word_1_298' title='bbox 670 3029 688 3092; x_wconf 81' lang='grc' dir='ltr'>ἢ</span> <span class='ocrx_word' id='word_1_299' title='bbox 707 3033 769 3091; x_wconf 80' lang='grc' dir='ltr'>τοὺς</span> <span class='ocrx_word' id='word_1_300' title='bbox 788 3030 912 3090; x_wconf 83' lang='grc' dir='ltr'>ἔθνιειοῖις</span> <span class='ocrx_word' id='word_1_301' title='bbox 930 3031 992 3090; x_wconf 82' lang='grc' dir='ltr'>τούς</span> <span class='ocrx_word' id='word_1_302' title='bbox 1009 3029 1185 3102; x_wconf 85' lang='grc' dir='ltr'>λατρεύοντας</span> <span class='ocrx_word' id='word_1_303' title='bbox 1203 3037 1235 3100; x_wconf 74' lang='grc' dir='ltr'>τῇ</span> <span class='ocrx_word' id='word_1_304' title='bbox 1254 3030 1336 3082; x_wconf 86' lang='grc' dir='ltr'>κτίσει</span> <span class='ocrx_word' id='word_1_305' title='bbox 1355 3029 1427 3101; x_wconf 90' lang='grc' dir='ltr'>παρά</span> <span class='ocrx_word' id='word_1_306' title='bbox 1440 3031 1485 3081; x_wconf 84' lang='grc' dir='ltr'>τόν</span> 
     </span>
     <span class='ocr_line' id='line_1_29' title="bbox 287 3117 1486 3193; baseline 0 -23"><span class='ocrx_word' id='word_1_307' title='bbox 287 3119 429 3172; x_wconf 80' lang='grc' dir='ltr'>κτίσαντα’</span> <span class='ocrx_word' id='word_1_308' title='bbox 443 3121 479 3187; x_wconf 81' lang='grc' dir='ltr'>μὴ</span> <span class='ocrx_word' id='word_1_309' title='bbox 493 3118 663 3193; x_wconf 84' lang='grc' dir='ltr'>εέσόρχεσθαι</span> <span class='ocrx_word' id='word_1_310' title='bbox 677 3117 703 3171; x_wconf 86' lang='grc' dir='ltr'>ίν</span> <span class='ocrx_word' id='word_1_311' title='bbox 717 3122 789 3189; x_wconf 79' lang='grc' dir='ltr'>μίσῳ</span> <span class='ocrx_word' id='word_1_312' title='bbox 802 3118 890 3173; x_wconf 84' lang='grc' dir='ltr'>αύτόεν</span> <span class='ocrx_word' id='word_1_313' title='bbox 903 3120 947 3171; x_wconf 88' lang='grc' dir='ltr'>καῖ</span> <span class='ocrx_word' id='word_1_314' title='bbox 960 3119 1126 3192; x_wconf 89' lang='grc' dir='ltr'>λειτουργεῖν.</span> <span class='ocrx_word' id='word_1_315' title='bbox 1139 3121 1183 3170; x_wconf 88' lang='grc' dir='ltr'>καῖ</span> <span class='ocrx_word' id='word_1_316' title='bbox 1197 3117 1219 3171; x_wconf 88' lang='grc' dir='ltr'>εί</span> <span class='ocrx_word' id='word_1_317' title='bbox 1232 3117 1260 3171; x_wconf 86' lang='grc' dir='ltr'>δέ</span> <span class='ocrx_word' id='word_1_318' title='bbox 1274 3117 1301 3171; x_wconf 85' lang='grc' dir='ltr'>ἔν</span> <span class='ocrx_word' id='word_1_319' title='bbox 1314 3119 1387 3186; x_wconf 84' lang='grc' dir='ltr'>μίσιρ</span> <span class='ocrx_word' id='word_1_320' title='bbox 1398 3117 1486 3171; x_wconf 80' lang='grc' dir='ltr'>αὐτῶν</span> 
     </span>
    </p>

    <p class='ocr_par' dir='ltr' id='par_1_9' title="bbox 242 3207 1535 3641">
     <span class='ocr_line' id='line_1_30' title="bbox 242 3207 1486 3281; baseline 0 -21"><span class='ocrx_word' id='word_1_321' title='bbox 242 3221 271 3260; x_wconf 78' lang='lat'>3⁰</span> <span class='ocrx_word' id='word_1_322' title='bbox 287 3207 337 3270; x_wconf 88' lang='grc' dir='ltr'>εέη,</span> <span class='ocrx_word' id='word_1_323' title='bbox 348 3207 396 3262; x_wconf 90' lang='grc' dir='ltr'>ούκ</span> <span class='ocrx_word' id='word_1_324' title='bbox 405 3208 451 3261; x_wconf 83' lang='grc' dir='ltr'>ε’ἀν</span> <span class='ocrx_word' id='word_1_325' title='bbox 462 3207 550 3270; x_wconf 71' lang='grc' dir='ltr'>αὐτόν,</span> <span class='ocrx_word' id='word_1_326' title='bbox 559 3207 620 3262; x_wconf 82' lang='grc' dir='ltr'>ἀλλ’</span> <span class='ocrx_word' id='word_1_327' title='bbox 628 3209 806 3281; x_wconf 82' lang='grc' dir='ltr'>ἀρορίζεσθαε</span> <span class='ocrx_word' id='word_1_328' title='bbox 814 3207 894 3262; x_wconf 77' lang='grc' dir='ltr'>αὐτόν</span> <span class='ocrx_word' id='word_1_329' title='bbox 905 3208 950 3262; x_wconf 86' lang='grc' dir='ltr'>ἀπ’</span> <span class='ocrx_word' id='word_1_330' title='bbox 959 3207 1046 3262; x_wconf 84' lang='grc' dir='ltr'>αύτῶν</span> <span class='ocrx_word' id='word_1_331' title='bbox 1057 3211 1147 3277; x_wconf 76' lang='grc' dir='ltr'>καὶμὴ</span> <span class='ocrx_word' id='word_1_332' title='bbox 1158 3209 1316 3281; x_wconf 82' lang='grc' dir='ltr'>λειτουργεῖν</span> <span class='ocrx_word' id='word_1_333' title='bbox 1327 3207 1381 3276; x_wconf 81' lang='grc' dir='ltr'>μετ’</span> <span class='ocrx_word' id='word_1_334' title='bbox 1389 3207 1486 3260; x_wconf 83' lang='grc' dir='ltr'>αύτόεν.</span> 
     </span>
     <span class='ocr_line' id='line_1_31' title="bbox 288 3295 1535 3370; baseline 0.002 -20"><span class='ocrx_word' id='word_1_335' title='bbox 288 3298 371 3351; x_wconf 85' lang='grc' dir='ltr'>Πάλιν</span> <span class='ocrx_word' id='word_1_336' title='bbox 391 3297 491 3360; x_wconf 87' lang='grc' dir='ltr'>ἔθηκαν</span> <span class='ocrx_word' id='word_1_337' title='bbox 511 3298 536 3351; x_wconf 92' lang='grc' dir='ltr'>οί</span> <span class='ocrx_word' id='word_1_338' title='bbox 556 3297 715 3361; x_wconf 90' lang='grc' dir='ltr'>ἀπόστολοι,</span> <span class='ocrx_word' id='word_1_339' title='bbox 741 3297 764 3352; x_wconf 85' lang='grc' dir='ltr'>εἶ</span> <span class='ocrx_word' id='word_1_340' title='bbox 782 3317 821 3358; x_wconf 90' lang='grc' dir='ltr'>τις</span> <span class='ocrx_word' id='word_1_341' title='bbox 839 3303 892 3351; x_wconf 82' lang='grc' dir='ltr'>τῶν</span> <span class='ocrx_word' id='word_1_342' title='bbox 910 3297 1050 3352; x_wconf 85' lang='grc' dir='ltr'>Ἰουδαίων</span> <span class='ocrx_word' id='word_1_343' title='bbox 1069 3298 1087 3359; x_wconf 81' lang='grc' dir='ltr'><strong>ἦ</strong></span> <span class='ocrx_word' id='word_1_344' title='bbox 1106 3303 1159 3350; x_wconf 83' lang='grc' dir='ltr'>τῶν</span> <span class='ocrx_word' id='word_1_345' title='bbox 1179 3297 1292 3350; x_wconf 84' lang='grc' dir='ltr'>ἔθνικῶν</span> <span class='ocrx_word' id='word_1_346' title='bbox 1317 3295 1422 3370; x_wconf 83' lang='grc' dir='ltr'>ἔρχοιτο</span> <span class='ocrx_word' id='word_1_347' title='bbox 1442 3299 1487 3350; x_wconf 83' lang='grc' dir='ltr'>καὶ</span> <span class='ocrx_word' id='word_1_348' title='bbox 1507 3315 1535 3360; x_wconf 83' lang='grc' dir='ltr'>ις</span> 
     </span>
     <span class='ocr_line' id='line_1_32' title="bbox 289 3375 1487 3462; baseline -0.001 -22"><span class='ocrx_word' id='word_1_349' title='bbox 289 3388 525 3457; x_wconf 79' lang='grc' dir='ltr'>συναναμιγνύοιτο</span> <span class='ocrx_word' id='word_1_350' title='bbox 546 3375 603 3461; x_wconf 62' lang='grc' dir='ltr'>[ιδ]</span> <span class='ocrx_word' id='word_1_351' title='bbox 625 3389 679 3457; x_wconf 88' lang='grc' dir='ltr'>μετ’</span> <span class='ocrx_word' id='word_1_352' title='bbox 693 3387 780 3442; x_wconf 76' lang='grc' dir='ltr'>αὐτῶν</span> <span class='ocrx_word' id='word_1_353' title='bbox 800 3390 845 3442; x_wconf 81' lang='grc' dir='ltr'>καῖ</span> <span class='ocrx_word' id='word_1_354' title='bbox 863 3388 953 3442; x_wconf 79' lang='grc' dir='ltr'>ι’λθὼν</span> <span class='ocrx_word' id='word_1_355' title='bbox 972 3387 1015 3441; x_wconf 88' lang='grc' dir='ltr'>καί</span> <span class='ocrx_word' id='word_1_356' title='bbox 1034 3385 1211 3462; x_wconf 78' lang='grc' dir='ltr'>προσδεχθεὶς</span> <span class='ocrx_word' id='word_1_357' title='bbox 1237 3389 1282 3440; x_wconf 84' lang='grc' dir='ltr'>καῖ</span> <span class='ocrx_word' id='word_1_358' title='bbox 1302 3390 1487 3458; x_wconf 86' lang='grc' dir='ltr'>συναναμεγιῖς</span> 
     </span>
     <span class='ocr_line' id='line_1_33' title="bbox 287 3474 1487 3552; baseline 0.003 -24"><span class='ocrx_word' id='word_1_359' title='bbox 287 3475 432 3544; x_wconf 84' lang='grc' dir='ltr'>μετάύτῶν</span> <span class='ocrx_word' id='word_1_360' title='bbox 440 3477 578 3551; x_wconf 85' lang='grc' dir='ltr'>ἀνίρχοιεο</span> <span class='ocrx_word' id='word_1_361' title='bbox 590 3480 669 3532; x_wconf 80' lang='grc' dir='ltr'>πάλιν</span> <span class='ocrx_word' id='word_1_362' title='bbox 678 3479 716 3538; x_wconf 84' lang='grc' dir='ltr'>ιές</span> <span class='ocrx_word' id='word_1_363' title='bbox 728 3479 757 3530; x_wconf 86' lang='grc' dir='ltr'>τό</span> <span class='ocrx_word' id='word_1_364' title='bbox 767 3480 844 3550; x_wconf 83' lang='grc' dir='ltr'>μόρος</span> <span class='ocrx_word' id='word_1_365' title='bbox 852 3479 865 3506; x_wconf 75' lang='grc'><strong><em>’</em></strong></span> <span class='ocrx_word' id='word_1_366' title='bbox 879 3478 905 3532; x_wconf 87' lang='grc' dir='ltr'>ίν</span> <span class='ocrx_word' id='word_1_367' title='bbox 919 3474 941 3547; x_wconf 81' lang='grc' dir='ltr'>ᾧ</span> <span class='ocrx_word' id='word_1_368' title='bbox 953 3475 985 3539; x_wconf 74' lang='grc' dir='ltr'>ἦν</span> <span class='ocrx_word' id='word_1_369' title='bbox 998 3479 1043 3531; x_wconf 85' lang='grc' dir='ltr'>καῖ</span> <span class='ocrx_word' id='word_1_370' title='bbox 1053 3478 1131 3531; x_wconf 81' lang='grc' dir='ltr'>πάλιν</span> <span class='ocrx_word' id='word_1_371' title='bbox 1139 3477 1309 3552; x_wconf 77' lang='grc' dir='ltr'>ἔπανίρχοιτο</span> <span class='ocrx_word' id='word_1_372' title='bbox 1318 3481 1380 3551; x_wconf 86' lang='grc' dir='ltr'>πρός</span> <span class='ocrx_word' id='word_1_373' title='bbox 1390 3477 1487 3540; x_wconf 81' lang='grc' dir='ltr'>αύτούς</span> 
     </span>
     <span class='ocr_line' id='line_1_34' title="bbox 288 3565 1486 3641; baseline 0.002 -23"><span class='ocrx_word' id='word_1_374' title='bbox 288 3565 421 3638; x_wconf 89' lang='grc' dir='ltr'>δεύτερον,</span> <span class='ocrx_word' id='word_1_375' title='bbox 444 3569 534 3635; x_wconf 87' lang='grc' dir='ltr'>μηκίτι</span> <span class='ocrx_word' id='word_1_376' title='bbox 552 3567 750 3640; x_wconf 74' lang='grc' dir='ltr'>προσδίγεσθαι</span> <span class='ocrx_word' id='word_1_377' title='bbox 770 3566 863 3628; x_wconf 83' lang='grc' dir='ltr'>αὐτόν,</span> <span class='ocrx_word' id='word_1_378' title='bbox 883 3566 954 3620; x_wconf 86' lang='grc' dir='ltr'>ἀλλὰ</span> <span class='ocrx_word' id='word_1_379' title='bbox 972 3566 1035 3619; x_wconf 79' lang='grc' dir='ltr'>καθ’</span> <span class='ocrx_word' id='word_1_380' title='bbox 1056 3566 1071 3620; x_wconf 86' lang='grc' dir='ltr'>δ</span> <span class='ocrx_word' id='word_1_381' title='bbox 1089 3569 1166 3641; x_wconf 83' lang='grc' dir='ltr'>μόρος</span> <span class='ocrx_word' id='word_1_382' title='bbox 1181 3565 1214 3629; x_wconf 73' lang='grc' dir='ltr'>ἦν</span> <span class='ocrx_word' id='word_1_383' title='bbox 1231 3570 1260 3622; x_wconf 83' lang='grc' dir='ltr'>τό</span> <span class='ocrx_word' id='word_1_384' title='bbox 1280 3568 1401 3640; x_wconf 87' lang='grc' dir='ltr'>πρότερον</span> <span class='ocrx_word' id='word_1_385' title='bbox 1417 3575 1486 3622; x_wconf 89' lang='grc' dir='ltr'>νοεῖν</span> 
     </span>
    </p>

    <p class='ocr_par' dir='ltr' id='par_1_10' title="bbox 244 3654 1542 4084">
     <span class='ocr_line' id='line_1_35' title="bbox 244 3654 756 3726; baseline 0 -18"><span class='ocrx_word' id='word_1_386' title='bbox 244 3669 270 3708; x_wconf 74' lang='grc' dir='ltr'>νο</span> <span class='ocrx_word' id='word_1_387' title='bbox 289 3654 368 3708; x_wconf 81' lang='grc' dir='ltr'>αὐτόν</span> <span class='ocrx_word' id='word_1_388' title='bbox 382 3657 445 3716; x_wconf 80' lang='grc' dir='ltr'>τοὺς</span> <span class='ocrx_word' id='word_1_389' title='bbox 457 3659 652 3726; x_wconf 85' lang='grc' dir='ltr'>γιγνώσκοντας</span> <span class='ocrx_word' id='word_1_390' title='bbox 666 3656 756 3710; x_wconf 90' lang='grc' dir='ltr'>αύτόν.</span> 
     </span>
     <span class='ocr_line' id='line_1_36' title="bbox 289 3737 1542 3820; baseline 0.002 -24"><span class='ocrx_word' id='word_1_391' title='bbox 289 3745 373 3798; x_wconf 84' lang='grc' dir='ltr'>Πάλιν</span> <span class='ocrx_word' id='word_1_392' title='bbox 395 3745 495 3806; x_wconf 86' lang='grc' dir='ltr'>ἔθηιεαν</span> <span class='ocrx_word' id='word_1_393' title='bbox 514 3746 539 3800; x_wconf 88' lang='grc' dir='ltr'>οί</span> <span class='ocrx_word' id='word_1_394' title='bbox 552 3746 697 3800; x_wconf 88' lang='grc' dir='ltr'>ἀπόστολοι</span> <span class='ocrx_word' id='word_1_395' title='bbox 709 3749 746 3814; x_wconf 76' lang='grc' dir='ltr'>μὴ</span> <span class='ocrx_word' id='word_1_396' title='bbox 764 3745 862 3810; x_wconf 76' lang='grc' dir='ltr'>ἐξεῖναι</span> <span class='ocrx_word' id='word_1_397' title='bbox 875 3749 913 3814; x_wconf 82' lang='grc' dir='ltr'>τῷ</span> <span class='ocrx_word' id='word_1_398' title='bbox 926 3747 1033 3816; x_wconf 79' lang='grc' dir='ltr'>ἡγεμόνι</span> <span class='ocrx_word' id='word_1_399' title='bbox 1045 3749 1132 3820; x_wconf 84' lang='grc' dir='ltr'>χωρίς</span> <span class='ocrx_word' id='word_1_400' title='bbox 1145 3751 1197 3800; x_wconf 84' lang='grc' dir='ltr'>τῶν</span> <span class='ocrx_word' id='word_1_401' title='bbox 1212 3746 1486 3818; x_wconf 88' lang='grc' dir='ltr'>συλλειτουργούντων</span> <span class='ocrx_word' id='word_1_402' title='bbox 1508 3737 1542 3810; x_wconf 68' lang='grc' dir='ltr'>ιζ’</span> 
     </span>
     <span class='ocr_line' id='line_1_37' title="bbox 289 3832 1486 3907; baseline 0 -21"><span class='ocrx_word' id='word_1_403' title='bbox 289 3832 362 3904; x_wconf 86' lang='grc' dir='ltr'>αύτῷ</span> <span class='ocrx_word' id='word_1_404' title='bbox 377 3837 501 3907; x_wconf 85' lang='grc' dir='ltr'>πράσσειν</span> <span class='ocrx_word' id='word_1_405' title='bbox 515 3837 548 3887; x_wconf 91' lang='grc' dir='ltr'>τά</span> <span class='ocrx_word' id='word_1_406' title='bbox 561 3841 608 3897; x_wconf 76' lang='grc' dir='ltr'>τῆς</span> <span class='ocrx_word' id='word_1_407' title='bbox 620 3835 775 3897; x_wconf 81' lang='grc' dir='ltr'>ἐκκλησίας,</span> <span class='ocrx_word' id='word_1_408' title='bbox 790 3836 862 3888; x_wconf 89' lang='grc' dir='ltr'>ἀλλά</span> <span class='ocrx_word' id='word_1_409' title='bbox 876 3835 903 3888; x_wconf 87' lang='grc' dir='ltr'>ἔκ</span> <span class='ocrx_word' id='word_1_410' title='bbox 916 3843 962 3898; x_wconf 76' lang='grc' dir='ltr'>τῆς</span> <span class='ocrx_word' id='word_1_411' title='bbox 976 3839 1080 3890; x_wconf 73' lang='grc' dir='ltr'>πάντων</span> <span class='ocrx_word' id='word_1_412' title='bbox 1095 3834 1263 3906; x_wconf 87' lang='grc' dir='ltr'>συμβουλίας</span> <span class='ocrx_word' id='word_1_413' title='bbox 1276 3834 1428 3888; x_wconf 87' lang='grc' dir='ltr'>διατάσσειν</span> <span class='ocrx_word' id='word_1_414' title='bbox 1442 3836 1486 3887; x_wconf 86' lang='grc' dir='ltr'>καὶ</span> 
     </span>
     <span class='ocr_line' id='line_1_38' title="bbox 289 3921 1486 3997; baseline 0 -21"><span class='ocrx_word' id='word_1_415' title='bbox 289 3922 454 3997; x_wconf 83' lang='grc' dir='ltr'>ἔνιργεῖσθαι</span> <span class='ocrx_word' id='word_1_416' title='bbox 476 3929 553 3979; x_wconf 83' lang='grc' dir='ltr'>τοῦτο</span> <span class='ocrx_word' id='word_1_417' title='bbox 576 3925 616 3997; x_wconf 74' lang='grc' dir='ltr'>ἔφ’</span> <span class='ocrx_word' id='word_1_418' title='bbox 637 3921 659 3996; x_wconf 78' lang='grc' dir='ltr'>ᾧ</span> <span class='ocrx_word' id='word_1_419' title='bbox 684 3926 866 3979; x_wconf 89' lang='grc' dir='ltr'>ἀναπαύονται</span> <span class='ocrx_word' id='word_1_420' title='bbox 889 3929 983 3986; x_wconf 80' lang='grc' dir='ltr'>πάντες</span> <span class='ocrx_word' id='word_1_421' title='bbox 1006 3928 1050 3978; x_wconf 88' lang='grc' dir='ltr'>καῖ</span> <span class='ocrx_word' id='word_1_422' title='bbox 1072 3927 1206 3986; x_wconf 79' lang='grc' dir='ltr'>παντελῶς</span> <span class='ocrx_word' id='word_1_423' title='bbox 1236 3924 1282 3978; x_wconf 89' lang='grc' dir='ltr'>ούκ</span> <span class='ocrx_word' id='word_1_424' title='bbox 1307 3923 1486 3994; x_wconf 78' lang='grc' dir='ltr'>ἀδημονοῦσιν</span> 
     </span>
     <span class='ocr_line' id='line_1_39' title="bbox 289 4012 428 4084; baseline 0.007 -18"><span class='ocrx_word' id='word_1_425' title='bbox 289 4012 329 4066; x_wconf 78' lang='grc' dir='ltr'>ια’</span> <span class='ocrx_word' id='word_1_426' title='bbox 344 4013 428 4084; x_wconf 87' lang='grc' dir='ltr'>αύτῷ.</span> 
     </span>
    </p>
   </div>
   <div class='ocr_carea' id='block_1_4' title="bbox 287 4191 1487 4676">
    <p class='ocr_par' dir='ltr' id='par_1_11' title="bbox 287 4191 1487 4676">
     <span class='ocr_line' id='line_1_40' title="bbox 370 4191 1485 4249; baseline 0 -13"><span class='ocrx_word' id='word_1_427' title='bbox 370 4191 410 4236; x_wconf 75' lang='lat'>8⁸</span> <span class='ocrx_word' id='word_1_428' title='bbox 432 4195 529 4236; x_wconf 81' lang='grc' dir='ltr'>Ουεεεου</span> <span class='ocrx_word' id='word_1_429' title='bbox 546 4207 605 4247; x_wconf 81' lang='grc' dir='ltr'>τοι-ρ.</span> <span class='ocrx_word' id='word_1_430' title='bbox 622 4201 690 4247; x_wconf 65' lang='lat' dir='ltr'>lgna.</span> <span class='ocrx_word' id='word_1_431' title='bbox 706 4209 728 4248; x_wconf 83' lang='grc' dir='ltr'>ρ.</span> <span class='ocrx_word' id='word_1_432' title='bbox 745 4203 765 4248; x_wconf 86' lang='grc'>1,</span> <span class='ocrx_word' id='word_1_433' title='bbox 779 4201 804 4238; x_wconf 76' lang='grc' dir='ltr'>θι</span> <span class='ocrx_word' id='word_1_434' title='bbox 824 4199 845 4249; x_wconf 75' lang='lat'>8,</span> <span class='ocrx_word' id='word_1_435' title='bbox 861 4199 886 4238; x_wconf 77' lang='grc' dir='ltr'>ῖι</span> <span class='ocrx_word' id='word_1_436' title='bbox 908 4199 949 4239; x_wconf 72' lang='lat'>2⁶³</span> <span class='ocrx_word' id='word_1_437' title='bbox 969 4199 1010 4238; x_wconf 82' lang='lat' dir='ltr'>Iob</span> <span class='ocrx_word' id='word_1_438' title='bbox 1031 4197 1069 4237; x_wconf 80' lang='grc' dir='ltr'>τΙΙῖ</span> <span class='ocrx_word' id='word_1_439' title='bbox 1088 4200 1114 4237; x_wconf 69' lang='lat'>22</span> <span class='ocrx_word' id='word_1_440' title='bbox 1135 4200 1187 4238; x_wconf 68' lang='lat' dir='ltr'>xxix</span> <span class='ocrx_word' id='word_1_441' title='bbox 1205 4201 1229 4238; x_wconf 74' lang='grc' dir='ltr'>Ιί</span> <span class='ocrx_word' id='word_1_442' title='bbox 1250 4199 1323 4237; x_wconf 66' lang='lat' dir='ltr'>Palm</span> <span class='ocrx_word' id='word_1_443' title='bbox 1344 4199 1386 4237; x_wconf 80' lang='grc' dir='ltr'>κτΙΙ</span> <span class='ocrx_word' id='word_1_444' title='bbox 1404 4201 1410 4236; x_wconf 86' lang='grc'>1</span> <span class='ocrx_word' id='word_1_445' title='bbox 1434 4199 1485 4248; x_wconf 63' lang='grc' dir='ltr'>πῖαρ.</span> 
     </span>
     <span class='ocr_line' id='line_1_41' title="bbox 289 4265 1483 4322; baseline 0 -16"><span class='ocrx_word' id='word_1_446' title='bbox 289 4279 302 4306; x_wconf 88' lang='grc' dir='ltr'>ν</span> <span class='ocrx_word' id='word_1_447' title='bbox 318 4271 350 4308; x_wconf 78' lang='lat' dir='ltr'>w.</span> <span class='ocrx_word' id='word_1_448' title='bbox 367 4287 392 4296; x_wconf 90' lang='lat'><em>-</em></span> <span class='ocrx_word' id='word_1_449' title='bbox 414 4265 462 4306; x_wconf 81' lang='lat'>11⁸</span> <span class='ocrx_word' id='word_1_450' title='bbox 478 4266 526 4318; x_wconf 77' lang='grc' dir='ltr'>γνοῖ.</span> <span class='ocrx_word' id='word_1_451' title='bbox 543 4269 641 4308; x_wconf 70' lang='grc' dir='ltr'>λίσσεαι).</span> <span class='ocrx_word' id='word_1_452' title='bbox 658 4282 672 4308; x_wconf 90' lang='grc' dir='ltr'>ιι</span> <span class='ocrx_word' id='word_1_453' title='bbox 687 4283 700 4308; x_wconf 86' lang='grc' dir='ltr'>ν</span> <span class='ocrx_word' id='word_1_454' title='bbox 713 4271 747 4309; x_wconf 68' lang='lat' dir='ltr'>he.</span> <span class='ocrx_word' id='word_1_455' title='bbox 764 4275 862 4311; x_wconf 76' lang='lat' dir='ltr'><strong>ceterum</strong></span> <span class='ocrx_word' id='word_1_456' title='bbox 877 4273 906 4309; x_wconf 78' lang='grc' dir='ltr'>σε.</span> <span class='ocrx_word' id='word_1_457' title='bbox 924 4273 1080 4310; x_wconf 70' lang='lat' dir='ltr'>testamentum</span> <span class='ocrx_word' id='word_1_458' title='bbox 1094 4271 1220 4310; x_wconf 78' lang='grc' dir='ltr'>Βιαῖεεειῖιεῖ</span> <span class='ocrx_word' id='word_1_459' title='bbox 1236 4273 1260 4310; x_wconf 88' lang='lat'>11</span> <span class='ocrx_word' id='word_1_460' title='bbox 1282 4271 1366 4322; x_wconf 72' lang='lat' dir='ltr'><strong>(Grnbe</strong></span> <span class='ocrx_word' id='word_1_461' title='bbox 1381 4271 1483 4320; x_wconf 70' lang='lat' dir='ltr'>spu-neg.</span> 
     </span>
     <span class='ocr_line' id='line_1_42' title="bbox 288 4337 1487 4396; baseline 0.004 -19"><span class='ocrx_word' id='word_1_462' title='bbox 288 4339 299 4377; x_wconf 88' lang='lat'>1</span> <span class='ocrx_word' id='word_1_463' title='bbox 315 4351 338 4389; x_wconf 84' lang='lat' dir='ltr'>p.</span> <span class='ocrx_word' id='word_1_464' title='bbox 354 4339 417 4388; x_wconf 74' lang='grc' dir='ltr'>θύθ)ι</span> <span class='ocrx_word' id='word_1_465' title='bbox 438 4338 460 4378; x_wconf 80' lang='grc' dir='ltr'>ἔν</span> <span class='ocrx_word' id='word_1_466' title='bbox 480 4337 562 4390; x_wconf 81' lang='grc' dir='ltr'>βίβλοις</span> <span class='ocrx_word' id='word_1_467' title='bbox 581 4341 628 4384; x_wconf 83' lang='grc' dir='ltr'>ταῖς</span> <span class='ocrx_word' id='word_1_468' title='bbox 647 4337 716 4392; x_wconf 80' lang='grc' dir='ltr'>ἀγίειες</span> <span class='ocrx_word' id='word_1_469' title='bbox 730 4339 791 4382; x_wconf 85' lang='grc' dir='ltr'>ἔσται</span> <span class='ocrx_word' id='word_1_470' title='bbox 806 4341 982 4396; x_wconf 76' lang='grc' dir='ltr'>ἀναγραφόμενος</span> <span class='ocrx_word' id='word_1_471' title='bbox 996 4343 1037 4392; x_wconf 83' lang='grc' dir='ltr'>(ιε.</span> <span class='ocrx_word' id='word_1_472' title='bbox 1054 4341 1155 4390; x_wconf 74' lang='grc' dir='ltr'>Ριυῖειι),</span> <span class='ocrx_word' id='word_1_473' title='bbox 1177 4341 1213 4380; x_wconf 85' lang='grc' dir='ltr'>καῖ</span> <span class='ocrx_word' id='word_1_474' title='bbox 1228 4340 1253 4380; x_wconf 78' lang='grc' dir='ltr'>τό</span> <span class='ocrx_word' id='word_1_475' title='bbox 1269 4338 1330 4394; x_wconf 81' lang='grc' dir='ltr'>ἔργον</span> <span class='ocrx_word' id='word_1_476' title='bbox 1345 4343 1380 4380; x_wconf 84' lang='grc' dir='ltr'>ιαῖ</span> <span class='ocrx_word' id='word_1_477' title='bbox 1396 4338 1408 4380; x_wconf 86' lang='grc' dir='ltr'>ό</span> <span class='ocrx_word' id='word_1_478' title='bbox 1423 4339 1487 4394; x_wconf 83' lang='grc' dir='ltr'>λόγος</span> 
     </span>
     <span class='ocr_line' id='line_1_43' title="bbox 288 4408 1487 4468; baseline 0.002 -18"><span class='ocrx_word' id='word_1_479' title='bbox 288 4408 394 4452; x_wconf 73' lang='grc' dir='ltr'>αύτού-</span> <span class='ocrx_word' id='word_1_480' title='bbox 410 4411 457 4450; x_wconf 66' lang='grc'>14*</span> <span class='ocrx_word' id='word_1_481' title='bbox 474 4411 577 4452; x_wconf 81' lang='grc' dir='ltr'>τοιαίιυίῖ</span> <span class='ocrx_word' id='word_1_482' title='bbox 592 4415 646 4468; x_wconf 73' lang='grc' dir='ltr'>’τερα</span> <span class='ocrx_word' id='word_1_483' title='bbox 661 4423 702 4462; x_wconf 79' lang='lat' dir='ltr'>por</span> <span class='ocrx_word' id='word_1_484' title='bbox 716 4412 837 4466; x_wconf 73' lang='grc' dir='ltr'>προστάτης</span> <span class='ocrx_word' id='word_1_485' title='bbox 851 4415 911 4453; x_wconf 78' lang='grc' dir='ltr'>νοσεῖ</span> <span class='ocrx_word' id='word_1_486' title='bbox 927 4415 1053 4462; x_wconf 71' lang='lat' dir='ltr'><strong>exemplum</strong></span> <span class='ocrx_word' id='word_1_487' title='bbox 1067 4413 1139 4454; x_wconf 76' lang='grc' dir='ltr'>λιεοειο</span> <span class='ocrx_word' id='word_1_488' title='bbox 1154 4425 1182 4454; x_wconf 71' lang='lat' dir='ltr'>uu</span> <span class='ocrx_word' id='word_1_489' title='bbox 1193 4423 1260 4452; x_wconf 85' lang='grc' dir='ltr'>ιιυυεεε</span> <span class='ocrx_word' id='word_1_490' title='bbox 1270 4415 1368 4462; x_wconf 76' lang='lat' dir='ltr'><strong>quidem.</strong></span> <span class='ocrx_word' id='word_1_491' title='bbox 1385 4415 1487 4453; x_wconf 78' lang='grc' dir='ltr'>νΙόσοιιιτ</span> 
     </span>
     <span class='ocr_line' id='line_1_44' title="bbox 289 4481 1487 4538; baseline 0.002 -16"><span class='ocrx_word' id='word_1_492' title='bbox 289 4493 341 4524; x_wconf 74' lang='lat' dir='ltr'>vero</span> <span class='ocrx_word' id='word_1_493' title='bbox 357 4484 468 4533; x_wconf 82' lang='grc' dir='ltr'>ίιιεοτρειεε</span> <span class='ocrx_word' id='word_1_494' title='bbox 483 4481 605 4536; x_wconf 75' lang='grc' dir='ltr'>προστάτης</span> <span class='ocrx_word' id='word_1_495' title='bbox 619 4486 648 4524; x_wconf 71' lang='lat' dir='ltr'>td</span> <span class='ocrx_word' id='word_1_496' title='bbox 662 4483 802 4538; x_wconf 81' lang='grc' dir='ltr'>προστάττειν</span> <span class='ocrx_word' id='word_1_497' title='bbox 817 4487 966 4526; x_wconf 63' lang='lat' dir='ltr'>ramnum-</span> <span class='ocrx_word' id='word_1_498' title='bbox 981 4487 1007 4526; x_wconf 81' lang='lat'>18</span> <span class='ocrx_word' id='word_1_499' title='bbox 1017 4481 1030 4510; x_wconf 69' lang='lat'>⁴</span> <span class='ocrx_word' id='word_1_500' title='bbox 1042 4489 1066 4524; x_wconf 85' lang='grc' dir='ltr'>ιἰε</span> <span class='ocrx_word' id='word_1_501' title='bbox 1080 4487 1165 4526; x_wconf 74' lang='lat' dir='ltr'><strong><em>domum</em></strong></span> <span class='ocrx_word' id='word_1_502' title='bbox 1178 4489 1344 4524; x_wconf 73' lang='grc' dir='ltr'>ιιεεοιιιαιονοιπ</span> <span class='ocrx_word' id='word_1_503' title='bbox 1353 4489 1396 4524; x_wconf 76' lang='lat' dir='ltr'>ete.</span> <span class='ocrx_word' id='word_1_504' title='bbox 1407 4495 1487 4532; x_wconf 71' lang='grc' dir='ltr'>ονε.-</span> 
     </span>
     <span class='ocr_line' id='line_1_45' title="bbox 287 4551 1486 4606; baseline 0 -12"><span class='ocrx_word' id='word_1_505' title='bbox 287 4556 314 4594; x_wconf 67' lang='lat'>2⁴</span> <span class='ocrx_word' id='word_1_506' title='bbox 328 4551 341 4579; x_wconf 58' lang='lat'><em>2</em></span> <span class='ocrx_word' id='word_1_507' title='bbox 357 4555 410 4603; x_wconf 73' lang='lat' dir='ltr'>Bes.</span> <span class='ocrx_word' id='word_1_508' title='bbox 427 4566 440 4594; x_wconf 87' lang='grc' dir='ltr'>α</span> <span class='ocrx_word' id='word_1_509' title='bbox 455 4557 470 4594; x_wconf 78' lang='lat' dir='ltr'>ss</span> <span class='ocrx_word' id='word_1_510' title='bbox 486 4557 499 4596; x_wconf 78' lang='lat'><strong>3</strong></span> <span class='ocrx_word' id='word_1_511' title='bbox 514 4567 535 4595; x_wconf 79' lang='grc' dir='ltr'>ι’,</span> <span class='ocrx_word' id='word_1_512' title='bbox 550 4558 611 4596; x_wconf 73' lang='lat' dir='ltr'>lum</span> <span class='ocrx_word' id='word_1_513' title='bbox 623 4569 660 4606; x_wconf 77' lang='grc' dir='ltr'>γης.</span> <span class='ocrx_word' id='word_1_514' title='bbox 671 4559 707 4606; x_wconf 74' lang='grc'>98,</span> <span class='ocrx_word' id='word_1_515' title='bbox 717 4559 751 4596; x_wconf 72' lang='lat'>21.</span> <span class='ocrx_word' id='word_1_516' title='bbox 764 4577 789 4586; x_wconf 93' lang='lat'>-</span> <span class='ocrx_word' id='word_1_517' title='bbox 803 4557 830 4596; x_wconf 71' lang='lat'>2⁹</span> <span class='ocrx_word' id='word_1_518' title='bbox 840 4554 852 4582; x_wconf 75' lang='grc'><strong><em>*</em></strong></span> <span class='ocrx_word' id='word_1_519' title='bbox 863 4561 951 4606; x_wconf 71' lang='lat' dir='ltr'><strong>sumpt·</strong></span> <span class='ocrx_word' id='word_1_520' title='bbox 965 4557 1020 4597; x_wconf 81' lang='grc' dir='ltr'>ῖιεοο</span> <span class='ocrx_word' id='word_1_521' title='bbox 1035 4567 1048 4596; x_wconf 88' lang='grc' dir='ltr'>ο</span> <span class='ocrx_word' id='word_1_522' title='bbox 1063 4557 1135 4604; x_wconf 68' lang='lat' dir='ltr'>Pauli,</span> <span class='ocrx_word' id='word_1_523' title='bbox 1151 4555 1190 4596; x_wconf 75' lang='grc' dir='ltr'>τοῦ</span> <span class='ocrx_word' id='word_1_524' title='bbox 1205 4552 1330 4596; x_wconf 80' lang='grc' dir='ltr'>ἀκοοτόλου</span> <span class='ocrx_word' id='word_1_525' title='bbox 1345 4553 1390 4596; x_wconf 86' lang='grc' dir='ltr'>τῶν</span> <span class='ocrx_word' id='word_1_526' title='bbox 1406 4553 1486 4604; x_wconf 80' lang='grc' dir='ltr'>ε’δοῶν,</span> 
     </span>
     <span class='ocr_line' id='line_1_46' title="bbox 288 4626 962 4676; baseline -0.001 -10"><span class='ocrx_word' id='word_1_527' title='bbox 288 4627 383 4676; x_wconf 71' lang='lat' dir='ltr'>epistola</span> <span class='ocrx_word' id='word_1_528' title='bbox 399 4629 425 4666; x_wconf 78' lang='lat' dir='ltr'>»ul</span> <span class='ocrx_word' id='word_1_529' title='bbox 441 4627 552 4668; x_wconf 81' lang='grc' dir='ltr'>ῖῖιιιυιιιον</span> <span class='ocrx_word' id='word_1_530' title='bbox 567 4629 618 4668; x_wconf 72' lang='grc' dir='ltr'>δεῖν</span> <span class='ocrx_word' id='word_1_531' title='bbox 633 4630 640 4668; x_wconf 84' lang='grc' dir='ltr'>Ι</span> <span class='ocrx_word' id='word_1_532' title='bbox 656 4631 689 4670; x_wconf 73' lang='lat'>25.</span> <span class='ocrx_word' id='word_1_533' title='bbox 702 4651 726 4658; x_wconf 96' lang='lat'>--</span> <span class='ocrx_word' id='word_1_534' title='bbox 741 4626 791 4670; x_wconf 72' lang='lat'>³³*</span> <span class='ocrx_word' id='word_1_535' title='bbox 807 4629 856 4668; x_wconf 73' lang='lat' dir='ltr'>Aet.</span> <span class='ocrx_word' id='word_1_536' title='bbox 873 4630 927 4668; x_wconf 78' lang='lat' dir='ltr'>xxm</span> <span class='ocrx_word' id='word_1_537' title='bbox 943 4632 962 4668; x_wconf 76' lang='grc'>9.</span> 
     </span>
    </p>
   </div>
   <div class='ocr_carea' id='block_1_5' title="bbox 0 0 1584 4976">
    <p class='ocr_par' dir='ltr' id='par_1_12' title="bbox 0 0 1584 4976">
     <span class='ocr_line' id='line_1_47' title="bbox 0 0 1584 4976; baseline 0 0"><span class='ocrx_word' id='word_1_538' title='bbox 0 0 1584 4976; x_wconf 95' lang='lat' dir='ltr'> </span> 
     </span>
    </p>
   </div>
  </div>
 </body>
</html>
