3128 4972
685 457 897 518 ..40-

578 661 752 756 Εύσεγίίου
785 667 1007 764 Καισαρείας

407 803 529 899 Περὶ
565 804 645 896 της
681 803 761 873 σου
796 797 954 892 πάσχα
991 803 1173 900 ἑορτης.

275 989 305 1047 8.
329 980 427 1061 Πλίγνι
447 983 498 1043 τοῦ
518 979 746 1061 θεοηιλεστάτου
762 979 902 1063 βασιλίοις
919 979 1008 1060 μίσου
1024 981 1076 1060 τῆς
1090 977 1175 1060 άγίας
1188 979 1308 1043 συνόδου
1323 1005 1393 1061 προ-

187 1109 400 1188 καθεζομένου,
422 1108 462 1178 ὡς
479 1104 555 1190 ἤχθη
573 1107 613 1178 είς
630 1107 716 1187 μίοον
733 1106 766 1171 τὸ
785 1103 848 1188 περὶ
867 1109 918 1171 τοῦ
941 1107 1040 1190 πάσχα
1066 1107 1188 1188 ζήτημα,
1210 1107 1318 1189 ἐλίγετο
1341 1105 1393 1188 μίν

188 1233 244 1300 ὅσα
265 1231 314 1299 καί
337 1235 457 1316 ε’λίγετο·
481 1235 652 1299 ἐπλεονέκτει
673 1231 703 1298 θλ
725 1238 764 1314 τῷ
788 1235 895 1317 πλήθει
915 1239 972 1298 τῶν
995 1235 1156 1299 ἐπισκόπων
1179 1235 1194 1316 ίγ
1217 1237 1393 1316 τριπλασίων

186 1372 275 1445 μοῖρα
288 1367 338 1444 της
353 1361 420 1445 ὅλης
433 1364 595 1444 οίκουμίνης
607 1363 749 1444 ίτίρωθεν
762 1361 955 1428 ἀντιτείνουσα
970 1373 1028 1434 τοῖς
1039 1365 1088 1445 της
1100 1363 1257 1444 ἀνατολῆς·
1272 1362 1392 1446 άρκτοῖοι

187 1489 241 1573 γάρ
266 1492 339 1572 ὁμοῦ
361 1488 410 1555 καί
432 1490 606 1576 μεσημβρινὰ
629 1485 679 1555 καί
701 1490 737 1554 τά
761 1490 838 1554 κατὰ
860 1491 965 1555 θίοντα
989 1489 1066 1573 ἥλιον
1088 1491 1159 1571 ἔθνη
1182 1495 1216 1573 τῇ
1238 1491 1391 1575 συμσοινίητ

189 1619 363 1702 φραξάμινα
387 1619 435 1702 τίγν
454 1619 583 1684 ἐναντίαν
600 1620 736 1685 άνθεῖλιιε
759 1629 819 1692 τοῖς
839 1625 889 1702 της
911 1619 986 1690 ἐάας
1006 1617 1055 1701 τίμ
1078 1617 1206 1683 παλαιάν
1227 1623 1391 1684 θιεκθαιοῖισι

187 1747 359 1830 συνήθειαν·
377 1749 458 1820 τέλος
475 1747 502 1812 θλ
522 1749 607 1832 λόγον
624 1750 703 1824 εἶξαν
721 1747 748 1812 οί
762 1747 938 1812 άνατολικοί·
955 1741 1004 1811 καί
1018 1743 1093 1810 οὕτω
1105 1747 1158 1829 μία
1174 1753 1303 1831 Χριστοῦ
1317 1747 1391 1831 γε’γο·

186 1901 232 1939 νεν
252 1876 347 1958 ἑορτή·
370 1872 419 1939 καὶ
443 1875 518 1939 οὗτοι
541 1879 597 1938 τῶν
618 1873 669 1956 μὲν
691 1877 880 1958 κυριοκτάνων
904 1875 1082 1957 άπίστησαν,
1104 1885 1164 1948 τοῖς
1187 1873 1216 1939 θί
1240 1876 1391 1956 ὁμοδόξους

185 2002 390 2084 συνηηιθησαν·
414 2003 532 2084 ηηίσις
550 2002 604 2086 γὰρ
622 2003 694 2067 ἕλκει
712 2002 749 2066 τά
767 2001 853 2085 ὅμοια
875 2003 949 2085 πρὸς
971 2001 1008 2066 τά
1034 2000 1133 2084 ὅμοια·
1155 2004 1181 2068 εί
1201 2004 1234 2067 θί
1253 2028 1294 2075 τις
1316 2000 1390 2068 είποι

186 2129 225 2200 ὡς
244 2125 304 2212 άρα
323 2131 509 2213 γίγραπταθ,
532 2137 565 2212 τι]
584 2130 683 2212 πρώτη
702 2130 793 2215 ημίρμ
811 2135 867 2194 τῶν
886 2131 1002 2212 ἀζύμων
1020 2132 1235 2214 προσελθόντες
1251 2131 1277 2195 οί
1291 2141 1393 2214 μαθη-Ι

185 2253 233 2321 ταὶ
251 2258 330 2322 είπον
350 2265 388 2337 τῷ
406 2265 525 2340 σωτῆρι,
547 2264 603 2323 ποῦ
622 2261 718 2330 θίλεις
736 2260 923 2340 ίτοιμοίσομίν
941 2285 985 2324 σοι
1004 2269 1104 2342 φαγεῖν
1121 2258 1155 2323 τὸ
1177 2259 1277 2342 πάσχα
1284 2287 1295 2334 ,·
1319 2261 1334 2325 ὁ
1359 2258 1389 2325 δὲ

185 2386 258 2467 πρὸς
281 2386 331 2452 τὸν
353 2393 430 2452 θείνει
454 2389 602 2452 άπίστειλε
626 2389 822 2470 παραγγειλας
845 2389 945 2462 εἰπεῖν,
970 2387 1044 2470 πρὸς
1068 2385 1099 2452 σὲ
1122 2392 1195 2451 ποιῶ
1220 2387 1252 2452 τὸ
1277 2389 1388 2471 πάσχα,

185 2516 302 2596 ἐροῦμεν
324 2515 368 2580 ὅτι
390 2521 475 2600 τουτο
498 2517 688 2598 παράγγελμα
711 2515 761 2579 οὐκ
784 2516 870 2590 ἔστιν,
893 2515 961 2580 ἀλλ’
987 2516 1099 2598 ἱστορία
1123 2516 1295 2599 πράγματος
1319 2544 1387 2598 συμ-

183 2643 335 2726 βεβηκότος
361 2643 439 2708 κατά
463 2643 512 2708 τὸν
539 2647 590 2708 του
619 2643 759 2738 σωτηρίου
785 2644 907 2715 πάθους
934 2645 1046 2726 καιρόν·
1074 2643 1170 2726 ἕτερον
1195 2645 1228 2709 θί
1253 2645 1326 2710 ε’στιν
1351 2645 1386 2710 τὸ

185 2770 314 2835 παλαιάν
332 2775 435 2852 πρᾶξιν
452 2775 625 2853 διηγεῖσθαι,
645 2767 693 2834 καί
712 2771 806 2853 ἕτερον
824 2771 857 2835 τὸ
874 2782 1043 2852 νομοθετεῖν
1058 2769 1106 2837 καί
1123 2784 1183 2845 τοῖς
1199 2773 1273 2855 μετά
1290 2779 1386 2839 ταῦτα

185 2899 381 2982 παραγγελίας
398 2899 630 2980 καταλιμπάνειν.

270 3035 301 3096 9.
325 3027 417 3092 Ἀλλά
436 3023 485 3092 καί
502 3030 518 3092 ὁ
537 3026 631 3109 σοιτίγρ
649 3026 683 3092 οίι
703 3025 776 3108 μετά
794 3025 940 3091 Ἰοιθαίοιν
962 3027 1106 3093 ίπετίλεσε
1128 3027 1162 3092 τὸ
1184 3029 1284 3112 πάσχα
1308 3027 1386 3092 κατά

182 3155 231 3221 τὸν
253 3157 352 3239 καιρὸν
370 3161 420 3221 τοῦ
439 3156 509 3222 ἰδίου
527 3157 661 3227 πάθους·
685 3155 717 3220 οίΙ
737 3154 790 3238 γὰρ
810 3152 856 3219 ὅτε
874 3155 964 3220 ἔθυον
982 3155 1079 3219 ἐκείνοι
1095 3155 1129 3220 τὸ
1146 3156 1302 3242 πρόβατον,
1321 3156 1386 3220 τότε

183 3279 231 3346 καὶ
250 3283 338 3355 αὐτὸς
355 3283 428 3366 μετά
446 3288 502 3348 τῶν
520 3283 609 3348 αὐτοῦ
626 3287 770 3365 μαθητῶν
787 3282 820 3348 τὸ
838 3284 942 3348 ἑαυτοῦ
964 3281 1050 3368 ἤγαγε
1072 3285 1186 3368 πάσχα·
1210 3285 1236 3350 οί
1257 3281 1308 3366 μίν
1330 3282 1385 3368 γάρ

183 3409 260 3474 κατά
279 3409 327 3491 την
345 3410 529 3494 παρασκευὴν
548 3413 575 3475 ἕν
593 3406 609 3492 ᾗ
629 3413 776 3477 πίπονθεν
793 3413 809 3477 ὁ
829 3411 922 3495 σωιίγρ
940 3413 1021 3476 τοῦτ’
1047 3409 1203 3496 ἔπραττον·
1226 3411 1297 3476 ὅθεν
1320 3409 1384 3476 οὐδὲ

142 3570 147 3576 ·
180 3538 319 3619 εἰσῆλθον
337 3539 377 3608 είς
396 3537 427 3602 τὸ
445 3539 633 3620 πραιτώριον,
656 3537 722 3603 ἀλλ’
744 3540 759 3603 ὁ
780 3541 912 3611 Πιλάτος
933 3539 1006 3623 πρὸς
1030 3541 1136 3613 αὐτοὺς
1160 3539 1272 3618 ἔξεισιν·
1295 3539 1385 3612 αὐτὸς

180 3663 211 3729 δὲ
229 3663 286 3748 πρὸ
306 3663 372 3746 ὅλης
391 3666 497 3748 ίγμίρας
517 3669 550 3747 τῇ
573 3667 686 3746 πίμπτη
706 3670 756 3729 τοῦ
780 3668 928 3752 σαββάτου
951 3679 1011 3739 τοῖς
1032 3678 1184 3750 μαθηταῖς
1207 3670 1384 3732 συνανίκειτο

180 3790 229 3857 καί
247 3793 408 3858 συνεσθίειν
426 3791 524 3864 αὐτοῖς
542 3791 643 3874 ἔλεγεν,
662 3793 803 3876 ἐπιθυμίᾳ
822 3793 993 3874 ἐπεθύμησα
1011 3798 1096 3858 τοῦτο
1115 3795 1148 3859 τὸ
1165 3795 1265 3879 πάσχα
1283 3807 1383 3878 φαγεῖν

178 3921 250 4002 μεθ’
267 3923 359 4001 ὑμῶν·
377 3922 451 4005 ὁρᾷς
467 3918 547 3992 ὅπως
565 3921 580 3984 ὁ
599 3919 692 4002 σωτὴρ
706 3921 739 3985 οὐ
751 3921 824 4002 μετὰ
836 3921 981 3985 Ἰουδαίων
996 3920 1029 3985 τὸ
1041 3921 1141 4004 πάσχα
1157 3919 1273 4002 ἧσθιενς
1292 3921 1383 4004 ε’πειθίγ

179 4050 276 4114 καινὸν
294 4043 326 4132 ἦν
344 4049 430 4113 ε’κεῖνο
448 4045 497 4113 καί
515 4051 621 4126 ξενίζον
639 4049 721 4132 παρά
740 4048 777 4112 τά
795 4050 907 4128 συνήθη
925 4044 974 4112 καί
990 4047 1121 4114 ίουθαῖκά
1139 4047 1204 4128 ἔθη,
1219 4047 1382 4131 άναγιιαίτος

267 4243 275 4274 ¹
296 4271 326 4294 =
344 4253 455 4306 autem.

266 4329 406 4391 ’Μαίη
424 4336 475 4406 τε,
494 4329 591 4409 17sq.
