3160 4976
133 417 182 486 70

126 590 293 666 ύπεξιοῦσιν
308 597 406 678 εὐχάς
418 601 468 659 καί
482 595 599 668 δεησεις
612 589 880 681 γίνεσθαί-ἤτοι
893 599 968 680 ὑπὲρ
981 606 1042 658 τῶν
1052 599 1081 656 ἐν
1091 595 1210 681 φυλακῇ
1223 615 1322 657 κατα-

126 702 365 786 ειμωρηθέντων
390 711 439 765 καί
464 704 694 788 προδεδομένων
724 709 781 767 ύπό
811 703 898 786 λιμού
928 710 978 764 καί
1008 701 1133 784 δίψους,
1159 707 1225 773 ἤτοι
1248 707 1321 786 ὑπὲρ

128 819 186 870 τῶν
215 807 332 885 ἔξωθεν
357 823 413 881 τῆς
437 811 577 898 φυλακῆς
606 817 652 874 ini
677 823 730 876 τού
761 813 955 897 δικαστηρίου
979 807 1320 893 καταβασανισθέντων

125 921 183 978 ύπό
200 931 256 988 τῆς
273 918 443 990 ἀσθενείας
459 933 516 990 τῆς
536 926 649 1004 σαρκός
670 955 709 965 -
727 916 810 993 άξιόν
834 922 913 980 ἐστιν
937 921 1100 980 ἐπινεῦσαι.
1127 921 1319 1000 συμπάσχειν

125 1029 186 1109 γάρ
204 1032 254 1087 καί
270 1025 430 1110 συναλγεῖν
447 1039 512 1098 τοῖς
528 1027 724 1112 ὀδυρομένοις
748 1030 799 1087 καί
824 1011 1020 1101 στενάζουσιν
1044 1029 1119 1110 ὑπὲρ
1145 1037 1205 1087 τῶν
1230 1029 1259 1086 ἐν
1275 1033 1318 1104 τῷ
1353 1039 1367 1078 ⁵

125 1134 223 1215 ἀγῶνι
247 1133 445 1204 ἡττηθέντων
463 1139 521 1197 ὑπό
544 1147 600 1206 τῆς
624 1135 737 1206 πολλῆς
754 1133 828 1218 βίας
853 1143 909 1196 τού
925 1138 1147 1217 κακομηχάνου
1172 1131 1318 1215 διαβόλου

123 1244 188 1310 ἤτοι
206 1243 279 1325 ὑπὲρ
304 1246 419 1324 γονέων
450 1247 468 1311 ἢ
497 1241 638 1329 ἀδελφῶν
670 1249 689 1316 ἢ
714 1245 823 1305 τέκνων
849 1240 959 1304 οὐδένα
984 1240 1068 1302 οὐδέν
1093 1240 1315 1324 καταβλάπτει.

123 1353 207 1430 ἴομεν
232 1354 293 1433 γάρ
318 1355 367 1410 καί
385 1347 423 1410 δι’
448 1354 557 1432 έτέρων
582 1357 678 1412 πίστιν
705 1351 947 1420 ἀπολαύσαντας
970 1369 1058 1418 τινας
1082 1361 1138 1419 τῆς
1163 1359 1216 1410 τοῦ
1239 1349 1316 1410 θεοῦ

124 1457 328 1539 ἀγαθότητος
353 1459 401 1518 έπί
424 1477 455 1517 τε
480 1459 586 1542 ἀφέσει
613 1461 774 1544 ἁμαρτιῶν
803 1465 853 1520 καί
877 1461 967 1541 ὑγεία
992 1460 1138 1538 σώματος
1161 1459 1212 1517 καί
1236 1437 1318 1518 άνα-

124 1568 228 1626 στάσει
252 1575 374 1649 νεκρῶν.
399 1569 585 1648 μεμνημένοι
614 1569 713 1627 τοίνυν
738 1578 799 1629 τῶν
831 1565 948 1628 πολλῶν
974 1568 1076 1627 αὐτῶν
1103 1569 1251 1646 καμάτων
1276 1565 1317 1625 ὧν
1339 1587 1367 1623 ιο

123 1679 355 1756 προύπηνεγκαν
379 1677 409 1733 έν
427 1675 552 1751 όνόματι
568 1663 696 1757 χριστοῦ
720 1681 770 1734 καί
786 1684 846 1735 τῶν
864 1671 1091 1754 τανταλισμῶν,
1110 1676 1143 1734 ού
1160 1681 1220 1755 μὴν
1238 1673 1316 1736 ἀλλά

123 1786 174 1841 καί
211 1791 271 1841 τῶν
302 1785 515 1866 μεταγνόντων
549 1784 650 1842 αὐτῶν
680 1787 731 1842 καί
765 1779 1004 1865 ἀποδυρομένων
1033 1784 1067 1840 τό
1104 1787 1317 1864 πεπραγμένον

124 1892 229 1958 αὐτοῖς
251 1895 332 1950 κατὰ
349 1888 515 1974 προδοσίαν
540 1892 570 1950 έν
593 1889 701 1978 ἀτονία
723 1897 774 1950 καί
791 1893 942 1972 νεκρότητι
967 1889 1020 1950 τοῦ
1045 1893 1209 1969 σώματος,
1226 1892 1268 1949 έτι
1285 1909 1318 1950 τε

120 2003 170 2058 καί
193 2003 475 2080 μεμαρτυρημένων
489 1996 704 2059 εὐπολιτεύτων
729 2003 897 2079 γενομένων
922 1999 951 2058 έν
976 2004 1021 2075 τῷ
1046 1994 1106 2079 βίῳ
1132 1999 1234 2057 αὐτῶν
1258 2015 1317 2054 συ-

121 2101 342 2189 νε[υ]χόμεθα
366 2107 416 2165 καί
441 2103 740 2188 συμπαρακαλοῡμεν
765 2108 837 2190 ύπέρ
863 2105 993 2187 ἱλασμοῦ
1023 2107 1124 2166 αὐτῶν
1154 2107 1232 2184 μετά
1257 2113 1318 2163 τῶν
1338 2123 1365 2162 ιε

122 2211 222 2274 ἀλλων
245 2212 447 2282 καθηκόντων
471 2210 521 2272 διά
546 2221 600 2272 τού
627 2217 785 2295 γινομένου
809 2216 883 2296 ὑπὲρ
907 2217 995 2294 ἡμῶν
1018 2209 1217 2296 παρακλητου
1240 2215 1318 2292 πρός

123 2324 172 2380 τόν
189 2325 310 2404 πατέρα
336 2319 533 2402 ίλασκομένου
550 2330 620 2390 ταῖς
644 2320 814 2403 ἁμαρτίαις
837 2325 936 2401 ἡμῶν.
963 2323 1016 2382 έάν
1038 2341 1083 2390 τις
1111 2323 1186 2404 γάρ,
1214 2325 1316 2405 μησίν,

122 2429 260 2512 ἁμάρτῃ,
277 2426 471 2512 παράκλητον
488 2431 598 2509 ἔχομεν
617 2433 693 2511 πρός
710 2432 760 2488 τόν
777 2434 898 2511 πατέρα
914 2428 1033 2499 ’ίησούν
1047 2431 1171 2512 χριστόν
1190 2423 1316 2500 δίκαιον,

122 2542 171 2596 καί
190 2539 285 2606 αὐτὸς
302 2535 432 2618 ιλασμός
449 2539 527 2596 ἐστιν
544 2539 617 2619 ὑπὲρ
636 2547 696 2597 τῶν
715 2538 876 2620 ἁμαρτιῶν
893 2541 993 2617 ἡμῶν.

72 2633 105 2714 ιβ
123 2643 195 2713 Τοῖς
211 2648 272 2726 γάρ
291 2645 425 2728 ἀργύρια
442 2642 587 2704 δεδωκόσι
610 2648 687 2726 πρὸς
710 2647 744 2704 τό
768 2643 991 2728 άνενοχλὴτους
1008 2647 1120 2714 αὐτούς
1136 2647 1315 2704 παντάπασι
1336 2667 1365 2704 κο

122 2751 269 2832 γενέσθαι
293 2755 353 2814 ἀπό
376 2754 480 2820 πάσης
503 2756 628 2829 κακίας,
654 2755 705 2813 ούκ
728 2753 805 2811 έστιν
829 2751 966 2834 ἔγκλημα
990 2755 1167 2834 προσάγειν.
1203 2753 1316 2831 ζημίαν

121 2864 183 2941 γοὶρ
205 2864 255 2920 καί
278 2859 431 2921 ἀπώλειαν
453 2863 624 2944 χρημάτων
646 2863 828 2942 ὑπηνεγκοιν,
858 2861 966 2940 ἵναμὴ
989 2867 1042 2927 τὴν
1068 2859 1171 2942 ψυχὴν
1196 2862 1315 2918 ἑαυτῶν

122 2967 323 3048 ζημιωθῶσιν
347 2971 365 3036 ἢ
391 2966 596 3044 ἀπολέσωσιν,
628 2969 699 3052 ὅπερ
729 2967 812 3030 ἄλλοι
835 2965 901 3028 κατ’
926 2965 1175 3050 αἰσχροκέρδειαν
1200 2969 1233 3026 ου’
1256 2987 1314 3025 πε-

121 3080 274 3153 ποιήκασι,
298 3081 430 3158 καίτοιγε
454 3082 506 3135 τοῦ
528 3079 630 3159 κυρίου
648 3073 805 3158 λέγοντος·
831 3082 858 3137 τί
881 3079 943 3158 γάρ
960 3073 1107 3161 ὼρελησει
1132 3073 1316 3156 ἅνθρωπος,

120 3183 173 3243 έάν
197 3185 247 3242 τόν
270 3186 382 3263 κόσμον
405 3181 471 3245 ὅλον
494 3180 643 3266 κερδήσῃ,
668 3189 721 3251 τὴν
749 3181 781 3244 δέ
798 3185 899 3265 ψυχὴν
919 3185 1014 3244 αὐτοῦ
1032 3183 1180 3264 ζημιωθῇ
1197 3187 1215 3252 ἢ
1234 3184 1314 3243 ἀπο·
1336 3203 1364 3242 οε

119 3288 210 3372 λέση;
235 3296 284 3351 καί
302 3294 345 3351 ότι
363 3293 397 3350 ου’
414 3289 553 3351 δύνασθε
578 3291 646 3368 θεῷ
664 3289 812 3353 δουλεύειν
838 3297 887 3352 καί
905 3297 1053 3372 μαμωνᾷ.
1078 3294 1238 3376 ίράνησαν
1254 3293 1316 3372 γάρ

119 3396 193 3481 παρ’
211 3401 339 3466 ἐκείνους
356 3405 400 3475 τῷ
419 3397 487 3475 θεῷ
506 3395 712 3476 δουλεύοντες,
737 3403 777 3459 τά
800 3399 934 3482 ἀργύρια
951 3404 1137 3479 μισήσαντες
1153 3404 1202 3459 καί
1218 3419 1317 3458 κατα-

202 3523 211 3560 1
223 3517 383 3569 ύπιξουειοόοιν
390 3533 412 3570 p,
422 3519 542 3569 ίπαξιούειν
551 3523 654 3563 suasim.
665 3541 692 3552 ·-·
701 3525 713 3562 2
721 3521 930 3577 προδιδομίνωνίίρ.
943 3543 970 3553 -
979 3525 991 3564 ³
1000 3521 1063 3576 δίψης
1071 3533 1106 3572 pz,
1120 3523 1229 3560 Routhius
1242 3515 1318 3572 δίψους

120 3594 221 3635 testatius
230 3594 639 3645 οιιοπυειοιεε1.-μοε1κιιτιιβ.ίίμι
652 3592 688 3634 διό
696 3592 810 3649 ξυοτήρων
823 3597 858 3636 aei
870 3595 990 3649 μαστίγων,
1002 3591 1091 3648 impe
1101 3589 1318 3647 δίήττηίίέντων.-

118 3667 131 3706 ί)
141 3666 232 3718 τῷινρ.
246 3687 269 3695 --
281 3668 293 3706 9
304 3663 350 3705 έπεί
360 3675 384 3705 τι
392 3667 422 3706 Μ.
430 3684 455 3694 -·
462 3669 485 3706 11
494 3665 532 3705 τού
539 3666 628 3720 χριστοῦ
636 3679 671 3717 με,
680 3669 700 3707 R
710 3671 829 3710 articulum
840 3681 878 3708 sex
890 3671 997 3708 librorum
1009 3669 1177 3707 bodieienorum
1186 3667 1318 3706 auctoritate

120 3740 191 3778 fretus
200 3739 291 3779 delevit.
298 3733 516 3790 -ταλανεομὼνίὶμ
524 3735 708 3790 -Ιέτῶνινίεμ
717 3742 832 3780 -·1111ύτί
841 3741 952 3780 bodleiani
959 3743 1061 3790 plerique
1069 3733 1318 3790 ειιῑμεμσρτυρημὲνων

119 3815 158 3850 nui
168 3810 387 3865 μεμαρτυρσυμένων,
402 3811 442 3851 ned
457 3812 640 3850 nwlinsonianus
651 3813 690 3852 6²5
702 3812 875 3868 μαρτυρημένων
889 3818 955 3862 eique
965 3815 996 3850 ίιει
1010 3813 1063 3850 oiim
1076 3813 1142 3850 eiiun
1158 3811 1218 3850 bodl.
1230 3811 1264 3858 28,
1278 3810 1316 3848 ubi

119 3893 177 3920 nunc
188 3883 274 3930 syllaba
285 3895 311 3935 με
322 3889 445 3923 atramento
455 3884 580 3922 recentiore
591 3882 680 3934 edjecte
689 3885 794 3923 hebetur.
802 3881 1014 3938 μεμαρτυρουμίνων
1024 3883 1126 3922 ediditii.
1135 3867 1318 3936 μαρτυρουμένων

118 3963 153 4002 με,
162 3953 223 3992 bodl.
231 3955 278 3994 205.
290 3951 472 3994 -έπολιτεύτων
478 3965 514 4004 pz,
525 3965 575 3992 eum
582 3956 710 3993 monacensi
719 3956 804 3994 fuciunt
811 3957 864 3994 iibri
872 3955 985 3994 bodleiani
993 3956 1097 4004 quinquo,
1108 3955 1171 3992 abest
1182 3964 1225 3992 vox
1234 3963 1247 3992 ε
1255 3953 1316 3992 bodi.

120 4025 166 4064 158.
178 4027 248 4064 -14,
262 4027 287 4065 15
299 4023 449 4079 σονευχόμεδα
459 4027 502 4076 Rp.
517 4045 544 4055 -
556 4028 580 4066 16
591 4023 709 4080 γενομένου
719 4028 761 4076 ίίμ.
772 4045 798 4055 -
810 4029 833 4065 li
845 4027 881 4066 καί
892 4024 927 4065 iii
939 4027 981 4076 Rp.
998 4025 1168 4064 -18Johenn.
1180 4026 1191 4062 1
1202 4026 1217 4063 ii
1229 4025 1278 4072 1,1.
1291 4043 1317 4052 -

119 4094 201 4148 πρότεν
211 4109 233 4146 p.
245 4113 271 4125 ·-
284 4098 311 4136 20
319 4109 332 4136 ιι
343 4099 461 4156 ύοιίΙοίειιο
472 4099 499 4138 86
510 4110 579 4138 ωιιιοιι
588 4099 632 4138 xil
640 4103 662 4137 ei
669 4101 707 4147 qui
718 4105 843 4148 sequuntur
852 4100 941 4138 abeunt.
950 4099 1006 4137 -21
1016 4096 1055 4137 ύπό
1065 4107 1087 4135 π,
1095 4109 1130 4146 pz,
1140 4107 1190 4136 cum
1196 4107 1317 4136 montem

118 4170 262 4208 consentiunt
271 4171 379 4209 nenieuus
390 4177 412 4210 et
423 4171 544 4211 bodleiani.
557 4173 614 4210 -23
623 4169 726 4221 τατάίίμ.
738 4188 764 4200 -·
772 4173 799 4210 ⁶24
808 4171 877 4210 hiere.
888 4172 928 4209 viii
939 4172 972 4210 36.
985 4189 1010 4200 -
1020 4175 1069 4210 eret
1078 4181 1146 4219 quum
1157 4171 1267 4209 Reuiitiue
1278 4173 1318 4209 eui

117 4237 232 4290 ἂνθρωπον
248 4245 286 4280 nui
300 4238 422 4293 ὠφελεῖται
436 4244 504 4282 scribi
520 4247 594 4292 vellet,
610 4245 650 4284 eed
665 4245 689 4283 in
703 4253 812 4283 consensu
831 4245 941 4282 librorum
960 4245 1015 4282 nihii
1037 4243 1174 4282 mutandum.
1194 4241 1276 4282 Petrus
1296 4244 1316 4281 ιι1

117 4315 257 4363 scripsisset:
275 4312 295 4352 τί
305 4311 384 4366 ὄφελος
394 4313 525 4369 ἀνθρώπους
541 4318 600 4356 idem
611 4318 712 4357 dixisset.
725 4333 751 4344 -·
761 4318 787 4354 26
798 4316 874 4354 Mettis.
886 4317 909 4354 νί
919 4317 953 4355 24.
966 4335 992 4344 -—
1003 4313 1114 4369 μαμμωνᾷ
1129 4315 1171 4365 Rp.
1186 4335 1213 4344 -—
1224 4316 1249 4353 ²³
1264 4316 1314 4367 παρ’

118 4381 209 4423 ἐκείνων
224 4386 332 4424 πευΙειιυι
344 4386 464 4437 (ίιιίίειιιίύ,
481 4391 529 4438 παρ’
542 4385 624 4427 inem
640 4390 833 4437 rewiineonienue,
849 4388 897 4440 παρ’
911 4387 1001 4430 intem:
1014 4399 1042 4437 με
1058 4391 1080 4425 ei
1090 4387 1207 4434 Boethius,
1218 4387 1257 4436 qui
1267 4383 1315 4437 παρ’

118 4454 189 4494 έκεῖνο
204 4458 282 4498 euasit.
298 4459 399 4504 quemvis
413 4460 459 4506 legi
473 4471 486 4497 e
500 4459 633 4507 quibusdem
647 4461 696 4512 παρ’
713 4459 809 4502 ini-mee
823 4463 905 4499 sciret:
921 4461 1009 4498 scilieet
1022 4459 1076 4508 quiii
1091 4461 1151 4498 ossei
1165 4457 1222 4511 παρὰ
1236 4459 1316 4502 πάντας

118 4525 177 4572 κμυιί
192 4523 276 4563 Lucem
291 4527 331 4564 xiii
346 4529 358 4564 ii
373 4539 417 4566 non
432 4531 569 4568 meminerat.
590 4551 615 4560 -
634 4529 667 4582 τῷ
686 4531 781 4570 debetur
797 4532 922 4572 bodieienie
936 4536 960 4571 et
974 4534 1076 4578 mnino,
1093 4539 1118 4569 Ν
1131 4541 1167 4580 με.
1189 4549 1213 4558 -
1234 4529 1260 4568 τά
1275 4529 1314 4583 γάρ

121 4596 237 4632 annianus.
254 4613 280 4624 ·-
295 4607 339 4647 μισ.
355 4598 390 4636 καί
405 4599 594 4649 ισταπατὴοακτες
608 4601 645 4640 καί
660 4613 750 4654 καταορ.
769 4604 802 4651 Rp
818 4609 907 4651 praeter
922 4605 1018 4644 εούίτοε.
