3160 4976
1388 359 1435 430 31

245 535 278 594 τύ
305 534 407 614 ὄνομα
432 532 484 594 τού
515 529 676 616 κληρικοῡ,
707 531 945 615 καθαιρείσθω·
978 539 1173 612 μετανοήσας
1203 531 1248 612 δέ,
1271 536 1316 605 ὡς
1338 533 1443 606 λαίκύς

245 637 430 724 ύεχθήτω.“ι

245 745 283 808 Et
312 767 357 818 τις
389 730 549 818 ἐπίσκοπος
571 750 590 816 ή
616 746 865 832 πρεσβύτερος
848 773 866 816 η
893 744 1072 819 διάκονος
1054 771 1074 816 η
1098 745 1176 818 ὅλως
1197 769 1250 810 του
1235 749 1442 834 καταλόγου
1457 763 1498 835 ξς
1573 822 1574 827 ¹

245 854 297 915 τού
316 857 464 938 ἱερατικοῦ
489 857 574 940 φάγῃ
598 849 695 938 κρέαβ
725 858 755 916 ἐν
781 858 889 936 αἵματι
914 857 1017 937 ψυχῆς
1043 857 1139 917 αὐτοῦ
1162 859 1181 924 ή
1206 856 1441 941 θηριαλωτονή
1573 836 1574 839 ¹

213 960 450 1043 εθνησιμαῖονε
473 961 707 1047 καθαιρείσθω.
733 970 823 1024 τοῦτο
847 967 909 1047 γὰρ
934 964 950 1024 ύ
973 965 1067 1044 νύμος
1092 965 1228 1026 ἀπεῖπεν.
1247 966 1273 1025 εί
1289 962 1321 1026 δὲ
1338 964 1441 1036 λαῑκός

244 1070 307 1145 εἴη,
333 1069 544 1154 ἀροριζέσθω.

244 1176 283 1238 Εἴ
304 1197 350 1248 τις
373 1176 511 1262 κληρικύς
534 1177 648 1261 εύρεθή
685 1183 738 1248 τήν
762 1184 907 1264 κυριακήν
930 1183 1049 1263 ἡμέραν
1075 1185 1227 1252 νηστεύων
1251 1183 1270 1248 ή
1295 1185 1328 1242 τύ
1354 1180 1439 1264 σάβ-
1459 1177 1503 1249 ξδ

244 1281 342 1366 βατον
360 1283 435 1352 πλήν
459 1284 512 1346 τοῦ
536 1287 625 1355 ἐνύςε
648 1285 881 1370 καθαιρείσθω.
907 1289 933 1348 εί
962 1284 994 1348 δὲ
1018 1287 1143 1363 λαίκύς,
1169 1287 1381 1373 ἀροριζέσθω.

244 1387 281 1450 Et
294 1411 340 1460 τις
357 1388 493 1472 κληρικύς
509 1393 528 1459 ή
546 1389 648 1463 λαίκός
665 1392 834 1456 εἰσέλθοι
809 1415 852 1464 εις
869 1399 1055 1477 συναγωγήν
1072 1391 1229 1456 1ουδαίων
1246 1397 1265 1460 ή
1283 1398 1439 1478 αἰρετικῶν
1458 1397 1501 1468 ξε

201 1515 225 1553 ιο
243 1491 499 1579 προσεύξασθαιε
527 1498 748 1584 καθαιρείσθω
772 1509 822 1563 καί
846 1500 1060 1588 ἀροριζέσθω.

242 1603 282 1664 Εἰ
311 1625 357 1674 τις
384 1603 523 1689 κληρικύς
557 1609 586 1668 έν
619 1609 709 1690 μάχη
733 1613 801 1668 τινὰ
826 1614 959 1692 κρούσας
995 1608 1055 1677 οίπύ
1041 1611 1134 1668 ύτοῡ
1169 1611 1234 1680 ἐνὸς
1265 1611 1502 1694 κρούματοςξς

243 1709 420 1795 ἀποκτείνῃς
450 1713 671 1798 καθαιρείσθω
696 1712 760 1776 διὰ
772 1721 825 1785 τήν
849 1719 1029 1800 προπέτειαν
1055 1716 1160 1780 αὐτοῦ.
1187 1718 1240 1778 έάν
1267 1715 1299 1780 δέ
1323 1716 1407 1780 λαίκύ
1393 1721 1437 1796 ύς,

242 1819 477 1904 ὰροριζέσθω.1

241 1925 279 1986 Εἰ
300 1946 347 1996 τις
376 1928 532 2012 παρθένον
567 1931 772 2010 ἀμνήστευτον
795 1927 987 2012 ’βιασάμενος
1017 1932 1099 2013 ἔχει,
1139 1931 1352 2017 ἀροριζέσθω.
1393 1939 1435 2014 μὴ
1456 1930 1502 2003 ξζ

199 2055 223 2096 ιε
241 2027 349 2106 ἐξεῖναι
373 2032 406 2096 δὲ
437 2038 522 2114 αὐτῷ
546 2039 652 2121 ἑτέραν
676 2035 859 2119 λαμβάνειν,
891 2035 957 2099 ἀλλ’
988 2037 1099 2108 ἐκείνην
1128 2043 1267 2122 κατέχειν
1298 2043 1334 2110 ἣν
1364 2045 1437 2124 ᾑρε-

240 2145 366 2219 τίσατο,
389 2143 445 2204 κᾶν
470 2148 600 2228 πενιχροί
624 2136 806 2227 τυηχοίνη.δ

240 2245 278 2308 Et
297 2270 343 2320 τις
367 2252 526 2322 ἐπίσκοπος
565 2255 584 2322 ή
609 2250 816 2335 πρεσβύτερος
850 2255 869 2320 ἢ
903 2249 1042 2324 διάκονος
1068 2251 1212 2338 δευτέραν
1244 2260 1435 2339 χειροτονίαν
1456 2270 1496 2342 ρη
1572 2326 1573 2334 ¹

239 2351 357 2430 δέξεται
381 2362 469 2440 παρὰ
493 2362 588 2430 τινύςτ
618 2358 841 2442 καθαιρείσθω
871 2364 922 2419 καί
952 2361 1044 2430 αὐτὸς
1074 2367 1124 2421 καί
1159 2362 1174 2422 ύ
1202 2368 1434 2446 χειροτονήσας,

238 2467 264 2524 εί
285 2470 365 2548 μήγε
389 2467 454 2549 ἄρα
478 2471 606 2534 συσταίη
632 2467 676 2526 ὅτι
701 2469 790 2550 παρὰ
816 2468 972 2548 αἰρετικών
990 2469 1053 2550 ἔχει
1068 2475 1121 2535 τήν
1138 2472 1340 2552 χειροτονίαν.
1363 2475 1436 2540 τοὺς

194 2595 221 2634 κο
238 2574 300 2656 γὰρ
316 2576 403 2656 παρὰ
421 2579 637 2638 τῶντοιούτων
654 2570 892 2654 βαπτισθέντας
905 2575 924 2641 ή
937 2573 1218 2658 χειροτονηθέντας
1230 2576 1297 2635 ούτε
1313 2581 1438 2647 πιστούς

238 2681 306 2740 οὔτε
329 2678 485 2765 κληρικούς
507 2681 582 2744 εἶναι
607 2679 771 2744 δυνατόν·

328 2805 361 2874 α)
382 2807 457 2866 Ζήεει
475 2801 523 2866 της
536 2804 563 2857 ίν
576 2806 673 2875 Νικαίορ
685 2806 729 2858 τύν
744 2823 771 2857 ια
784 2809 827 2858 καί
840 2808 885 2858 τίν
899 2804 928 2876 ιβ
941 2809 984 2858 καί
997 2807 1058 2865 τούς
1076 2804 1141 2876 παρ’
1154 2803 1240 2858 αὐτῶν
1253 2806 1438 2874 ζητουμένους,

327 2890 361 2962 β)
381 2897 410 2945 in
435 2898 552 2962 margine
571 2898 703 2948 inferiori:
728 2895 812 2947 Τοῦτο
831 2894 889 2966 περί
912 2900 964 2946 τῶν
991 2894 1137 2946 ίσθιύντων
1154 2897 1183 2946 τύ
1204 2889 1269 2962 αἷμα
1286 2900 1339 2947 τῶν
1359 2897 1437 2958 ζώων

239 2983 329 3052 ρησίν,
343 2980 357 3034 δ
371 2981 397 3034 ε’ν
410 2988 463 3043 τοῖς
476 2981 587 3056 ἐντέροις
600 2985 665 3053 μετὰ
676 2985 705 3036 τύ
719 2981 821 3054 σροίξαι
834 2983 903 3036 αύτά
917 2983 1093 3054 ἐμβάλλοντες
1106 2982 1281 3054 έσθίουσι[ν].
1295 2984 1371 3054 ψυχή
1385 2985 1437 3056 γὰρ

238 3075 315 3123 τοῦτο
328 3076 375 3124 τοῦ
388 3075 498 3134 κτήνους
511 3073 652 3140 λογίζεται.
666 3077 709 3126 καί
723 3071 816 3134 ἁπλῶς
828 3077 872 3126 καὶ
886 3075 1007 3144 περὶτῶν
1022 3077 1134 3125 πνικτῶν
1154 3073 1231 3140 λεήει.

330 3162 362 3230 η)
382 3167 514 3229 sequitur:
529 3163 648 3232 Σχύλιον.
663 3161 695 3215 Εἰ
707 3161 734 3215 δὲ
748 3166 784 3230 μή
799 3164 918 3234 φονεύσει
932 3163 1013 3234 κρούσ
1022 3199 1108 3214 .....
1127 3164 1170 3212 καί
1184 3161 1309 3228 μαλιστα·
1324 3162 1346 3214 εί
1359 3161 1387 3215 oi
1401 3166 1437 3230 μή

240 3247 329 3314 ἅπαξ,
348 3249 480 3302 ἀλλὰκαὶ
500 3251 627 3310 πολλάκις
646 3252 765 3323 κρούσει,
785 3254 831 3303 τού
850 3255 881 3316 κζ
902 3252 1010 3310 κανόνος
1023 3252 1067 3302 τύν
1081 3252 1124 3302 καί
1137 3249 1229 3310 ἁπλῶς
1242 3251 1372 3304 τύπτοντα
1385 3251 1433 3304 κᾶν

238 3343 274 3408 μὴ
294 3339 399 3409 πατάξῃ
417 3343 624 3412 καθαιροῦντος·
645 3339 715 3393 ἐστίν
739 3335 784 3392 οὖν
802 3340 882 3394 εἰπεῖν
902 3338 940 3400 ὡς
959 3339 1005 3392 ούκ
1025 3337 1218 3392 ἐναντιοῦνται·
1244 3339 1310 3392 ἄλλο
1330 3343 1382 3414 ηάρ
1400 3345 1430 3394 τύ

241 3428 332 3482 ίκύντα
344 3429 388 3481 καί
402 3431 450 3480 σύν
468 3427 603 3500 αὐθαδείᾳ
622 3430 726 3482 τύπτειν
746 3432 790 3482 καί
809 3429 876 3482 ἄλλο
896 3435 925 3482 τὸ
939 3431 1016 3499 μάχη
1031 3430 1199 3498 συντυχύντα
1211 3433 1254 3483 καί
1269 3429 1296 3500 εἐι
1310 3433 1436 3503 περιστά-

241 3517 338 3580 σεωςῆ
352 3521 395 3571 καί
409 3517 571 3587 ἀμυνόμενον
585 3519 623 3579 εἰς
635 3522 664 3571 τύ
678 3520 804 3580 πολλάκις
818 3523 930 3592 κροῦσαι
951 3521 1155 3588 συνενεχθῆναι.

332 3607 362 3680 δ)
383 3607 432 3680 ὅρα
450 3613 496 3670 τῆς
509 3609 537 3660 ἐν
555 3607 672 3680 Ἀ’ρκύρᾳ
684 3611 782 3662 κανόνα
795 3628 832 3662 ια.

332 3703 359 3770 ε)
379 3705 425 3761 τῆς
444 3698 471 3751 έν
490 3699 650 3771 Καρθαηένη
669 3717 711 3752 κα.
730 3719 776 3766 μη.
796 3703 914 3768 sequitur
932 3709 993 3766 post
1011 3698 1136 3752 ύυνατύνι
1157 3700 1277 3768 Σχύλιον.
1297 3701 1357 3751 Ὅτι
1374 3701 1437 3758 τούς

241 3791 313 3862 παρὰ
335 3787 471 3861 αἱρετικῶν
494 3789 728 3860 χειροτονηθέντας
749 3789 978 3862 ἀναχειροτονείό
999 3791 1085 3842 κανὼν
1105 3783 1182 3848 οὗτος
1200 3791 1247 3849 τήν
1269 3789 1434 3859 χειροτονίαν

324 3903 337 3940 1
358 3896 423 3952 κρέας
438 3899 476 3948 Cr,
492 3896 546 3952 κρέα
561 3910 580 3938 α.
596 3921 622 3928 -
638 3901 650 3940 ύ
664 3899 700 3939 καί
714 3903 767 3950 post
780 3897 820 3954 ηᾶρ
835 3901 898 3940 addit
911 3899 937 3940 C.
953 3919 979 3928 —
994 3895 1030 3938 ἐὰν
1044 3909 1085 3948 pro
1101 3897 1120 3936 τί
1134 3895 1197 3935 0.-
1212 3896 1225 3934 6
1239 3893 1254 3954 ᾖ
1269 3905 1310 3945 pro
1325 3894 1360 3948 τίη
1375 3895 1438 3936 C.-

242 3972 253 4011 ί
270 3967 351 4026 εύρὶύη
361 3973 391 4022 Η,
407 3973 447 4012 τεά
462 3971 588 4022 Βραιεςαιεύ.
604 3975 630 4011 ut
643 3983 692 4011 αοε.
703 3993 729 4000 -
740 3968 852 4024 νηστεύων
862 3983 888 4013 ιν
898 3971 923 4012 O.
935 3992 961 3999 -
975 3971 988 4012 8
1002 3974 1053 4021 post
1068 3967 1114 4014 ίνύς
1129 3969 1180 4010 ειίιί.
1197 3964 1272 4018 μύνου,
1288 3965 1401 4019 νηστεύων
1411 3967 1437 4019 0,

245 4041 312 4098 μόνον
327 4046 393 4085 etlam
408 4044 468 4084 ίίΡτ.
484 4065 510 4072 -
531 4041 567 4084 έὰν
587 4055 628 4094 pro
643 4043 663 4084 εί
677 4044 703 4084 0.
722 4065 743 4072 -
767 4040 841 4088 λαῑκύς
856 4040 879 4105 ᾖ,
895 4043 921 4083 O.
937 4063 963 4072 -
978 4043 991 4082 9
1006 4035 1095 4096 ιίσέλύη
1110 4041 1159 4086 111²,
1175 4036 1270 4080 ιίοίλύοι
1285 4042 1351 4080 νείατα
1366 4052 1394 4079 m.
1412 4062 1439 4071 -

244 4119 269 4156 10
283 4112 425 4164 συνεύξασθαι
440 4117 473 4154 He
489 4121 510 4156 εί
524 4129 538 4156 ε
551 4117 685 4156 correctori·
699 4126 766 4155 manu
781 4117 847 4156 ο11εαι
861 4127 891 4164 m,
907 4116 988 4164 inquo
1003 4117 1069 4154 εαιοε
1082 4107 1241 4164 προσεύξασθαι
1257 4113 1338 4152 suerat.
1355 4133 1381 4140 —
1402 4115 1438 4154 καί

242 4193 293 4228 ante
308 4185 395 4240 καύαιρ.
411 4188 474 4227 addit
487 4188 512 4228 Ρ.
528 4209 554 4216 -
571 4191 595 4226 11
610 4189 646 4227 καί
661 4190 711 4227 unte
727 4184 767 4226 ἀπὸ
782 4188 844 4227 ειίιί11
858 4185 884 4236 O,
899 4197 925 4226 ιν
940 4197 960 4224 ο.
975 4207 1001 4214 -
1016 4179 1137 4236 τραύματος
1152 4195 1171 4232 ο,
1187 4179 1321 4236 κρούσματος
1335 4184 1396 4223 Her.
1412 4206 1439 4215 -

245 4262 269 4299 12
284 4258 407 4300 ἀποκτείνει
422 4259 455 4308 11,
472 4255 599 4302 ἀποκτείνας
614 4269 660 4308 σοι,
685 4255 809 4298 ἀποκτείνοι
823 4256 1029 4308 θρααςαειύοτςίυε.
1044 4276 1070 4284 -
1085 4259 1136 4304 pon
1150 4252 1215 4294 αύτού
1230 4255 1270 4294 ΗΡ
1285 4251 1311 4294 Εἰ
1326 4251 1349 4293 δί
1364 4252 1438 4301 λαῐκύς

244 4329 293 4385 είηι
316 4331 352 4372 ἐὰν
372 4332 439 4372 etiam
459 4341 489 4369 m.
507 4351 533 4358 —
553 4327 820 4394 ροε1λαῑκύςκι1ιίαιε1η
836 4329 884 4370 Om.
900 4349 926 4356 -
948 4330 974 4367 14
995 4324 1041 4380 Ιχοι
1057 4337 1075 4364 ε.
1092 4326 1134 4382 σχῇ
1149 4327 1175 4376 C,
1192 4326 1231 4366 εειί
1246 4327 1313 4366 etlam
1329 4323 1374 4379 ἔχει
1389 4328 1439 4368 Ιαο

243 4409 349 4444 notatum.
361 4425 387 4432 —
404 4403 428 4443 15
442 4402 478 4442 καί
492 4405 543 4452 post
558 4398 585 4454 ἣν
600 4401 663 4440 addit
678 4401 703 4440 C.
715 4421 741 4430 —
757 4401 789 4441 15.
807 4402 832 4440 16
846 4398 963 4453 ὴρετίαατυ
977 4399 1007 4443 11,
1023 4397 1181 4452 κατηρετίεατο
1196 4409 1226 4442 m,
1241 4394 1402 4452 καθηρετίσατο
1417 4411 1438 4448 τ,

242 4474 407 4530 κατηρετήεατο
417 4475 447 4514 M.
458 4495 486 4503 -
501 4475 527 4514 1⁶
541 4471 637 4526 πινηχρὰ
651 4473 681 4512 11.
692 4494 718 4502 -
734 4474 759 4512 18
774 4469 861 4524 δέξηται
877 4471 902 4512 0.
918 4492 944 4499 -
960 4473 985 4510 19
1001 4467 1065 4522 τίμὴ
1080 4465 1155 4519 δείξει,
1171 4467 1228 4523 παρὰ
1242 4466 1359 4521 οίριτικῶν
1375 4467 1439 4510 αύτήν

244 4544 301 4600 Ιχειν
316 4557 335 4587 τ.
346 4559 368 4600 χ.
382 4545 408 4596 0,
423 4547 464 4588 εοιί
474 4547 544 4586 ο-.-.11.
561 4567 586 4574 -
601 4542 642 4596 τήν
651 4555 677 4584 ιν
687 4543 717 4594 Η,
732 4545 800 4584 lubet
813 4553 841 4582 m.
859 4563 883 4570 -
899 4543 926 4582 2⁰
940 4539 985 4582 τῶν
995 4552 1021 4581 ιν
1031 4539 1078 4590 110,
1095 4540 1164 4582 habet
1177 4553 1206 4582 m.
