3160 4976
1430 433 1478 502 93

201 613 205 622 ’
286 607 333 656 τοῦ
351 603 505 675 εύαγγελίου
524 605 639 657 καὶτῶν
659 601 794 672 δυνάμεων
813 609 866 656 τῶν
885 606 1052 672 θαυμαστῶν
1071 602 1103 663 ἀς
1123 603 1203 657 ίποίει
1224 605 1237 656 ὁ
1257 606 1345 677 κύριος
1358 605 1432 674 ἡμῶν
1451 603 1488 658 δι’

286 694 384 748 αὐτῶν.
404 695 469 754 λαός
487 697 539 767 γάρ
557 694 639 753 πολύς
658 695 799 766 ἠθροίζετο
819 692 883 745 καθ’
896 693 996 765 ἡμέραν
1015 697 1080 763 πρός
1093 691 1190 753 αύτούς
1202 695 1246 746 καὶ
1259 695 1356 756 ἤκουον
1370 697 1415 748 καὶ
1429 693 1486 748 έδί·

284 801 365 852 χοντσ
383 786 445 844 τοῦς
463 785 560 853 λόγους
578 783 675 838 αύτῶν.
704 781 851 851 Νικόδημος
874 781 902 834 δέ
923 782 968 834 καὶ
987 782 1128 850 Γαμαλιῆλ
1150 783 1163 833 ὁ
1187 783 1411 855 ἀρχισυνάγωγος
1433 791 1486 838 τῶν

288 871 429 926 Ἰουδαίων
440 878 503 945 πρός
512 874 573 931 τοῦς
583 871 749 931 ἀποστόλους
759 871 871 942 έφοίτων
881 871 981 943 λάθρα,
996 869 1191 943 παραδιδόντας
1202 876 1249 934 τῆν
1260 872 1377 943 διδαχὴν
1387 874 1485 927 αύτῶν.

254 975 267 1012 ο
289 960 391 1022 Ἰούδας
403 961 432 1014 δέ
445 963 490 1014 καί
503 961 569 1016 Αευῒ
583 965 627 1014 καί
638 963 702 1034 Φερὶ
715 963 759 1014 καὶ
777 961 878 1031 Ἰωσὴφ
892 961 936 1014 καὶ
952 960 1076 1023 Ἰοῦστος,
1092 959 1116 1012 οἱ
1130 961 1184 1014 υίοὶ
1199 961 1310 1015 Ἀνανία
1320 965 1364 1016 καί
1376 967 1487 1034 Καῖάφα

284 1053 328 1105 καί
350 1053 526 1127 Ἀλεξάνδρου
546 1060 599 1107 τῶν
619 1055 722 1126 ίερίων,
746 1053 856 1124 ίφοίτων
875 1054 919 1105 καί
939 1051 1014 1106 αὐτοὶ
1034 1055 1097 1124 πρός
1116 1055 1177 1112 τοῦς
1200 1053 1366 1114 ἀποστόλους
1385 1057 1485 1117 νυκτός,

285 1143 474 1213 ὁμολογοῦντες
493 1146 537 1196 τόν
557 1145 666 1215 χριστόν
687 1142 746 1195 υίόν
765 1139 832 1194 εἶναι
851 1145 897 1194 τοῦ
917 1145 991 1194 θεοῦ,
1017 1142 1060 1192 καὶ
1080 1139 1132 1193 ἀπό
1152 1145 1198 1194 τοῦ
1213 1143 1309 1202 έθνους
1322 1142 1409 1196 αύτῶν
1424 1145 1486 1214 έφο-

287 1228 384 1300 βούντο
405 1231 518 1303 φανεράν
541 1237 651 1292 ποιῆσαι
665 1233 712 1290 τὴν
735 1233 797 1301 πρός
819 1231 881 1288 τοῦς
899 1230 1024 1297 μαθητάς
1044 1227 1163 1282 διάνοιαν
1184 1229 1280 1282 αύτῶν.
1300 1234 1344 1283 καὶ
1364 1231 1487 1297 ἐδέξαντο

284 1319 382 1378 αύτούς
406 1320 431 1371 οί
453 1319 599 1373 ἀπόστολοι
623 1319 794 1389 ἀγαπητικῶς
816 1320 935 1388 λέγοντες
959 1317 1050 1378 αὐτοῖς
1069 1319 1108 1371 ὁτι
1128 1322 1164 1388 μῆ
1184 1319 1229 1373 διά
1250 1320 1318 1374 αίδῶ
1338 1325 1382 1374 καὶ
1402 1322 1486 1394 φόβον

240 1421 267 1460 εο
284 1407 437 1480 ἀνθρώπων
450 1409 597 1470 ἀπολέσητε
610 1411 657 1470 τῆν
671 1411 743 1471 ζωὴν
757 1406 831 1476 ὑμῶν
846 1407 957 1460 ένὸιπιον
976 1411 1023 1460 τοῦ
1035 1410 1102 1460 θεοῦ
1115 1409 1160 1460 καί
1173 1409 1340 1472 ἀπαιτηθῆτι
1354 1415 1420 1480 μετὰ
1432 1417 1485 1464 τῶν

284 1499 401 1571 πατέρων
416 1496 491 1567 ὑμῶν
504 1501 533 1550 τό
547 1492 614 1567 αἷμα
625 1503 672 1551 τοῦ
688 1502 815 1570 χριστοῦ,
830 1496 845 1549 δ
859 1496 1015 1566 ἀνεδέχοντο
1029 1497 1068 1568 ἐφ’
1083 1497 1197 1558 ίαυτοῖς.
1211 1498 1242 1551 ού
1252 1502 1302 1573 γάρ
1313 1500 1401 1554 δεκτόν
1414 1502 1485 1554 ε’στιν

283 1587 394 1641 ένόιπιον
412 1593 460 1641 τοῦ
478 1591 546 1642 θεοῦ
566 1589 643 1649 όντας
661 1591 725 1657 μετὰ
744 1594 797 1641 τῶν
810 1590 1049 1661 προσκυνησάντων
1065 1585 1144 1640 αύτόν
1157 1589 1318 1660 πορεύεσθαι
1332 1589 1402 1660 ύμάς
1419 1593 1483 1669 [7]

283 1680 326 1730 καί
347 1679 509 1747 ἀναμιγῆναι
526 1681 592 1746 μετὰ
609 1683 662 1731 τῶν
682 1678 890 1731 ἀποκτεινάντων
904 1681 948 1730 τὸν
962 1681 1141 1749 ,προσκυνητύν
1155 1667 1212 1731 υἱόν
1228 1677 1320 1732 αύτοῦ,
1344 1687 1400 1740 πῶς
1414 1681 1485 1742 ὄντες

282 1770 347 1838 μετὰ
360 1773 412 1820 τῶν
426 1770 547 1838 ψευστῶν
560 1770 705 1841 περιμένετε
719 1767 853 1838 δεχθῆναι
867 1771 914 1828 τὴν
928 1769 1015 1820 πίστιν
1030 1765 1103 1838 ὑμῶν
1122 1770 1187 1837 μετὰ
1203 1773 1256 1821 τῶν
1272 1769 1401 1836 ἀληθῶνς
1423 1771 1484 1823 ἀλλ’

239 1867 264 1910 15
283 1857 334 1911 έδει
345 1857 415 1928 ῦμὸις
425 1857 462 1918 ὡς
471 1858 570 1932 ἀνδρας
580 1859 751 1918 πιστεύοντας
761 1857 787 1910 έν
799 1861 902 1930 χριστῷ
914 1858 1078 1928 ὁμολογῆσαι
1093 1863 1211 1930 φανερῶς
1223 1862 1270 1920 τῆν
1285 1861 1371 1912 πίστιν
1385 1861 1484 1922 ταύτην

281 1949 314 2010 ἣν
328 1949 502 2022 κηρύσσομεν.
517 1951 561 2001 καὶ
575 1950 670 2002 όιιεῖνοι
689 1948 849 2007 ἀκούσαντες
862 1951 946 2000 ταῦτα
960 1950 1031 2020 παρά
1044 1954 1097 2000 τῶν
1110 1950 1249 2018 μαθητῶν,
1264 1945 1376 2021 ἔκραξαν
1391 1949 1484 2011 πάντες

281 2041 349 2092 κατὰ
357 2041 386 2091 τό
398 2038 461 2092 αύτά
473 2039 498 2092 σί
506 2038 559 2091 υἱοί
569 2043 621 2092 τῶν
634 2039 722 2112 ἱερέων
733 2039 844 2091 ι’νῶπιον
856 2041 952 2098 παντὸς
962 2043 1009 2091 τοῦ
1017 2039 1084 2091 λαοῦ
1093 2043 1145 2091 τῶν
1157 2038 1314 2092 ἀποστόλων
1325 2039 1365 2094 ότι
1374 2043 1484 2114 χριστόν

281 2131 325 2181 τόν
336 2131 528 2201 σταυρωθέντα
538 2129 716 2200 ὁμολογοῦμεν
728 2131 772 2182 καί
786 2130 948 2200 πιστεύομεν,
963 2131 1007 2182 καὶ
1021 2129 1060 2182 ότι
1074 2128 1119 2181 ἀπ’
1134 2128 1245 2190 αἰῶνός·
1261 2130 1355 2183 έστινὸ
1369 2132 1426 2190 υίός
1437 2137 1485 2184 τοῦ

281 2220 348 2270 θεοῦ
361 2218 553 2288 ὁμολογοῦμεν,
566 2219 678 2278 καὶτοῖς
692 2219 869 2291 παρατόλμοις
882 2218 962 2270 αὐτόν
977 2219 1165 2288 σταυρῶσασιν
1179 2217 1420 2290 ἀποτασσόμεθα“.
1440 2223 1484 2274 καί

238 2325 264 2363 νο
282 2309 307 2361 οί
320 2309 396 2381 ἱερεῖς
408 2314 456 2361 τοῦ
468 2311 536 2363 λαοῦ
551 2309 711 2380 ὁμολογοῦσι
723 2313 768 2362 τόν
781 2312 892 2381 χριστόν
906 2310 1047 2380 λαθραίως
1061 2311 1105 2361 καὶ
1118 2308 1163 2361 διὰ
1178 2312 1225 2369 τὴν
1241 2310 1330 2384 ἀρχὴν
1343 2317 1390 2365 τοῦ
1404 2313 1482 2374 λαοῦ,

253 2455 254 2458 ¹
281 2397 313 2457 ἣν
334 2397 472 2468 φιλοῦσιν,
494 2398 523 2451 ού
543 2401 669 2452 θέλουσιν
690 2399 826 2468 ὁμολογεῖν
847 2404 966 2470 φανερῶς
985 2399 1029 2450 καί
1049 2397 1210 2453 ἐπελάθοντο
1224 2406 1271 2454 τοῦ
1284 2402 1483 2472 γεγραμμένου’

282 2486 322 2539 ότι
340 2487 464 2555 γνώσεώς
482 2486 538 2540 έστι
557 2488 645 2559 κύριος
665 2489 708 2540 καί
726 2485 757 2538 ού
770 2489 948 2540 καθίστανται
962 2486 1156 2557 ἐπιτηδεύματα
1170 2489 1281 2542 ἐνώπιον
1295 2488 1386 2542 αὐτοῦ.
1401 2491 1483 2543 ἀκού-

283 2595 374 2636 σαντες
388 2571 433 2628 οῦν
453 2581 538 2630 ταῦτα
557 2577 582 2629 οί
601 2576 676 2650 ίερεῖς
695 2579 766 2650 παρὰ
786 2583 838 2630 τῶν
853 2577 918 2630 υίῶν
932 2575 1020 2629 αῦτῶν
1037 2576 1138 2647 ίνεῖχον
1154 2577 1244 2638 αὐτοῖς
1257 2578 1357 2640 δεινῶς,
1379 2578 1430 2649 ούχ
1443 2581 1483 2634 ὁτι

283 2667 441 2720 ἐπίστευσαν
455 2667 492 2726 είς
507 2670 551 2720 τόν
565 2669 676 2739 χριστόν
690 2666 751 2719 ἀλλ’
765 2666 805 2720 ὁτι
819 2665 989 2739 έφανέρωσαν
1003 2667 1047 2719 καί
1061 2666 1226 2739 διεσάφησαν
1239 2672 1286 2730 τὴν
1297 2668 1417 2722 διάνοιαν
1430 2676 1484 2724 τῶν

237 2771 264 2811 εει
283 2761 400 2832 πατέρων
421 2757 509 2812 αὐτῶν
529 2759 676 2832 ἔμπροσθεν
696 2763 744 2812 τοῦ
764 2759 860 2818 έθνους
880 2757 977 2811 αύτῶν.
997 2759 1023 2811 οί
1043 2753 1089 2811 οῦν
1109 2760 1295 2820 πιστεύσαντες
1313 2761 1483 2823 η’κολούθουν

281 2855 336 2909 τοῖς
349 2851 485 2920 μαθηταῖς
498 2851 542 2902 καὶ
552 2849 598 2902 ἀπ’
610 2848 698 2902 αὐτῶν
709 2847 739 2901 ού
750 2850 934 2920 παρεχώρουν,
949 2847 988 2901 ὁτι
999 2846 1068 2901 εἶδον
1080 2847 1176 2908 αύτούς
1186 2847 1360 2910 διδάσκοντας
1370 2851 1484 2912 πολλοῦς

281 2942 325 2992 καί
346 2939 442 3000 αύτούς
463 2941 564 3010 μόνον*
587 2940 655 3011 ἔργῳ
675 2935 827 3013 πράξαντας
846 2939 908 3012 ὅπερ
929 2936 1078 3000 ίδίδασκον,
1099 2941 1143 2990 καὶ
1162 2939 1284 3009 θλίψεως
1302 2942 1346 2992 καὶ
1364 2939 1483 3012 διωγμοῦ

282 3030 435 3091 ἐπιστάντος
448 3036 503 3090 τοῖς
515 3033 652 3102 μαθηταῖς
666 3031 775 3103 ἔχαιρον
789 3029 829 3082 ὁτι
844 3027 1035 3100 συνεθλίβοντο
1049 3027 1140 3088 αὐτοῖς
1158 3030 1202 3081 καὶ
1221 3029 1248 3082 έν
1267 3035 1340 3105 χαρᾷ
1353 3031 1485 3102 μάστιγας

281 3122 325 3173 καὶ
339 3119 423 3190 δεσμά
437 3119 560 3190 έδέχοντο
574 3119 639 3193 ύπέρ
653 3126 699 3182 τῆς
713 3120 855 3190 ὁμολογίας
868 3123 915 3180 τῆς
928 3118 955 3171 έν
969 3123 1073 3191 χριστῷ
1087 3121 1198 3179 πίστεως
1212 3117 1310 3172 αὐτῶν.
1335 3122 1422 3181 πάσας
1434 3126 1482 3181 τοῖς

236 3225 263 3263 ro
280 3209 379 3282 ἡμέρας
391 3215 437 3271 τῆς
450 3215 522 3274 ζωῆς
536 3210 623 3263 αὐτῶν
636 3213 680 3263 τόν
693 3212 803 3284 χριστόν
818 3209 964 3281 έκῆρυσσον
978 3210 1125 3282 ίμπροσθεν
1141 3207 1279 3262 Ἰουδαίων
1293 3212 1337 3263 καὶ
1351 3215 1481 3286 Σαμαρει-

280 3303 332 3351 τῶν
347 3300 391 3351 καὶ
404 3302 469 3369 μιτά
482 3303 526 3352 τόν
539 3306 592 3353 τῶν
606 3299 763 3352 ἀποστολων
777 3302 897 3352 θάνατον
912 3297 988 3351 αύτοὶ
1001 3295 1070 3361 ἦσαν
1083 3299 1206 3369 ἡγεμόνες
1220 3303 1263 3352 καὶ
1277 3303 1422 3372 προστάται
1434 3307 1481 3363 τῆς

280 3387 421 3450 ίκκλησίας
440 3391 484 3442 καὶ
503 3389 565 3462 ὁπερ
586 3389 811 3462 παρεδεδώκεισαν
832 3388 922 3448 αὐτοῖς
940 3388 965 3442 οἱ
980 3389 1126 3442 ἀπόστολοι
1140 3389 1184 3440 καὶ
1198 3389 1404 3462 παριιλῆφεισαν
1418 3392 1479 3464 παρ’

280 3479 382 3542 αὐτῶν,
402 3484 479 3533 τοῦτο
500 3481 525 3533 έν
547 3483 624 3534 παντί
644 3485 681 3551 τῷ
702 3481 793 3552 χρόνῳ
809 3480 868 3550 [τῆς
882 3480 967 3549 ζωῆς]
982 3477 1070 3532 αύτῶν
1084 3477 1225 3531 ε’δίδασκον
1239 3479 1363 3539 πολλούς.
1385 3480 1422 3535 έτι
1436 3484 1480 3534 καὶ

280 3569 398 3643 [σίζει]
419 3571 495 3624 αύτοί
515 3572 543 3625 ίν
561 3577 599 3642 τῷ
620 3571 767 3624 ἀποθανεῖν
787 3569 885 3631 αύτούς
904 3568 1075 3641 παρέδοσαν’
1093 3574 1148 3630 τοῖς
1167 3573 1304 3640 μαθηταῖς
1324 3568 1411 3636 αὐτῶν
1424 3571 1478 3641 μετ’

234 3673 261 3715 ³5
280 3659 376 3721 αύτούς
387 3661 473 3714 πάντα
483 3661 547 3735 άπερ
559 3663 764 3735 παρειλῆφεισαν
774 3661 846 3733 παρά
855 3664 908 3712 τῶν
919 3659 1076 3713 ἀποστόλων
1087 3661 1131 3712 καὶ
1142 3659 1220 3714 ἅτινα
1231 3658 1341 3731 ἔγραψεν
1354 3660 1481 3732 Ἰάκωβος

361 3821 408 3865 18⁸
424 3839 503 3868 versae
519 3830 628 3868 formulae
643 3825 679 3866 ἀπ’
691 3824 770 3869 σῖῶνος
784 3835 825 3875 per
839 3827 895 3862 ῦῖπσ
908 3825 932 3882 με
947 3827 1073 3874 exemplum
1087 3827 1174 3864 nullum
1187 3824 1266 3873 habeo,
1282 3825 1322 3863 ned
1332 3825 1477 3864 nihilominus

278 3901 352 3938 εοτειιε
372 3909 420 3939 rum
435 3900 477 3939 hoe
493 3902 517 3940 in
531 3911 611 3950 graeco
627 3901 705 3939 suisne.
731 3899 777 3938 tris
790 3899 843 3936 ειιειί
856 3907 913 3946 quae
927 3897 968 3936 hae
983 3898 1034 3936 fidel
1048 3897 1191 3948 protensione
1206 3897 1363 3946 οοιιείπειιευη
1382 3897 1478 3946 primum

277 3969 328 4010 Ιοειι
345 3977 439 4012 mortem
459 3974 629 4022 ignominiosam
647 3971 702 4012 nihu
722 3971 770 4010 εὶιεε
790 3970 892 4018 dignitati
910 3971 1056 4009 πιοεείιπίιεο
1076 3970 1187 4017 refragari
1207 3969 1308 4017 credunt,
1324 3969 1404 4008 mirum
1418 3970 1477 4008 enim

276 4046 383 4090 quantum
402 4045 493 4084 Ιιειῐεοίε
514 4045 598 4084 Christi
614 4055 669 4083 crux
684 4039 835 4092 displicuerit:
857 4041 938 4080 deinde
957 4042 1016 4079 huno
1036 4041 1112 4080 Ιοειιιει
1131 4041 1154 4079 ln
1169 4049 1258 4079 erucem
1277 4043 1350 4078 εοειιπι
1364 4040 1477 4080 hominem

276 4117 360 4152 tantum
375 4116 446 4155 ruine
460 4119 557 4164 negant,
577 4115 617 4154 εοό
633 4116 723 4154 dirimo
737 4119 830 4154 naturae
845 4114 977 4163 participem
992 4113 1063 4152 fuisso
1077 4115 1165 4152 terunt:
1190 4115 1301 4160 postremo
1316 4123 1328 4151 ο
1344 4113 1424 4151 castris
1438 4113 1475 4152 Iu·

276 4185 383 4224 όεοοτυιπ
403 4186 554 4226 secedendum
578 4187 621 4226 ribi
644 4197 694 4226 σεεε
717 4187 861 4235 profitentur,
886 4186 999 4224 intellecto
1021 4184 1129 4224 οεοΙοεῖεο
1154 4183 1288 4222 christianae
1307 4188 1330 4224 οε
1348 4193 1475 4234 synagogae

275 4257 376 4297 iudaicae
392 4258 528 4296 discrimine.
536 4279 562 4288 -
577 4260 603 4297 19
612 4255 625 4282 ¹·
640 4259 663 4296 ln
674 4259 761 4306 εςτΙεοο
772 4261 818 4298 ost:
834 4257 870 4297 καί
880 4253 931 4300 τοὺς
941 4253 1090 4307 τολμήσαντες
1100 4255 1136 4294 καὶ
1147 4251 1314 4308 τεσυρώσσντας
1324 4252 1388 4295 σύτὸν
1399 4253 1474 4309 ἀρνοῦ-

275 4326 346 4382 μεδιι,
362 4330 401 4368 εοό
417 4339 437 4367 τ.
455 4328 541 4377 Agr-011.
557 4331 667 4379 supplem.
683 4334 770 4377 syntax.
782 4334 802 4376 Ι.
814 4331 834 4369 9.
849 4329 915 4367 muz
930 4329 973 4365 ἐῠθ
988 4324 1077 4379 ίξέμαξε
1092 4325 1192 4377 (ῖοοφοιι.
1203 4329 1228 4366 81
1244 4329 1262 4366 B
1278 4329 1303 4367 ῦς
1320 4329 1419 4367 mm
1431 4331 1474 4366 Ἶοθ

274 4399 400 4456 έσπὸγγισεν
415 4402 470 4440 ibid.
482 4401 507 4440 81
524 4400 544 4439 Α
561 4403 598 4440 18:
615 4405 683 4439 m:
698 4400 810 4454 ἠρνήσατο
825 4401 1032 4449 frequentissimum
1048 4403 1072 4437 ut
1085 4399 1178 4439 Dianae.
1194 4411 1216 4449 p.
1232 4400 1252 4446 3,
1268 4400 1288 4437 6.
1304 4420 1331 4428 -
1346 4399 1370 4438 21
1387 4395 1400 4423 ¹¹
1415 4400 1471 4447 Ros.

274 4485 287 4512 α
296 4475 313 4513 il
323 4475 343 4513 3.
360 4475 400 4513 red
415 4475 540 4513 versionem
551 4475 661 4520 syriacam
671 4479 778 4522 sequutus
788 4477 823 4512 σεε
831 4473 951 4522 interpres,
968 4473 1010 4511 nisi
1021 4473 1078 4511 forte
1087 4472 1142 4511 λιιοε
1153 4473 1202 4522 ipra
1211 4471 1316 4520 Aquilam
1326 4472 1474 4521 expressim·—

273 4541 322 4583 εῖ·
338 4546 466 4585 maluissem
481 4543 566 4597 μόνους,
582 4547 623 4586 red
637 4557 681 4585 ποτε
696 4550 730 4587 εει
743 4547 767 4585 ln
781 4555 828 4591 ryr.
839 4565 865 4574 -
885 4545 911 4583 {u
925 4539 938 4569 ⁸
953 4545 1087 4584 vocabulum
1101 4554 1169 4584 unum
1185 4553 1290 4593 graecum
1302 4543 1362 4583 bim'r
1377 4544 1472 4591 syriacis

274 4628 411 4668 expressum.
