3128 4972
658 475 867 536 „41-

158 653 312 733 ε’πίστησεν
330 650 446 735 εἰπόντ’,
457 653 599 740 ἐπιθυμίη
618 655 789 738 ε’πεθόμηπα
808 661 892 721 τοῦτο
911 655 944 722 τὸ
962 657 1062 740 πάσχα
1081 667 1180 740 ηαχεῖν
1197 657 1269 738 μεθ’
1287 659 1365 738 ὑμῶν

159 780 217 864 πρὸ
235 787 287 846 τοῦ
305 807 341 860 με
359 791 481 846 παθεῖν·
503 781 541 846 τὰ
558 781 610 864 μὶν
627 783 681 868 γὰρ
700 785 813 850 παλαιά
836 783 895 866 ήθη
918 783 988 850 ὄντα
1011 781 1059 848 καὶ
1083 787 1321 867 πεπαλαιωμένη,
1344 783 1364 848 οἳ

158 909 192 990 δή
208 909 283 990 μετὰ
302 909 449 974 Ἰουδαιων
467 908 577 992 ἤσθιεν,
596 911 647 976 αιἰκ
665 905 697 994 ήν
714 913 892 994 ε’πιθυμητά·
913 912 946 978 τὸ
968 910 997 976 δὲ
1020 913 1116 977 καινόν
1137 914 1291 996 μυστήριον
1314 917 1363 994 τῆς

159 1041 259 1118 καινῆς
277 1035 367 1102 αὐτοῦ
385 1039 542 1120 διαθήκης,
560 1037 574 1102 ό
593 1038 626 1121 δή
643 1041 787 1120 μετεδίδου
804 1042 985 1113 τοῖςείιυτοό
1003 1051 1169 1122 μαθηταῖς,
1187 1041 1364 1121 ἐπιθυμητὸν

158 1157 191 1246 ήν
210 1163 290 1244 αὐτῷ
310 1165 440 1237 εἰκότως·
457 1161 517 1231 ε’πεὸ
536 1163 637 1232 πολλοὶ
655 1169 712 1250 πρὸ
731 1169 821 1234 αὐτοῦ
837 1174 983 1252 προφῆται
997 1165 1045 1233 καλ
1060 1169 1162 1235 δίκαιον
1175 1169 1363 1251 ἐπεθύμησαν

159 1294 225 1357 ι’δεῖν
243 1292 281 1356 τά
298 1299 348 1376 τῆς
365 1295 432 1366 νεάς
450 1295 591 1377 διαθήκης
609 1280 762 1378 μυστήρια·
780 1293 829 1361 καῖ
848 1296 936 1370 αὐτὸς
954 1295 983 1361 δὲ
1001 1297 1016 1361 ό
1032 1297 1116 1379 λόχος
1129 1299 1254 1362 πάντοτε
1268 1300 1363 1378 διψῶν

157 1419 207 1503 τήν
224 1421 318 1504 κοινήν
336 1423 477 1506 σωτηρίαν
494 1424 647 1506 μυστήριον
665 1425 829 1508 παρεδίδου,
846 1424 882 1489 δι’
899 1419 933 1491 οὗ
951 1426 1058 1495 πάντες
1078 1423 1231 1508 άνθρωποι
1245 1425 1361 1506 ἔμελλον

158 1550 318 1631 ἑορτάζειν·
330 1550 507 1632 ἐπιθυμητὸν
524 1556 609 1617 τοῦτο
625 1552 703 1633 αότη]
716 1555 787 1618 εἶναι
800 1553 976 1636 ὡμολόγησε·
990 1551 1023 1616 τό
1036 1550 1086 1633 μίν
1103 1555 1249 1626 Μωόσείυς
1262 1555 1362 1636 πάσχα

159 1678 209 1762 οόχ
228 1675 334 1762 ἥρμοζε
352 1683 423 1744 πᾶσι
441 1690 501 1751 τοῖς
518 1681 589 1744 πότε
607 1681 716 1746 ἔθνεσι·
739 1688 801 1754 πῶς
820 1682 890 1764 γάρ,
915 1681 1004 1744 ὁπότε
1021 1679 1074 1762 ὑφ’
1093 1679 1142 1744 ἕνα
1161 1682 1250 1745 τόπον
1267 1681 1316 1746 τὸν
1334 1681 1363 1744 ἐν

158 1809 191 1887 τῇ
209 1805 396 1889 Ἰερουσαλήμ
416 1814 563 1872 τελεῖσθαι
581 1811 803 1890 νενομοθίτητο·
821 1809 863 1874 διὸ
881 1809 932 1874 οὐκ
950 1801 981 1890 ήν
999 1809 1188 1889 ε’πιθιμιμόν·
1210 1807 1243 1873 τὸ
1261 1807 1290 1872 δὸ-
1309 1834 1362 1873 σω·

157 1934 255 2016 τήριον
272 1935 427 2018 μυστήριον
443 1939 493 2018 τῆς
511 1941 608 2018 καινής
631 1939 773 2020 διαθήκης
794 1941 882 2002 πᾶσιν
906 1937 1076 2020 ἀνθρώποις
1097 1936 1223 2018 ἁρμόζον
1246 1938 1362 2010 εἰκότως

159 2062 236 2142 αὐτῷ
255 2062 433 2144 ἐπιθυμητὸν
451 2057 490 2144 ήν.

246 2197 298 2258 10.
325 2190 410 2255 Ἀλλ’
436 2190 526 2263 αὐτὸς
546 2189 597 2272 μὸν
619 2191 676 2275 πρὸ
698 2179 748 2257 τοῦ
777 2202 886 2257 παθεῖν
915 2191 966 2256 σὸν
994 2201 1054 2263 τοῖς
1080 2193 1183 2256 ἑαυτοῦ
1209 2201 1361 2272 μαθηταῖς

156 2319 244 2402 ἔηαχε
262 2319 296 2384 τὸ
314 2320 414 2402 πάσχα
433 2316 482 2384 καῖ
499 2320 549 2401 τήν
566 2318 664 2402 ἑορτήν
682 2321 851 2396 ε’πετελεσεν,
869 2319 902 2385 οό
920 2319 993 2400 μετὰ
1013 2324 1069 2383 τῶν
1087 2319 1246 2384 Ἰουδαίων·
1262 2321 1360 2401 ἑορτά-

155 2473 265 2518 σαντος
288 2445 318 2512 δὲ
341 2446 430 2513 αότοό
449 2449 574 2532 ἑσπέρας
597 2449 623 2512 οἱ
646 2449 783 2532 ἀρχιερεῖς
806 2447 869 2529 άμα
891 2451 931 2527 τῷ
955 2448 1080 2530 προδότη
1108 2447 1272 2519 ἐπιστάντες
1301 2447 1360 2512 ἕπε’·

154 2581 245 2661 βαλὸν
264 2575 313 2640 ἐπ’
333 2575 420 2640 αὐτὸν
437 2576 492 2648 τάς
506 2587 620 2660 χεῖρας·
644 2577 677 2640 οδ
696 2576 750 2659 γὰρ
773 2575 877 2659 ήσθιον
904 2573 987 2640 αὐτοὶ
1010 2576 1087 2640 κατά
1110 2577 1158 2658 τήν
1183 2577 1306 2660 ε’σπίριιν
1327 2575 1361 2640 τὸ

155 2705 269 2789 πάσχα·
288 2697 304 2787 ἦ
322 2704 377 2789 μὰρ
396 2701 432 2768 άν
449 2705 498 2788 τήν
515 2704 618 2788 σχολήν
636 2701 699 2788 περί
717 2704 805 2769 αὐτὸν
823 2707 907 2789 εἶχον·
926 2701 973 2767 καί
992 2709 1062 2784 δήτα
1079 2705 1270 2788 συλλαβόντες·
1288 2703 1358 2785 άπή-

155 2859 241 2916 χαχον
259 2835 299 2905 είς
317 2832 366 2916 τήν
382 2833 474 2898 οἰκίαν
491 2836 542 2898 τοῦ
561 2833 704 2912 Καῖάφα,
726 2834 802 2897 ἔνθα
820 2833 1113 2912 διανυκτερεόσαντες,
1139 2833 1179 2906 ὡς
1196 2833 1286 2915 ήμίρα
1306 2831 1359 2915 ι’χί-

155 2987 227 3037 νετο,
246 2962 432 3045 συνήχθησαν
451 2957 498 3025 καί
519 2961 716 3044 ἀνακρίνουσιν
734 2959 822 3025 αὐτὸν
839 2962 992 3044 πρότερον·
1011 2962 1071 3025 εἶτα
1089 2960 1161 3041 μετά
1180 2963 1274 3024 ταῦτα
1289 2961 1357 3024 άνα·

156 3091 275 3161 στάντες
299 3087 362 3171 ἅμα
387 3093 426 3169 τῷ
450 3091 556 3170 πλήθει
579 3087 683 3172 ήχαχον
707 3087 794 3154 αὐτὸν
817 3087 889 3172 πρὸς
912 3089 1052 3152 Πιλάτου·
1076 3083 1124 3151 κιιλ
1146 3088 1211 3151 τότε
1235 3083 1357 3169 φησλνή

156 3217 270 3301 χραιμή’
292 3215 336 3282 ότι
352 3217 391 3300 μή
409 3217 545 3298 εἰσῆλθον
563 3217 602 3288 είς
620 3216 653 3282 τὸ
672 3217 853 3300 πραιτώριον,
871 3213 916 3280 ἵνα
935 3214 968 3297 δή
985 3215 1023 3298 μή
1036 3214 1093 3278 ὑπὸ
1107 3215 1205 3298 στίχην
1217 3214 1358 3298 ῖλληνικήν

155 3347 351 3420 εἰσελθόντες,
375 3343 415 3418 ιός
433 3373 462 3429 χε
479 3343 579 3426 ᾤοντο,
592 3351 755 3427 μιανθῶσι,
777 3339 909 3426 καθαροί
927 3340 956 3407 δὲ
978 3345 1123 3424 μείναντες
1146 3345 1172 3408 οιΙ
1194 3340 1356 3427 παμμιαροὸ

154 3475 278 3556 ἑσπέρας
296 3475 452 3556 ἐπιστάσης
469 3475 586 3556 ηάχοιεν
603 3473 636 3538 τὸ
654 3475 769 3556 πάσχα,
792 3473 818 3536 σι’.
836 3471 884 3537 τὸν
902 3473 1028 3536 κώνωπα
1051 3473 1231 3549 διυλιζοντες,
1256 3473 1304 3554 τήν
1326 3470 1357 3536 δὲ

155 3605 283 3684 κάμηλον
301 3603 506 3674 καταπίνοντες
514 3607 537 3684 ³,
557 3601 584 3666 οῖ
601 3601 655 3674 τάς
673 3599 773 3684 ψυχάς
796 3599 894 3672 αὐτοῖς
916 3601 1030 3681 σώμασι
1053 3600 1130 3665 κατὰ
1153 3605 1203 3665 τοῦ
1226 3607 1355 3682 σωτῆρος

154 3733 304 3815 μιαιηονιήι
322 3731 517 3813 μεμιαμμένοι,
535 3729 584 3794 τὸν
602 3727 709 3811 ὄροφον
727 3728 866 3792 ἐδεδίεσαν
883 3729 1075 3794 ὑπεισελθεῑν·
1094 3729 1161 3793 ἀλλ’
1182 3730 1209 3794 οῖ
1221 3726 1272 3810 μὲν
1286 3729 1353 3791 κατ’

155 3857 243 3941 αὐτήν
265 3860 368 3941 ἐκείνην
390 3865 439 3923 τοῦ
464 3859 586 3930 πάθους
608 3856 657 3939 τήν
679 3857 785 3938 ήμίραν
807 3857 840 3920 τὸ
864 3857 1033 3938 λυμαντικὸν
1057 3862 1107 3938 της
1129 3857 1239 3921 ἑαυτῶν
1262 3862 1356 3939 ψυχῆς

154 3987 262 4069 ἕηιιχον
279 3988 394 4071 πάσχα,
416 3986 449 4052 τὸ
467 3985 540 4067 αἷμα
558 3985 591 4050 τὸ
610 3985 747 4066 σωτήριον
765 3983 815 4068 οὐχ
833 3983 903 4066 ὑπὲρ
922 3986 1031 4050 ἑαυτῶν
1050 3983 1125 4049 άλλά
1149 3983 1225 4048 καθ’
1246 3985 1356 4049 ἑαυτῶν

242 4179 408 4257 ιΙιιιε.22,
427 4187 476 4243 15.

240 4265 336 4330 ’J0h.
355 4274 404 4343 18,
422 4273 471 4330 28.

240 4351 379 4416 ὐκαι
398 4360 448 4430 ευ,
465 4360 515 4417 24.
