2998 4972
279 417 344 480 250
1332 425 1350 473 α
1370 409 1397 458 ¹²

279 575 344 662 γάρ
372 573 403 642 εἶ
424 572 442 640 6
463 573 523 642 τόν
550 572 699 658 ούρανὸν
725 569 769 650 τίς
791 574 948 658 καμάραν
976 574 1099 658 στήσας
1128 573 1184 638 καλ
1204 569 1250 651 ιδς
1282 574 1400 660 δέρριν

280 678 431 756 ἐκτείνας
455 675 512 742 καί
533 675 595 760 τήν
615 678 682 759 γῆν
704 674 766 765 ἐπ’Ι
783 673 922 753 ούδενός
950 674 1090 760 ίδρύσας
1110 675 1229 760 γνάμη
1251 675 1361 760 μόνη,
1384 671 1401 740 6

279 779 385 867 πήξας
412 781 582 863 στερέωμα
614 776 670 842 καί
698 776 806 842 νύκτα
838 775 894 844 καί
921 774 1050 862 ἡμέραν
1075 777 1350 858 κατασκευάσας,
1383 773 1400 842 6

280 879 453 966 έξαγαγοδν
467 883 541 964 φύς
557 879 596 946 έκ
615 882 804 962 θησαυρῶν
822 877 878 944 καί
895 882 937 964 τῇ
956 877 1081 944 τούτου
1104 882 1254 964 συστολῇ
1272 878 1395 962 ἐπαγα-

245 981 350 1068 ογοδν
369 983 407 1047 τδ
427 980 546 1057 σκότος
573 981 620 1056 είς
647 978 850 1046 ἀνάπαυλαν
871 983 940 1047 τοῖν
966 979 1005 1045 έν
1031 980 1078 1066 τῷ
1098 979 1213 1068 κόσμῳ
1240 982 1401 1064 κινουμέ·

280 1107 351 1151 νων
371 1083 480 1172 ζρίων,
504 1079 522 1146 6
543 1080 603 1146 τόν
621 1079 720 1166 ἥλιον
741 1081 842 1160 τάξας
861 1083 907 1158 είς
927 1079 1031 1166 ἀρχάς
1053 1083 1112 1164 τής
1132 1078 1257 1168 ἡμέρας
1279 1083 1321 1148 έν
1342 1079 1399 1148 ού-

281 1189 373 1273 ρανῷ
400 1183 457 1248 καί
483 1182 546 1268 τήν
572 1183 720 1268 σελήνην
747 1185 794 1260 είς
824 1181 928 1268 ἀρχάς
954 1187 1014 1266 τῆς
1034 1181 1157 1260 ννκτδς
1177 1182 1234 1248 καί
1259 1182 1322 1249 τόν
1343 1208 1399 1268 χο-

280 1287 343 1373 ρδν
363 1290 432 1352 τοῖν
453 1282 604 1369 ἀστέρων
626 1286 664 1350 έν
686 1281 822 1370 ούρανςό
839 1285 1056 1369 καταγράψας
1077 1286 1125 1359 είς
1140 1281 1239 1350 αίνον
1262 1288 1323 1370 τῆς
1342 1288 1400 1370 σής

279 1387 580 1474 μεγαλοπρεπείας,
605 1382 624 1450 6
644 1385 786 1471 ποιήσας
803 1382 895 1472 ὕδωρ
917 1384 1001 1472 πρὸς
1022 1385 1123 1452 πόσιν
1137 1385 1194 1452 καί
1214 1387 1398 1472 κάθαρσιν,

231 1507 263 1559 10
280 1489 362 1576 ἀέρα
377 1487 515 1570 ζωτικὸν
531 1486 615 1572 πρὸς
630 1487 793 1572 εἰσπνοήν
807 1486 863 1552 καὶ
879 1485 1055 1573 ἀναπνοήν
1069 1486 1126 1554 καλ
1141 1493 1259 1574 φωνῆς
1273 1488 1399 1554 ἀπόδο-

280 1611 337 1660 σιν
356 1590 412 1659 διά
433 1591 581 1676 γλύττης
602 1589 811 1674 πληττούσης
831 1589 890 1654 τόν
910 1586 992 1674 ἀέρα
1012 1588 1069 1656 καί
1084 1588 1192 1676 ἀκοήν
1210 1607 1399 1675 συνεργου-

280 1696 386 1780 μένην
409 1689 466 1760 ὑπ’
490 1689 597 1758 αότού
618 1688 663 1768 ὡς
684 1690 816 1757 έπαλειν
833 1691 1070 1777 είσδεχομένην
1085 1690 1148 1776 τήν
1165 1696 1399 1776 προσπίπτον·

280 1815 346 1864 σαν
363 1793 448 1880 αύτῂ
466 1793 598 1876 λαλιάν,
619 1790 637 1858 6
659 1793 801 1876 ποιήσας
818 1796 885 1876 πύρ
904 1791 987 1877 πρὸς
1007 1792 1149 1870 σκότους
1163 1800 1397 1878 παραμυθίαν,

281 1897 365 1982 πρὸς
388 1895 519 1971 ἐνδείας
546 1892 789 1981 ἀναπλήρωσιν
817 1892 874 1960 καὶ
901 1893 938 1960 τό
958 1899 1207 1979 θερμαίνεσθαι
1233 1893 1398 1981 ἡμᾶςκαὶ

231 2015 263 2068 15
281 2002 484 2084 φωτίζεσθαι
503 1992 561 2062 ὑπ’
578 1993 694 2078 αύτοῦ,
717 1993 808 2082 ότήν
820 1996 970 2082 μεγάλην
985 1995 1165 2062 θάλασσαν
1182 2001 1331 2081 χωρίσας
1344 2003 1400 2082 τῆς

280 2105 341 2187 γής
363 2097 419 2166 καλ
444 2097 507 2181 τήν
528 2097 591 2182 μὲν
617 2095 794 2177 ἀναδείξας
822 2097 974 2183 πλωτήν,
1000 2096 1062 2182 τήν
1085 2099 1128 2163 δέ
1148 2097 1229 2164 ποσὶ
1253 2101 1399 2185 βάσιμον

281 2202 437 2287 ποιήσας,
468 2197 524 2266 καὶ
546 2197 609 2284 τήν
629 2199 692 2282 μὲν
721 2199 816 2288 ζῴοις
842 2209 973 2284 μικροῖς
1001 2201 1058 2265 καὶ
1079 2200 1237 2284 μεγάλοις
1266 2202 1400 2286 πληθύ-

281 2329 359 2388 νας,
390 2302 453 2389 τήν
484 2303 522 2368 δέ
550 2299 687 2387 ἡμέροις
721 2300 778 2367 καλ
807 2299 984 2378 ἀτιθάσοις
1013 2302 1192 2386 πληρώσας
1217 2316 1341 2388 φυτοῖς
1366 2327 1400 2370 τε

281 2405 456 2493 διαφόροις
476 2405 598 2482 στέψας
619 2402 676 2470 καὶ
696 2404 855 2488 βοτάναις
874 2401 1093 2488 στεφανούσας
1105 2403 1163 2469 καὶ
1183 2401 1307 2471 ἄνθεσι
1319 2410 1401 2471 καλ-

231 2525 265 2576 20
283 2508 387 2585 λύνας
413 2507 469 2573 καί
497 2508 662 2592 σπέρμασι
690 2508 887 2589 πλουτίσας,
920 2502 938 2570 6
962 2505 1215 2591 συστησάμενος
1249 2504 1401 2592 ἄβυσσον

281 2610 339 2676 καί
359 2610 442 2694 μέγα
464 2608 564 2686 κύτος
586 2605 672 2694 αύτή
691 2611 859 2694 περιθείς,
891 2603 1052 2692 άλμυροδν
1073 2603 1208 2674 ὑδάτων
1230 2626 1400 2692 σεσωρευ-

281 2713 366 2796 μένα
389 2710 534 2794 πελάγη,
563 2709 771 2796 περιφράξας
795 2710 832 2775 δὲ
860 2705 967 2794 αὐτήν
993 2709 1115 2787 πύλαις
1141 2708 1256 2795 ἄμμον
1280 2715 1401 2778 λεπτο-

281 2813 398 2898 τάτης,
422 2808 440 2877 ὁ
461 2807 632 2894 πνεύμασί
649 2831 731 2877 ποτε
751 2813 815 2897 μέν
836 2809 942 2896 αότήν
962 2817 1126 2897 κορυφάν
1146 2813 1193 2889 είς
1214 2810 1324 2897 ὀρέων
1345 2815 1400 2898 μέ-

280 2921 398 2999 γεθος,
425 2915 504 2980 ποτὲ
526 2913 564 2978 δὲ
583 2913 789 2998 στρωννύων
811 2910 919 2998 αύτήν
941 2910 986 2990 ἀς
1000 2916 1135 2998 πεδίον,
1158 2914 1216 2981 καί
1235 2916 1319 2981 ποτὲ
1339 2915 1398 3000 μέν

230 3033 264 3086 25
282 3017 453 3102 έκμαίνων
472 3013 626 3101 χειμῶνι,
658 3014 737 3080 ποτέ
760 3016 798 3081 δὲ
827 3013 991 3100 πραΰνων
1016 3015 1147 3103 γαλήνη
1169 3011 1214 3092 ιός
1236 3015 1397 3082 ναυσιπό

282 3142 354 3203 ροις
383 3122 577 3204 πλωτήρσιν
602 3113 746 3183 εὔκολον
772 3112 859 3182 εἶναι
886 3113 970 3202 πρός
1000 3105 1157 3202 πορείαν,
1189 3115 1209 3182 6
1241 3129 1398 3203 ποταμοῖς

281 3219 444 3300 διαζάσας
472 3218 532 3286 τὸν
559 3215 626 3287 ὑπὸ
654 3221 718 3285 σοῦ
746 3216 802 3284 διά
821 3221 960 3304 χριστοῦ
981 3217 1167 3302 γενόμενον
1195 3219 1328 3305 κόσμον
1345 3218 1396 3286 καὶ

282 3323 474 3408 χειμάρροις
492 3320 675 3398 ἐπικλύσας
694 3320 752 3389 καὶ
768 3333 891 3407 πηγαῖς
906 3318 1041 3398 ἀενάοις
1057 3320 1226 3406 μεθύσας,
1250 3319 1342 3408 ὄρεσι
1361 3321 1395 3386 δὲ

282 3425 503 3508 περισφίγξας
522 3426 569 3501 είς
589 3423 693 3510 ἕδραν
714 3421 841 3508 ἀτρεμῇ
861 3425 923 3508 γῆς
944 3424 962 3462 *
983 3421 1253 3509 ἀσφαλεστάτην.
1298 3423 1395 3508 ἐπλή-

232 3540 266 3592 30
283 3541 394 3612 ρωσας
414 3523 479 3608 γάρ
503 3539 567 3590 σον
589 3523 649 3590 τόν
675 3525 805 3608 κόσμον
833 3523 892 3591 καὶ
919 3523 1142 3610 διεκόσμησας
1167 3523 1273 3592 αὐτόν
1299 3525 1396 3612 βοτά-

283 3649 358 3702 ναις
382 3622 537 3709 εύόσμοις
556 3624 613 3692 καὶ
645 3628 805 3712 ίασίμοις,
839 3620 936 3714 ζςόοις
963 3629 1101 3704 πολλοῖς
1128 3626 1186 3693 καί
1212 3628 1396 3714 διαφόροις,

282 3725 435 3811 ἀλκίμοις
453 3725 509 3792 καὶ
528 3725 795 3813 ἀσθενεστέροις,
816 3729 992 3813 ἕδωδίμοις
1006 3725 1063 3794 καί
1083 3728 1246 3815 ἐνεργοῖς,
1268 3726 1399 3815 ἡμέροις

353 3882 366 3933 1
385 3881 441 3948 ιιιη
460 3881 503 3946 ιο,
521 3883 555 3934 ω
570 3882 574 3951 Ι
592 3884 603 3934 1
624 3885 716 3936 Ριιιω
737 3883 794 3950 ιοι,
812 3886 828 3934 2
844 3885 848 3948 ι
863 3886 879 3934 2
898 3884 947 3935 ιιι
964 3883 1034 3947 τοι

282 4037 300 4087 4
317 4033 403 4100 στολή
421 4040 432 4085 t
451 4032 456 4101 Ι
478 4033 510 4086 10
526 4031 577 4086 καλ
594 4025 747 4103 ἀναπνοήν
762 4036 799 4101 >
815 4043 827 4088 λ
846 4037 851 4102 Ι
873 4038 905 4089 14
922 4034 973 4088 καλ
990 4030 1023 4088 τό
1039 4037 1108 4103 >y
1128 4033 1134 4102 Ι
1159 4036 1191 4089 1⁴
1208 4035 1247 4088 τά
1264 4029 1399 4103 θορμέκε-

284 4118 356 4171 οθοι
375 4137 392 4172 x
407 4121 412 4187 Ι
431 4120 460 4172 15
479 4113 609 4187 χωρήσας
625 4135 643 4186 y
662 4120 667 4185 Ι
689 4120 721 4172 18
739 4112 910 4181 ἀτιθάοσοις
927 4129 940 4172 t
959 4119 963 4187 Ι
986 4119 1026 4172 12.
1039 4121 1073 4172 20
1090 4113 1235 4180 καλλύνας
1251 4127 1290 4184 ιι,
1307 4119 1399 4172 ιιοιιιί-

284 4203 372 4270 λαςγ
393 4205 397 4268 Ι
417 4201 738 4272 2οκλοντήσαςαΙ2Ι
759 4197 1215 4274 κήτοςῖΙ22τὲγΙ2λύςι,
1235 4200 1401 4271 είςγλΙῖδ

284 4287 440 4355 πλωτῆρσιν
457 4307 474 4341 x
500 4291 504 4353 Ι
528 4290 562 4341 28
580 4282 728 4358 χειμάρσις
744 4307 761 4342 ι
782 4292 786 4354 Ι
806 4291 840 4342 28
856 4280 993 4349 ἀεννάοις
1010 4297 1042 4356 χῖ
1061 4290 1065 4352 Ι
1087 4289 1122 4340 28
1138 4281 1236 4354 όρεσιν
1254 4307 1270 4342 x
1289 4288 1295 4358 Ι
1312 4288 1351 4340 28.
1362 4289 1401 4340 29

285 4385 315 4423 το
333 4372 506 4440 περισφίξας
522 4393 540 4442 y
555 4377 560 4442 Ι
574 4375 609 4427 29
626 4368 698 4440 ἕδρα
714 4392 732 4427 1
748 4374 752 4442 Ι
767 4373 801 4426 29
818 4371 868 4426 καλ
885 4373 919 4438 -Ι-
935 4391 955 4441 y
970 4374 974 4442 Ι
989 4373 1022 4428 32
1040 4364 1197 4428 ἀσθενέσιν
1213 4392 1232 4442 y
