3120 4980
693 1276 810 1346 Βλάψων
823 1278 870 1346 μὲν
883 1280 920 1346 μὴ
933 1278 1045 1348 μεγάλα,
1059 1277 1191 1340 δηλώσων
1205 1278 1233 1332 rt
1247 1274 1283 1332 ὧν
1297 1280 1421 1351 δεόμεθα.

260 1479 324 1574 lus
351 1509 560 1574 christianum
583 1521 656 1575 aute
679 1509 926 1576 Constantinum
954 1512 1137 1579 inveterato.
1158 1514 1264 1600 potius
1297 1515 1452 1580 ecclesiae

260 1619 494 1684 consuetudine
518 1618 830 1706 christianorumque
851 1620 1010 1692 moribus,
1036 1643 1132 1706 quam
1149 1621 1203 1685 eut
1227 1623 1453 1709 cpiscoporum

260 1727 373 1792 edictis
400 1736 455 1794 eut
481 1726 680 1813 synodorum
708 1727 795 1791 scitis
819 1737 873 1792 aut
894 1728 960 1792 ulle
985 1727 1124 1814 denique
1148 1739 1237 1794 certa
1264 1732 1453 1796 auctoritate

261 1835 523 1900 constituebatur.
549 1857 624 1900 nam
648 1835 704 1900 illc
726 1845 872 1924 ternpore
894 1842 978 1920 νόμοι
1003 1838 1201 1901 vocabantur
1223 1851 1398 1926 praecepte
1418 1840 1454 1904 in
1498 1872 1501 1880 ·

259 1944 475 2029 pentateucho
499 1943 648 2024 collecte,
679 1943 761 2008 sicut
789 1944 874 2028 leyen
899 1943 983 2030 apud
1008 1944 1171 2010 Romanos
1194 1946 1452 2032 appellabantur,

261 2073 342 2136 quae
359 2051 548 2116 condicione
565 2052 675 2139 populi
694 2053 799 2117 libera
819 2052 904 2116 latae
925 2061 1042 2116 essent.
1075 2052 1133 2117 sed
1156 2077 1350 2144 quamquam
1372 2057 1452 2120 anti·

261 2158 420 2245 qnissinris
436 2161 635 2246 temporibus
651 2159 742 2246 leges
758 2159 904 2224 iudaicae
920 2160 1060 2224 tenuisse
1078 2161 1268 2226 christianos
1290 2162 1452 2244 videntur,

261 2289 359 2352 quum
373 2266 428 2352 qui
444 2267 485 2330 ad
502 2289 586 2332 nova
600 2290 690 2332 sacra
705 2277 969 2332 converterentur
981 2267 1094 2332 Iudaei
1107 2279 1249 2334 veterem
1260 2271 1453 2357 religionem

260 2395 326 2438 non
342 2374 449 2439 statim
465 2375 646 2456 abicerent,
663 2373 721 2440 sed
737 2375 963 2462 superstitione
979 2375 1013 2440 in
1030 2376 1169 2467 speeiem
1186 2377 1364 2442 severitatis
1382 2401 1451 2444 cor-

260 2492 355 2569 rupta
372 2483 564 2548 christianae
586 2483 728 2548 libertati
749 2482 887 2548 illudere
910 2493 1122 2548 conarentur:
1146 2494 1255 2552 tamen
1279 2509 1317 2552 ea
1338 2497 1452 2566 aetate,

262 2589 301 2656 dc
318 2613 382 2676 qua
398 2613 484 2656 nunc
501 2613 579 2677 ago,
610 2590 845 2678 pentateuchus
870 2590 1069 2677 theologiae,
1101 2615 1165 2656 non
1188 2593 1265 2658 iuris
1288 2594 1359 2660 sons
1383 2615 1453 2658 esse

260 2697 453 2762 credebatur
471 2698 686 2786 (comparatas
702 2698 794 2786 leges
811 2699 968 2764 mosaicas
982 2709 1013 2763 et
1028 2721 1177 2766 romanas
1195 2700 1219 2789 ¹)
1237 2701 1373 2766 eeclesia
1389 2725 1454 2767 nou

258 2806 339 2870 vidit
357 2806 418 2870 nisi
434 2805 647 2894 mancipata);
667 2828 772 2892 neque
789 2806 830 2872 ad
847 2830 905 2871 nos
922 2807 1061 2894 pertinet
1077 2809 1183 2894 ἐκλογὴ
1201 2821 1255 2872 τοῦ
1271 2817 1359 2896 παρὰ
1375 2813 1454 2874 θεοῦ

260 2914 515 2986 &simmaea
534 2915 683 2987 δοθέντος
699 2921 792 2999 νόμον
810 2927 874 2988 τοῖς
894 2916 1113 3002 Ἰσραηλίταις,
1139 2938 1235 3004 quam
1252 2917 1353 2982 edidit
1368 2917 1395 2981 Ι.
1414 2917 1452 2982 Β.

259 3019 439 3087 Cotclcrius
460 3021 486 3110 ²)
519 3031 623 3092 torm
648 3043 665 3084 e
693 3022 900 3109 pentateuchi
926 3022 1034 3087 verbis
1062 3023 1271 3110 compositam
1299 3036 1332 3088 ct
1363 3026 1452 3111 quasi

259 3139 452 3195 contextam.
478 3132 595 3198 ἐντολαὶ
613 3139 720 3194 autern
732 3130 832 3216 ipsius
846 3128 967 3195 Christi
983 3130 1139 3196 mandata
1151 3143 1243 3195 erant
1259 3155 1325 3201 non
1342 3155 1451 3199 neces·

258 3237 350 3302 sitate
367 3238 474 3325 alique
491 3238 651 3324 cogentis,
681 3238 738 3302 sed
764 3237 872 3302 diuina
894 3236 1062 3324 religionis
1087 3247 1119 3302 et
1142 3239 1259 3306 ameris
1280 3241 1450 3308 necessitu-

259 3343 333 3409 dine
356 3344 397 3410 ed
420 3345 480 3410 sibi
503 3345 747 3432 obsequendum
772 3345 937 3412 invitantis
961 3355 994 3410 et
1017 3347 1189 3430 trahentis,
1219 3372 1318 3435 quum
1334 3349 1454 3416 iustitia
1497 3383 1500 3388 ·

259 3451 433 3519 christiane
448 3477 513 3520 non
529 3455 717 3541 imperetur,
741 3455 799 3520 scd
815 3455 970 3541 gignatur
986 3465 1018 3517 et
1034 3475 1052 3520 e
1067 3477 1161 3520 sacra
1176 3456 1314 3542 quadam
1332 3455 1453 3524 Christi

259 3561 349 3646 quasi
364 3563 559 3650 contagione
576 3563 659 3628 ultro
677 3563 856 3649 provemat.
883 3561 1038 3640 διατάξεις
1052 3584 1130 3628 vero
1145 3575 1178 3630 ct
1193 3570 1452 3646 constitutiones,

257 3677 292 3731 ut
306 3668 506 3756 principibus
523 3671 675 3752 romanie,
693 3672 736 3734 ita
753 3671 905 3758 apostolis
923 3670 1205 3736 adscribebantur:
1223 3671 1267 3737 ita
1283 3659 1401 3752 tamen,
1419 3685 1454 3738 ut

257 3777 315 3840 etsi
334 3789 441 3841 essent
458 3779 511 3864 qui
529 3779 771 3844 constitutiones
788 3779 980 3866 apostolicas
998 3781 1037 3843 ab
1055 3779 1132 3867 ipsis
1150 3778 1269 3844 Christi
1288 3781 1453 3866 discipulis

257 3883 358 3948 editas
384 3883 576 3967 crederent,
610 3887 662 3952 vix
692 3887 782 3952 multi
811 3887 1034 3952 invenirentur
1056 3887 1111 3972 qui
1134 3887 1175 3952 ad
1198 3909 1251 3952 eas
1274 3911 1452 3974 provocare

256 3990 423 4056 auderent.
462 4001 602 4075 κανόνες,
631 4016 712 4080 quos
728 3995 826 4059 latine
843 3997 992 4082 repulus,
1021 3995 1173 4058 hebraice
1194 4002 1260 4081 nup
1282 4019 1451 4083 possumus

257 4099 365 4166 dicere
380 4102 424 4189 ³),
458 4101 692 4188 aquibusdam
717 4103 808 4189 quasi
835 4103 904 4168 iure
930 4101 1082 4168 consultis
1107 4101 1288 4168 eluistianis
1313 4103 1451 4169 destine-

255 4211 375 4275 bentur
391 4212 450 4292 eis,
481 4212 535 4300 qui
557 4211 598 4276 ad
619 4213 866 4298 gubernandam
885 4213 1053 4278 ecclesiam
1076 4211 1170 4277 electi
1195 4212 1315 4277 habere
1332 4215 1453 4281 ucllent

336 4425 354 4478 ¹)
368 4427 415 4470 Lex
431 4429 467 4470 det
482 4431 518 4470 ed.
534 4431 572 4470 Fr.
588 4429 696 4479 ltlubme,
718 4431 809 4470 Bonuae
826 4429 886 4470 1888.
903 4450 928 4460 -
948 4426 966 4480 ²)
980 4431 1090 4470 scelestae
1106 4439 1200 4478 graecae
1219 4435 1362 4472 monumenta
1379 4434 1423 4472 acl.
1440 4433 1450 4472 1

254 4511 276 4550 p.
289 4501 363 4539 1—et.
380 4501 452 4540 Paris.
469 4501 530 4542 1637.
549 4521 576 4533 -·
594 4499 612 4551 ¹)
632 4503 721 4552 Ulpiani
741 4505 800 4542 liber
819 4503 948 4550 regularum
969 4505 992 4541 et
1013 4502 1113 4542 eiusdem
1136 4503 1260 4550 fragmenta
1281 4513 1293 4540 a
1312 4504 1450 4552 uosckinaio

254 4574 314 4616 edito
335 4573 425 4625 unane
444 4583 503 4615 sano
521 4574 581 4616 teoo.
605 4574 668 4616 Zuuz
687 4574 724 4614 dle
744 4573 967 4624 gottesdtsustltebeu
983 4573 1088 4624 coruino
1107 4575 1147 4616 der
1160 4575 1236 4614 Judcn
1251 4586 1273 4626 p.
1284 4576 1318 4645 91.
1333 4577 1367 4618 92.

1203 4661 1233 4706 αἱ
