3160 4976
1410 431 1457 500 51

263 607 315 672 διά
349 616 377 671 τί
414 611 527 679 αὐτοὺς
557 610 573 670 ἐ
604 610 732 692 χριστὸς
767 609 926 676 ἐναντίους
953 611 971 678 ἡ
1001 608 1017 669 ὁ
1046 605 1217 678 ἀπόστολος
1250 609 1467 692 άντιχρὶστους
1570 671 1571 680 ,

266 719 425 800 ὀνομάζει.

265 824 478 910 Σατουρνῆλος
500 823 593 896 ἄλλος
611 827 672 887 ἀπὸ
689 824 822 895 Σοὺκκης
853 824 944 887 εἶπεν·
986 825 1026 886 Οἱ
1052 821 1183 900 ἐθνικοί,
1216 825 1243 885 εἰ
1276 831 1325 888 καί
1354 823 1466 889 εἴδωλα
1486 823 1523 905 νβ

265 929 420 1015 σέβονται,
439 937 523 1015 ὅμως
540 935 591 993 τάν
608 933 683 994 θεὸν
701 939 822 1016 πατέρα
839 940 889 995 καί
906 940 1026 1003 κτίστην
1045 936 1275 1016 ἐπινινώσκουσι
1292 942 1342 996 καί
1359 933 1466 1016 ὁμολο-

235 1059 248 1096 ο
265 1051 353 1125 ’χοῦσι
373 1039 532 1111 δεσπότην.
551 1042 595 1112 εἰς
612 1051 717 1102 τοῦτον
734 1042 880 1125 Μαρκίων
900 1039 1081 1128 βλασρημεῑ
1095 1049 1146 1104 καί
1169 1041 1266 1111 τινές*
1283 1043 1335 1103 οῦκ
1352 1043 1465 1124 αἰσχῦ-

264 1171 367 1212 νονται
388 1149 446 1209 τὸ*
470 1149 652 1233 Μαρκίωνος
675 1147 841 1231 βάπτισμα
866 1148 1092 1232 δοκιμάζοντες.
1118 1160 1186 1220 πῶς
1210 1149 1260 1211 οὖν
1286 1153 1315 1210 οἰ
1337 1159 1466 1211 τοιοῦτοι

267 1259 432 1341 ἱερωσύνην
456 1267 511 1318 τοῦ
532 1257 611 1318 θεοῦ
627 1261 645 1327 ἢ
664 1255 869 1343 ρυλάσσουσιν
887 1263 905 1328 ί,
922 1257 1086 1320 ἐκδικοῦσιν
1110 1262 1138 1319 οι’
1158 1264 1230 1328 τοῦς
1253 1258 1392 1342 ἐχθροὺς
1413 1267 1466 1319 τοῦ

266 1365 346 1428 θεοῦ
363 1371 404 1446 μη
423 1362 627 1445 βαπτίζοντες
643 1373 693 1426 καί
710 1367 811 1436 οὕτως
827 1369 933 1436 αὐτοῖς
949 1375 1177 1434 κοινωνοῦντας

265 1471 441 1558 Μάρκελλος
455 1475 515 1535 ἀπὸ
524 1472 637 1546 Μάζης
650 1471 741 1534 εἶπεν·
758 1471 870 1536 Ὁπότε
884 1477 996 1560 άρεσις
1007 1475 1168 1557 ἁμαρτιῶν
1179 1471 1300 1555 οὐδαμῆ
1309 1475 1337 1535 τί
1349 1471 1425 1559 [μὴ]
1438 1476 1467 1536 ἐν
1487 1499 1525 1558 νγ

225 1601 250 1640 ιο
266 1583 342 1663 μόνη
360 1593 396 1660 τῇ
415 1580 555 1660 ἐκκλησία
568 1578 696 1658 δίδοται,
714 1583 730 1641 ὁ
744 1585 890 1666 αἱρετικὸν
901 1587 944 1664 μὴ
954 1579 1114 1662 βαπτίζων
1131 1581 1309 1664 ἁμαρτωλῷ
1322 1567 1466 1644 κοινωνεὲ.

269 1687 432 1771 Εἰρηναῖος
450 1691 511 1750 ἀπὸ
529 1687 635 1750 θάλῦιν
653 1687 743 1750 εἶπεν·
764 1687 799 1748 Ec
815 1687 867 1751 διὰ
884 1698 973 1751 τοῦτο
989 1695 1007 1760 ἡ
1031 1677 1172 1759 ἐκκλησία
1188 1693 1239 1750 τέν
1258 1694 1406 1774 αἱρετικὸν
1431 1693 1465 1751 οά
1488 1693 1527 1755 νδ

269 1792 425 1877 βαπτίζει,
444 1800 487 1857 δτι
505 1793 564 1866 ἤδη
582 1794 702 1879 λέγεται
720 1793 959 1877 βεβαπτίσθαιε
983 1806 1132 1883 προκρίνει
1157 1802 1176 1869 ἡ
1195 1800 1313 1882 αἵρεσις
1337 1805 1386 1860 καί
1403 1805 1469 1880 μεί-

270 1905 331 1977 ζων
348 1910 476 1986 γίνεται.

269 2013 416 2082 Δωνάτος
444 2014 504 2074 άπδ
527 2007 727 2093 Κιβαλιανῆς
755 2011 848 2074 εἶπεν·
880 2011 964 2096 Ἐγὼ
993 2019 1066 2094 μίαν
1090 2012 1247 2084 ἐκκλησίαν
1277 2021 1328 2075 καί
1352 2013 1382 2073 ἐν
1406 2009 1467 2093 βά-
1487 2031 1542 2077 σε’

226 2141 251 2178 ιο
274 2140 396 2202 πτισμα
413 2117 494 2181 οέδα.
512 2121 539 2181 εἰ
554 2122 634 2180 ἐστιν
652 2121 667 2182 ἐ
683 2119 779 2203 λέγων
796 2126 883 2205 παρὰ
896 2131 961 2192 τοῖς
974 2123 1134 2206 αι’ρετικοῑς
1146 2125 1240 2207 χάριν
1253 2119 1470 2204 βαπτίσματος

269 2227 358 2306 εἶναι,
376 2231 521 2313 πρότερόν
538 2231 618 2290 ἐστιν
635 2231 685 2289 ἰ’να
703 2227 847 2313 άποδείξρ
873 2233 934 2291 ἐκεῖ
948 2228 1116 2301 ἐκκλησίαν.

270 2337 411 2418 Ζὼσιμος
429 2338 490 2399 ἀπὸ
508 2335 658 2419 Θαραζοῦ
675 2336 772 2398 εἶπεν·
802 2337 1098 2424 Ἀποκαλυρθτίσης
1115 2349 1170 2409 τῆς
1188 2338 1346 2409 ἀληθείας
1363 2359 1468 2422 παρα·
1488 2357 1526 2405 vr

271 2451 411 2528 χωρείτω
428 2448 446 2515 ἡ
465 2442 563 2514 πλάνη
581 2456 617 2523 τῇ
635 2443 784 2524 ἀληθείᾳ.
802 2453 853 2507 καί
870 2451 931 2529 γὰρ
949 2448 965 2508 ὁ
983 2445 1098 2529 Πέτρος
1116 2450 1261 2531 πρότερον
1287 2449 1466 2530 περιτεμνό-

270 2571 362 2634 μενος
379 2556 586 2636 παρεχώρησε
602 2551 716 2631 Παύλῳ
732 2558 786 2623 τήν
804 2552 957 2623 ἀληθειαν
975 2558 1144 2638 κηρύσσειν.

224 2681 253 2720 κο
271 2659 441 2732 Ἰουλιανὸς
465 2662 525 2722 άπδ
551 2658 707 2731 Φιλίππης
738 2661 835 2722 εἶπεν·
861 2661 1049 2746 Γέγραπται·
1083 2666 1116 2724 οῦ
1142 2660 1269 2725 δύναται
1295 2661 1468 2745 ἅνθρωπος
1487 2658 1526 2731 νζ

270 2765 442 2850 λαμβάνειν
458 2766 555 2848 οὐδέν,
572 2769 626 2828 ἐὰν
642 2772 684 2849 μη
701 2767 721 2848 η
739 2767 898 2850 δεδομένον
915 2772 1001 2849 αὐτῷ
1018 2773 1050 2832 ἐκ
1065 2781 1119 2832 τοῦ
1136 2773 1280 2854 ούρανοῦ.
1303 2773 1362 2840 εἰη
1381 2772 1467 2856 αίρε-

270 2895 317 2946 σις
336 2873 370 2951 ἐξ
382 2879 514 2960 οὐρανοῦ
531 2879 605 2955 ἐστι,
624 2874 753 2939 δύναται
771 2885 821 2938 καί
837 2879 977 2961 οὐράνιον
995 2876 1161 2960 βάπτισμα
1178 2877 1295 2941 δοῦναι.

270 2985 417 3056 Φαῦστος
434 2986 495 3048 ἀπὸ
513 2982 655 3064 Θημέδης
675 2982 805 3068 Ῥηνίας
834 2985 934 3049 εἶπεν·
959 2987 1009 3056 Μὴ
1033 2986 1270 3069 χλιυαζέτωσαν
1293 2989 1424 3056 ἐαυτοῦς
1440 2989 1470 3048 σι’
1486 3008 1521 3070 νη

270 3088 467 3172 βοηθοῦντες
483 3101 547 3163 τοῖς
564 3094 734 3176 αἰρετικοῑς.
768 3097 798 3155 οί
811 3099 874 3179 γὰρ
891 3098 924 3155 τὸ
941 3105 1002 3156 τῶν
1020 3099 1178 3180 αἰρετικῶν
1201 3099 1278 3178 πρὸς
1294 3098 1328 3155 τό
1345 3105 1403 3165 τῆς
1420 3097 1468 3154 ἐκ·

225 3221 252 3260 κο
269 3198 396 3271 κλησίας
413 3196 579 3282 βάπτισμα
593 3203 782 3283 ἐνιστάμενοι
798 3204 928 3273 ἐκείνους
943 3207 999 3284 μέν
1015 3208 1224 3287 χριστιανοῦς,
1235 3208 1321 3284 ἡμᾶς
1332 3201 1365 3266 δέ
1382 3205 1466 3288 αἱρε-

270 3313 370 3379 τικυῦς
387 3318 535 3370 ποιοῦσιν.

269 3415 396 3497 Γέμινος
419 3419 479 3478 άπὸ
502 3417 635 3500 Φέρμης
658 3417 748 3480 εἶπεν·
776 3419 864 3489 Τινὲς
880 3428 941 3480 τῶν
959 3421 1184 3481 συνεπισκόπων
1210 3425 1281 3492 τοῦς
1298 3423 1467 3505 αἱρετικοῦς
1485 3417 1525 3482 νδ

270 3535 426 3608 προκρῖναι
440 3527 559 3587 ἑαυτῶν
571 3521 733 3605 βούλονται
746 3529 796 3588 καί
810 3525 862 3587 διὰ
874 3537 972 3603 τοῦτο,
986 3527 1023 3606 [ὅ]
1037 3523 1126 3602 ἅπαξ
1136 3528 1302 3610 ἐκρίναμεν,
1316 3540 1405 3591 τοῦτο
1415 3537 1465 3592 καί

269 3638 449 3714 κατέχομεν,
466 3634 515 3693 ἵνα
532 3639 604 3703 τοῦς
620 3636 682 3696 ἀπὸ
699 3637 845 3718 αἱρέσεων
861 3639 1048 3720 ἐρχομένους
1063 3641 1189 3707 τούτους
1205 3633 1419 3717 βαπτίσωμεν.

225 3766 252 3804 so
274 3737 471 3824 Ῥοροτιανάς
498 3742 559 3802 ἀπὸ
588 3743 693 3813 Οίισης
731 3741 823 3805 εἶπεν·
849 3745 912 3814 Τὴν
940 3744 1096 3815 ἐκκλησίαν
1121 3748 1248 3827 χριστὸς
1276 3741 1502 3832 ᾡκοδέμησε,ρ

269 3853 322 3917 τὴν
339 3851 453 3932 αἳρεσιν
471 3845 627 3930 διάβολος.
652 3859 720 3921 πῶς
736 3849 787 3912 οὖν
805 3849 933 3913 δίναται
950 3854 1031 3936 ἐχειν
1049 3851 1214 3935 βάπτισμα
1228 3861 1356 3936 χριστοῦ
1372 3856 1391 3923 ἡ
1409 3871 1464 3912 συ-

267 3963 398 4041 ναγωγὴ
414 3967 468 4019 τοῦ
486 3954 651 4039 διαβέλου;

350 4131 508 4190 δΣστορνίλος
522 4138 547 4176 Ρ.
563 4159 590 4168 -
604 4132 675 4192 Συκῆς
690 4139 715 4178 Ρ.
731 4159 758 4168 -
773 4135 847 4180 τῐέολα
862 4139 887 4179 Ρ.
903 4161 931 4170 -
945 4141 958 4180 5
972 4136 1040 4185 *πῶς
1054 4139 1080 4178 P.
1092 4157 1118 4170 -·
1133 4137 1145 4177 6
1160 4135 1203 4176 ⁸01
1218 4135 1243 4177 τὸ
1257 4139 1282 4177 Ρ.
1298 4158 1325 4168 -·
1338 4134 1463 4182 πῶςτειοιν.

270 4221 303 4249 νε,
315 4211 363 4252 διν
372 4209 398 4248 Ρ.
409 4211 459 4249 -ῦ
473 4207 548 4262 Ζέμης
563 4211 587 4250 Ρ.
604 4231 630 4242 -·
645 4207 723 4266 ἐφεσις
736 4213 762 4260 Ρ,
778 4207 886 4266 ἀπόφασις
900 4213 930 4251 Μ.
947 4232 974 4241 -
988 4208 1086 4264 οὐδαμοῦ
1100 4211 1125 4252 Ρ.
1141 4230 1168 4240 -
1183 4207 1213 4263 μὴ
1229 4222 1254 4250 ιν
1268 4211 1299 4261 1,
1314 4211 1382 4251 hubot
1396 4210 1422 4249 P.
1437 4230 1465 4239 —

269 4283 295 4322 1⁰
309 4279 365 4337 μάνη
375 4283 435 4322 ινΡ.
447 4301 474 4312 -
489 4279 611 4335 αἰρττικοὺς
626 4284 651 4323 Ρ.
667 4285 707 4324 τοῦ
722 4281 734 4324 ἐ
749 4281 857 4337 ιιΙρετικέν
871 4285 890 4323 Ρ
904 4294 952 4324 τεν.
968 4285 1020 4324 leet.
1036 4305 1063 4314 -
1079 4286 1104 4325 1έ
1119 4281 1214 4328 Δονέτυτ
1224 4283 1248 4322 Ρ.
1261 4303 1287 4312 -
1308 4279 1427 4336 Κιβιιλινῆς
1437 4283 1462 4332 Ρ,

266 4355 307 4393 ned
316 4355 390 4402 3=M.
401 4373 427 4384 -
437 4349 577 4407 Ἐτιίννιίστιν
593 4367 627 4395 ιε.
640 4357 665 4396 15
674 4357 732 4396 ΝΡ.
743 4377 770 4386 -
780 4357 806 4395 16
820 4353 924 4410 πρότερον
940 4352 1077 4405 ἐποέτιξέτω
1092 4357 1117 4394 P.
1130 4377 1157 4386 -
1168 4357 1192 4396 18
1202 4355 1312 4410 κτίψκηρ.
1329 4365 1362 4395 τε.
1375 4355 1463 4396 19ιυΡ,

269 4447 293 4454 -
310 4427 336 4465 Po
351 4420 458 4465 Φιλίππου
473 4426 498 4465 Ρ.
516 4447 543 4456 -
558 4424 605 4467 κίκι
620 4428 645 4467 Ρ.
663 4449 691 4458 -
705 4429 730 4468 21
747 4427 781 4468 τῦ.
799 4428 833 4468 ἐπ’
850 4425 884 4469 οδ.
900 4439 921 4477 ι.
940 4449 966 4459 -
980 4429 1007 4468 ²³
1016 4423 1115 4473 Φαῦστος
1125 4428 1150 4468 Ρ.
1161 4449 1188 4459 -
1202 4423 1323 4484 ‘Pu-‘inem
1333 4429 1358 4477 Ρ,
1369 4423 1464 4480 θημίδσς

268 4497 337 4554 ῥιηίας
358 4509 380 4547 ς.
401 4519 428 4528 -
449 4495 484 4551 1Ιὴ
495 4508 517 4540 -ε
527 4499 553 4538 24
567 4497 687 4552 αέριτικοίς
700 4511 726 4540 ιν
740 4500 767 4540 P.
787 4521 814 4530 -
835 4501 863 4541 24
876 4499 917 4555 γάρ
931 4513 956 4542 ev
971 4501 996 4539 Ρ.
1017 4521 1044 4531 ·-
1065 4503 1092 4542 νῦ
1113 4499 1133 4554 β.
1150 4497 1270 4551 ἐξιοοῦντις
1284 4499 1375 4544 ἐκείνοις
1395 4511 1417 4550 ς.
1437 4520 1464 4529 -

266 4571 292 4610 ῦί
308 4565 400 4622 Γεμῖνος
414 4572 439 4610 Ρ.
456 4593 482 4602 -
496 4570 653 4615 Τινέτψτσῦτο
668 4583 702 4613 vn.
718 4574 744 4613 28
759 4585 785 4614 ιν
799 4574 824 4613 Ρ.
842 4595 865 4602 -
881 4575 907 4614 28
922 4571 942 4623 ἐ,
958 4574 1018 4624 quod
1028 4573 1047 4614 0
1058 4575 1144 4622 serum,
1161 4574 1262 4623 ιςινοιτίέ
1276 4574 1301 4613 P.
1313 4593 1339 4602 -
1349 4574 1376 4612 20
1390 4570 1462 4624 βαπτί-

267 4645 341 4697 ζιυμεν
355 4645 380 4684 Ρ.
392 4665 419 4674 -
433 4647 460 4685 ³0
475 4639 605 4702 Ροχιιτισνές
619 4646 645 4685 Ρ.
660 4665 687 4674 -
702 4641 749 4685 uta·
764 4647 789 4686 P.
804 4666 831 4676 -
846 4643 858 4686 ἐ
872 4641 963 4700 Χριστος
974 4647 998 4685 Ρ.
1015 4667 1041 4676 -
1056 4647 1081 4687 ³1
1097 4643 1109 4688 ἐ
1123 4642 1225 4698 διάβολος
1239 4646 1264 4685 P·

1209 4737 1255 4788 48
