3128 4972
698 479 907 538 „21-

201 646 321 710 veteris
359 645 555 710 testamenti
590 653 803 728 praeceptum
840 645 1017 730 respiciens
1053 645 1246 730 Polycrates
1280 642 1407 709 Victori

200 764 370 848 scripsit¹2
408 770 576 843 πειθαρχεῖν
607 767 652 824 δεῖ
682 767 745 840 θεῷ
773 766 883 842 μᾶλλον
916 756 931 842 ἢ
965 761 1142 844 ἀνθρώποις.
1198 764 1405 848 Quamquam

200 891 324 964 autem,
350 882 439 968 quod
462 883 504 947 ad
526 883 613 947 diem
636 882 770 962 attinet,
795 883 916 948 veteris
939 883 1133 948 testamenti
1157 892 1333 968 praecepta
1356 906 1406 947 re·

202 1003 403 1088 spioiebant,
432 1013 545 1068 tamen
567 1024 619 1067 res
646 1003 718 1087 ipsa
741 1024 828 1067 mere
853 969 1032 1068 christiand
1060 1013 1142 1068 erat.
1189 1005 1271 1068 Erat
1294 1024 1407 1067 revera

200 1118 283 1202 ἑορτὴ
301 1121 447 1202 σωεὴριος.
463 1161 502 1171 -
522 1123 587 1187 Sed
610 1145 676 1187 non
696 1122 803 1186 solum
820 1123 941 1186 veteris
964 1123 1158 1188 testamenti
1181 1125 1267 1208 lege,
1292 1143 1407 1187 verum

202 1243 304 1306 etiam
335 1241 475 1306 historia
513 1242 706 1326 evangeliea
743 1242 833 1306 nisus
864 1243 1059 1327 Polycrates
1092 1243 1281 1320 contendit,
1319 1242 1406 1305 diem

201 1370 357 1446 quartum
379 1360 544 1426 decimum
568 1383 602 1426 se
627 1364 801 1426 observare
824 1357 901 1423 κατὰ
919 1358 952 1423 τὸ
970 1357 1161 1442 εὐαγγελιον’.
1195 1362 1289 1426 Quae
1305 1362 1405 1426 verba

202 1481 280 1566 quid
292 1481 355 1544 ibi
365 1481 480 1560 velint,
498 1481 620 1546 reotins
637 1481 874 1565 intelligemus,
893 1481 950 1544 nbi
966 1482 1203 1565 inspexerimus
1221 1481 1407 1565 fragmenta

202 1601 271 1680 illa,
297 1622 380 1686 quae
403 1622 444 1664 ex
467 1601 659 1679 Hrsronrsr,
686 1603 889 1665 Aronrrmnn
914 1601 1015 1684 (sici),
1041 1601 1227 1666 Canusinus
1251 1607 1407 1665 Aunxns-

201 1741 298 1785 numer
321 1721 414 1784 libris
437 1719 471 1784 in
494 1719 649 1784 chronioo
672 1721 843 1803 paschali⁸
868 1691 1088 1785 asservantur.

289 2027 470 2092 Hirronrri
493 2027 683 2110 fragmenta
706 2031 787 2092 haee
810 2039 903 2092 sunt:

291 2151 321 2212 1.
346 2148 373 2210 E
398 2147 481 2212 libro
506 2143 597 2228 ,πρὸς
617 2145 738 2214 ἁπάσας
754 2143 809 2214 τὰς
827 2145 981 2228 ιιίρέσεις“;
1023 2181 1025 2186 .

288 2273 364 2356 Ὁρώ
382 2269 433 2353 μίν
452 2265 500 2336 οὖν
519 2270 571 2346 ὄπι
589 2273 760 2354 φιλονεικίας
782 2271 815 2337 τὸ
833 2275 921 2356 ἔργον.
948 2273 1018 2354 λέγει
1040 2271 1095 2356 γάρ
1114 2269 1217 2342 οὕτως·
1241 2272 1354 2352 ἐποίησε
1376 2269 1409 2335 πὸ

203 2401 306 2482 πάσχα
329 2401 344 2464 ὁ
364 2400 492 2482 Χριστὸς
514 2401 578 2464 τότε
602 2403 635 2480 τῇ
659 2401 750 2482 ι’γμίρᾳ
775 2395 823 2462 καί
847 2401 972 2464 ἔπαθεν·
996 2398 1038 2464 διὸ
1062 2396 1136 2479 κάμὲ
1155 2404 1198 2464 δεῖ
1217 2398 1249 2463 ὃν
1266 2399 1374 2479 τρόπον
1393 2399 1408 2462 ὁ

201 2529 299 2610 κύριος
326 2528 455 2610 ε’ποίησεν
483 2526 558 2593 οὕτω
586 2538 682 2592 ποιεῖν.
715 2528 893 2608 πεπλάνηται
920 2525 948 2590 δὲ
964 2526 1009 2609 ,μὴ
1035 2527 1176 2611 γινώσκων
1202 2525 1245 2591 ὅτι
1269 2521 1292 2606 ᾧ
1318 2531 1408 2608 καιρῷ

202 2656 327 2738 ἔπασχεν
352 2657 369 2721 ὁ
395 2655 522 2738 Χριστὸς
544 2655 596 2719 οὐκ
618 2656 706 2739 ἔφαγε
729 2654 762 2719 τὸ
786 2655 862 2718 κατά
887 2655 975 2737 νόμον
997 2655 1107 2739 πάσχα.
1135 2649 1219 2724 οὗτος
1242 2653 1297 2738 γὰρ
1322 2647 1353 2734 ἦν
1376 2653 1409 2718 πὸ

202 2785 305 2867 πάσχα
322 2783 356 2849 πὸ
373 2784 634 2867 προκεκηρυγμένον
651 2779 699 2847 καί
716 2781 750 2846 τὸ
766 2783 957 2862 εελειοάμενον
974 2786 1007 2863 τη
1025 2783 1163 2864 ὡρισμένη
1181 2781 1281 2865 ἡμίρη.

290 2912 320 2971 2.
345 2907 374 2970 Ε
398 2906 482 2970 libro
507 2897 658 2984 ,περὶτοῦ
677 2901 759 2982 ἁγίου
778 2903 915 2984 πάσγα“;

295 3029 370 3095 Οὐδὲ
388 3032 416 3094 ἐν
433 3041 494 3102 τοῖς
512 3033 636 3112 πρώτοις
654 3027 718 3094 οὐδὲ
737 3031 842 3100 ἐνεοῖς
859 3028 1044 3110 ε’σχάκοιςώς
1061 3025 1112 3090 οὐκ
1130 3027 1287 3107 ἐψεύσατο,
1306 3027 1410 3108 πρόδη-

202 3165 253 3224 λον
275 3157 318 3224 ὅτι
340 3159 356 3223 ὁ
377 3159 470 3223 πάλαι
488 3157 630 3242 προειπὼν
652 3155 695 3223 ὅτι
716 3157 816 3221 Οὐκέτι
834 3156 964 3238 φάγομαι
981 3153 1015 3218 τὸ
1033 3154 1133 3236 πάσχα
1157 3153 1273 3225 εἰκότως
1296 3153 1330 3218 τὸ
1358 3152 1408 3234 μίν

203 3291 316 3352 δεῖπνον
333 3287 490 3368 ἐδείπνησεν
508 3285 564 3368 πρὸ
582 3290 632 3350 τοῦ
651 3287 762 3367 πάσχα,
780 3283 813 3348 πὸ
832 3281 861 3347 δὲ
879 3282 979 3365 πάσχα
1002 3279 1053 3345 οὐκ
1075 3281 1188 3364 ἔφαγεν,
1206 3279 1268 3344 ἀλλ’
1288 3281 1409 3346 ἔπαθεν.

203 3413 270 3478 οὐδὲ
288 3413 342 3496 γάρ
360 3415 460 3496 καιρὸς
478 3407 511 3497 ἦν
527 3421 577 3496 σιής
594 3415 728 3498 βρώσεως·
746 3411 843 3476 αὐτοῦ.

289 3528 446 3592 Dubitari
469 3551 533 3591 non
558 3537 687 3612 potest,
719 3527 796 3608 quin
822 3524 1025 3608 Hippolytus
1049 3523 1100 3587 his
1125 3523 1233 3588 verbis
1257 3523 1409 3588 adversa·

203 3646 288 3712 rium
309 3647 472 3732 quendam
496 3646 680 3731 impugnet,
705 3645 761 3729 qui
783 3647 906 3730 paseha
929 3645 1064 3728 semper·¹
1080 3642 1132 3707 die
1149 3651 1265 3726 quarto
1283 3643 1410 3707 decimo

294 3913 302 3946 ¹
326 3918 438 3977 Euseb.
456 3921 498 3977 H.
515 3920 550 3976 Ε.
568 3920 604 3990 V,
628 3921 684 3987 24,
709 3917 737 3975 7.
775 3917 858 3975 Bene
880 3915 1116 3986 animadvertas,
1142 3914 1232 3992 paulo
1257 3879 1328 3972 ante
1350 3914 1411 3990 legi

205 4003 311 4063 verba:
333 4007 432 4066 πάσαν
448 3999 531 4084 άγίαν
545 3999 655 4083 γραφὴν
673 3998 851 4080 διεληλυθώς,
871 4002 915 4060 ita
935 4007 970 4058 ut
985 4001 1119 4058 dubitari
1135 4020 1195 4058 non
1212 3999 1316 4076 possit,
1337 4001 1411 4076 quin

207 4088 298 4147 verba
327 4095 514 4171 ,πειθαρχεῖν
537 4092 579 4149 δεῖ
599 4092 661 4166 θεῷ
684 4088 790 4166 μάλλον
814 4081 829 4165 ἢ
855 4082 1044 4164 ἄνθρωπος’*
1068 4091 1263 4164 praereptum
1288 4085 1411 4162 aliquod

206 4175 595 4319 δοῄρῗῃλλλελῗρλλὴλλν
629 4260 669 4316 νε
710 4260 730 4316 o

294 4342 305 4374 ⁸
329 4347 376 4406 ed.
392 4303 565 4418 Diunons,
590 4305 620 4416 l,
645 4301 779 4402 li—l5.
