3128 4972
650 457 864 518 ...59-

149 625 270 710 quinto
294 623 490 702 scribentis,
515 645 579 708 quo
603 630 767 708 tempore,
796 623 829 688 id
853 623 942 708 qnod
965 623 1034 708 ipse
1059 622 1266 706 profitetur¹,
1289 623 1360 706 jam

148 746 211 811 vix
247 767 388 830 usquam
428 742 683 808 inveniebantur
723 743 1026 829 quartodecimani?
1079 741 1235 806 Profecto
1275 741 1359 806 nihil

149 865 222 931 iere
246 865 349 930 velet.
397 863 482 928 Cum
504 863 593 928 enim
616 863 672 928 vix
696 863 766 948 ipse
791 864 872 928 satis
898 870 1023 929 certam
1048 862 1181 926 illorum
1206 862 1360 926 hebuerit

150 985 344 1065 scientiam,
375 984 541 1068 quomodo
564 1005 625 1048 nos
648 1006 824 1068 possumus
848 984 878 1048 ei
901 984 941 1048 de
965 983 1033 1047 illis
1055 981 1214 1047 referenti
1235 991 1359 1047 temere

151 1107 255 1172 fidem
278 1105 483 1191 adjungere?
522 1103 621 1168 Certe
644 1106 727 1168 haec
746 1103 948 1168 theodoreti
970 1103 1072 1168 verba
1089 1102 1222 1167 minime
1240 1101 1360 1166 idonea

152 1235 245 1306 sunt,
270 1248 355 1310 quae
378 1232 526 1289 nostram
549 1223 707 1289 refellant
729 1223 941 1303 sententiam,
966 1223 1086 1308 quippe
1110 1244 1193 1308 quse
1214 1221 1359 1287 Eusebio

151 1348 294 1425 nitetur,
319 1352 410 1411 teste
433 1343 492 1408 illo
516 1343 631 1429 ulique
655 1345 761 1408 multo
785 1343 1015 1429 locupletiore.

240 1469 356 1550 Atque
377 1466 450 1550 jam
479 1463 632 1529 omnibus
662 1463 713 1529 his
738 1463 909 1529 Weltaelii
935 1471 970 1528 et
995 1461 1127 1527 Stcitzii
1154 1461 1359 1547 argumentis

154 1587 336 1671 diligenter
358 1584 528 1670 perpensis
552 1583 634 1649 satis
657 1606 752 1668 spero
777 1583 847 1648 fore
870 1590 1034 1668 apertum,
1060 1582 1203 1646 sontium
1227 1581 1360 1665 quidem

153 1705 238 1772 loeis
261 1705 397 1770 minime
421 1703 570 1789 probari,
602 1705 690 1788 quod
716 1702 780 1787 illi,
794 1707 1013 1782 statuerunt,
1031 1701 1173 1767 Asianas
1203 1700 1359 1766 ecclesias

156 1827 342 1892 celebrasse
366 1825 452 1890 diem
475 1832 631 1910 quartum
651 1822 825 1904 decimum,
849 1830 965 1907 utpote
985 1845 1049 1907 quc
1065 1821 1227 1886 Dominus
1244 1820 1359 1884 mortis

154 1969 295 2032 poenam
317 1945 449 2010 luisset.
488 1946 562 2008 Imo
583 1966 623 2009 ex
643 1943 779 2009 Eusebii
799 1943 840 2008 de
860 1945 1020 2029 paschate
1040 1941 1125 2007 libro
1145 1941 1360 2006 manifestum

155 2088 226 2131 esse
247 2065 403 2144 vidimus,
425 2065 500 2129 illas
521 2063 772 2151 synoptiecrum
788 2063 1036 2148 evangeliorum
1052 2061 1268 2147 chronologis
1284 2083 1359 2125 uses

155 2186 385 2264 contendisse,
416 2185 596 2250 Dominum
628 2184 681 2248 die
714 2191 831 2269 quarto
864 2183 992 2248 decimo
1028 2183 1135 2248 edisse
1172 2182 1359 2267 legit-imum

62 2349 64 2352 -
154 2307 357 2371 Judaecrnm
373 2307 507 2389 pascha.
548 2306 657 2370 Quam
672 2327 806 2388 prorsus
823 2305 962 2369 eandem
977 2303 1178 2368 sententiam
1194 2325 1269 2366 cum
1286 2323 1359 2385 prc-

154 2425 328 2512 posuerint
351 2423 634 2510 quartodecimani
656 2423 707 2488 illi
729 2425 770 2488 ab
792 2423 998 2508 Apolinario‚
1024 2423 1207 2502 Clemente,
1233 2422 1359 2506 Hippo·

155 2547 229 2632 lyto
257 2544 463 2630 impugnati,
487 2545 562 2628 jure
592 2543 776 2628 meritoque
804 2543 1088 2628 perseverabimus
1120 2541 1153 2607 in
1185 2564 1240 2622 eo,
1271 2541 1359 2626 quod

156 2667 336 2731 statuimus
342 2714 352 2744 ,
386 2667 447 2728 hos
480 2663 682 2750 Apolinarii,
713 2663 912 2742 Clementis,
948 2663 1123 2748 Hippolyti
1154 2659 1359 2727 adversarios

157 2785 258 2850 fuisse
282 2807 397 2850 revera
420 2785 603 2850 catholicos
627 2784 728 2849 Asiae
751 2783 923 2869 episcopos
948 2782 1181 2866 ecclesiasque.

243 3144 436 3229 Exploratis
459 3166 547 3209 nunc
575 3143 727 3208 omnibus
755 3144 904 3228 quamvis
933 3142 1061 3226 exiguis
1090 3140 1240 3206 fontibus
1267 3163 1359 3225 repe·

157 3273 268 3330 tomus
294 3264 439 3329 breviter
465 3286 503 3329 sc
531 3265 864 3348 comprehendamus,
890 3285 972 3346 quse
1001 3262 1041 3326 de
1066 3261 1264 3326 Asianorum
1293 3261 1360 3327 ritu

158 3384 309 3470 paschali
329 3383 522 3469 reperimus.
569 3383 644 3448 Qua
668 3384 709 3448 de
733 3405 768 3448 re
798 3385 861 3448 hoc
889 3383 1022 3466 quidem
1050 3389 1178 3447 certum
1205 3390 1273 3462 est,
1304 3404 1359 3448 eos
1446 3415 1458 3434 ·

160 3513 312 3590 quartum
329 3504 491 3569 decimum
514 3503 611 3590 primi
632 3503 754 3569 mensis
771 3503 857 3568 diem
879 3525 1046 3588 eumque
1067 3503 1198 3566 solum
1219 3503 1359 3586 diligen·

159 3632 210 3690 ter
238 3627 448 3705 observasse,
478 3625 620 3710 primum
647 3623 780 3709 quidem
808 3625 873 3689 hoc
896 3622 948 3688 dio
965 3623 1175 3709 jejunantes,
1203 3632 1275 3688 tum
1304 3623 1360 3687 sd-

245 3833 386 3898 ¹bseret
403 3838 496 3897 fabul.
514 3835 671 3916 compend.
689 3837 754 3909 111,
771 3840 806 3896 6:
831 3839 1036 3940 Movauveospin
1055 3829 1084 3896 δὲ
1102 3859 1150 3897 και
1142 3829 1360 3898 Ναυατιανῶν

158 3947 217 3985 και
208 3917 691 4028 Τεσσαρεσκαιδεκατιτών
706 3916 932 4002 ἀπήλλακται
898 3945 948 4024 pen
962 3916 979 4026 i!
994 3917 1051 3997 ἑῴα
1065 3916 1258 3989 παντάπασιν,
1274 3916 1359 4000 ἀπήλ-

158 4011 260 4071 λακται
274 4004 304 4071 di
317 4034 366 4072 και
357 4005 529 4090 Αἴγυπτος
543 4033 590 4071 και
582 4002 712 4090 Avplim
729 4005 865 4113 dendr'pa
880 4003 909 4068 δὲ
922 4005 1031 4069 τούτων
1044 4001 1092 4067 καὶ
1106 4002 1123 4086 ἡ
1138 4002 1261 4108 ἑσπέρα
1274 4002 1360 4110 periplo

159 4089 188 4155 di
181 4091 304 4198 σμικρὰ
317 4099 368 4176 τῆς
378 4091 514 4175 Ἀσιανῆς
528 4090 576 4158 καὶ
589 4099 639 4177 τῆς
652 4098 794 4174 Ποντικῆς
808 4091 846 4157 τὰ
861 4090 968 4156 τούτων
964 4089 1083 4194 ἔχοντα
1097 4089 1187 4154 sicar
1139 4084 1187 4164 ζι
1189 4087 1285 4164 (ciem.
1297 4088 1360 4154 odra

158 4176 212 4262 yolo
226 4205 242 4242 c
231 4177 476 4262 ‘Hotspomuxdc
491 4179 616 4254 Πόντος,
637 4176 705 4243 οὗθ’
722 4175 927 4250 Elevoaoesoc,
943 4173 1006 4242 οὔτε
1024 4201 1053 4239 αι
1049 4172 1280 4258 Ἀρμενίαι,’
1247 4201 1310 4239 oms
1330 4175 1363 4240 αἱ

158 4267 357 4338 nauseante,
374 4264 583 4374 criAcxuovra,
599 4293 632 4331 ov
621 4263 778 4338 limonia,
794 4289 827 4328 ov
816 4262 1019 4346 'liupoldum
1035 4259 1193 4334 odAvm',c
1214 4286 1246 4323 cv
1235 4259 1360 4346 ’'Kupra

159 4346 189 4412 di
202 4350 334 4416 τάσδε
302 4377 357 4424 τας
371 4351 487 4438 αἱρέσεις
502 4350 642 4428 ἐδέξω-ω
