3128 4972
664 475 879 542 ...73-

164 646 332 732 poposoit‚
357 655 395 712 ut
412 645 687 714 eonsuetudinem
710 665 804 712 suam
817 647 1044 733 relinquentes
1061 655 1245 714 ceterarum
1269 650 1374 714 eoele-

164 764 289 832 aiarum
311 767 413 832 ritum
436 767 632 852 reciperent.
671 767 772 833 Quod
795 789 871 832 oum
893 768 1010 833 Asiani
1032 776 1234 848 recusarent,
1258 769 1376 834 Victor

165 907 224 952 eos
253 888 296 952 ab
324 888 539 954 eeclesiarum
566 887 797 954 communione
828 887 987 968 exolusit,
1019 889 1157 953 Irenaeo
1186 890 1273 954 hane
1304 890 1374 974 ejus

164 1007 355 1092 snperbiam
371 1008 519 1093 graviter
534 1007 756 1092 vituperante.
790 1007 933 1072 Asianos
951 1029 1029 1074 vero
1045 1010 1171 1073 Romae
1192 1005 1375 1089 ἑτεροδόξους

164 1127 354 1192 declaratos
378 1127 588 1192 Hrrrosrrus
616 1135 651 1191 et
673 1128 1006 1194 Psuuno-Oaruauus
1033 1129 1313 1214 impugnaverunt
1339 1128 1373 1194 in

164 1246 261 1312 libris
290 1247 358 1312 suis
386 1247 543 1312 adversus
572 1246 802 1312 haereticos
825 1227 969 1334 seriptis.
1015 1247 1113 1314 Lioet
1141 1255 1253 1314 autem
1277 1249 1374 1314 Asia·

163 1389 283 1432 norum
326 1368 531 1433 consuetudo
575 1373 646 1432 tam
690 1369 904 1433 vehementer
944 1367 1212 1453 impugnaretur,
1259 1375 1372 1434 tamen

163 1487 207 1551 ab
241 1508 282 1551 ea
316 1509 383 1553 non
416 1495 641 1567 recesserunt,
676 1487 781 1553 donee
814 1487 961 1573 synodus
994 1487 1142 1553 Nioaena
1176 1510 1248 1554 eam
1280 1489 1372 1554 dere·

165 1605 381 1692 linquendum
418 1629 490 1672 esse
523 1607 706 1673 decrevit¹.
760 1613 874 1692 Atque
909 1629 951 1673 ne
987 1608 1052 1672 hoo
1086 1607 1219 1692 quidem
1253 1608 1373 1694 synodi

164 1726 335 1792 Nioaenae
351 1728 523 1792 decretum
545 1748 661 1793 omnes
677 1726 778 1793 Asiae
801 1727 959 1792 ecelesias
976 1705 1167 1807 commovit,
1191 1736 1230 1792 ut
1253 1751 1272 1792 a
1295 1749 1373 1793 oon·

165 1847 342 1913 suetudine
366 1869 426 1912 sua
447 1847 659 1912 desisterent.
691 1847 765 1911 Imo
787 1847 989 1913 Theodoreti
1012 1846 1229 1932 temporibus,
1255 1847 1371 1933 quinto

165 1991 197 2054 p.
215 1967 296 2032 Chr.
314 1991 347 2032 n.
373 1969 518 2047 saeculo,
542 1967 728 2032 invenimus
745 1967 904 2051 quasdam
928 1967 1028 2033 etiam
1052 1966 1221 2034 exstitisse
1238 1977 1372 2053 quarto·

165 2087 413 2152 decimanorum
440 2087 597 2173 reliquias
604 2112 614 2165 ;
650 2109 848 2172 quemquam
875 2094 948 2151 tum
977 2087 1135 2172 temporis
1162 2088 1372 2155 'theodoreto

164 2215 253 2273 teste
281 2209 353 2293 jam
379 2229 484 2292 paene
516 2207 674 2273 exstincti
706 2209 839 2285 erant¹3
873 2214 973 2292 atque
1000 2208 1100 2293 paulo
1128 2214 1206 2293 post
1235 2230 1373 2274 eonsue-

163 2328 246 2394 tudo
270 2349 384 2393 eorum
407 2328 505 2413 plane
528 2327 661 2392 videtur
683 2327 867 2392 evanuisse.

250 2689 448 2753 Extremum
463 2709 551 2752 nuno
567 2693 684 2766 restat,
701 2686 901 2752 utbreviter
916 2685 1018 2751 etiam
1034 2707 1247 2772 exponamus,
1273 2709 1372 2772 quae-

164 2830 240 2872 nam
270 2807 457 2873 intercedat
485 2806 570 2872 ratio
602 2808 689 2872 inter
720 2811 868 2872 nostram
899 2807 940 2872 de
970 2807 1194 2872 controversie
1222 2807 1372 2892 paschali

165 2927 395 3013 quaestionem
418 2935 518 3012 atque
535 2927 762 3012 quaestionem
779 2926 820 2992 de
835 2925 975 2991 Joannei
998 2925 1163 3011 evangelii
1185 2927 1371 2992 authentia.

166 3047 241 3113 Oua
263 3047 304 3112 de
327 3068 363 3113 re
386 3046 480 3112 initio
505 3047 603 3132 hujus
619 3046 863 3112 dissertationis
879 3045 1143 3112 demonstratum
1165 3053 1218 3110 est
1239 3045 1372 3110 omnino

166 3175 309 3253 quatuor
324 3167 433 3233 adhue
448 3165 636 3254 propositas
653 3189 725 3232 esse
742 3165 936 3232 sententias.
975 3165 1124 3230 Quarum
1139 3185 1213 3229 eam
1228 3163 1372 3250 quidem,

166 3309 264 3373 quam
281 3295 423 3372 quarto
440 3289 514 3352 loeo
530 3287 641 3367 retuli,
667 3287 850 3352 Wurraemr
866 3284 940 3349 dieo
963 3292 997 3349 et
1013 3286 1154 3349 Srurrurr
1170 3293 1205 3350 et
1220 3285 1371 3368 aliorum,

165 3407 310 3472 sontium
325 3407 408 3472 loeis
424 3407 558 3472 minime
573 3406 717 3493 probari,
740 3413 816 3470 tota
830 3405 1024 3490 quaestione
1040 3427 1114 3470 mea
1129 3404 1373 3472 demonstrasse

38 3561 42 3572 ·
166 3527 248 3592 mibi
262 3527 388 3592 videor.
400 3565 442 3576 -
457 3532 570 3611 Atque
586 3547 627 3592 ne
644 3525 674 3590 ei
690 3526 834 3612 quidem,
852 3549 950 3611 quam
966 3526 1142 3591 seeundo
1159 3527 1233 3592 loeo
1250 3548 1374 3592 memo·

166 3647 247 3726 ravi,
268 3647 466 3733 adstipulari
480 3669 626 3733 possum.
657 3647 746 3711 Nam
761 3644 843 3710 mihi
858 3645 990 3732 quidem
1007 3653 1059 3712 est
1073 3647 1372 3732 persuasissimum,

167 3789 240 3832 eam
262 3789 347 3852 quae
370 3768 412 3832 de
433 3776 583 3851 tempore
606 3766 722 3831 mortis
744 3766 871 3832 Christi
893 3775 946 3831 est
967 3766 1054 3832 inter
1077 3766 1253 3852 synoptioa
1275 3788 1373 3831 evan·

167 3887 256 3972 gelia
292 3895 392 3973 atque
423 3888 587 3952 Joannem
618 3885 837 3951 differentiam
868 3887 960 3952 nulla
992 3894 1063 3952 arte
1094 3885 1268 3971 exegetica
1297 3884 1379 3970 tolli

255 4199 265 4231 ¹
289 4203 401 4263 Euaeb.
423 4204 486 4262 Vit.
507 4203 611 4263 Const.
634 4203 698 4278 111,
721 4205 772 4278 18,
794 4206 822 4264 l.
848 4233 880 4245 -
907 4201 1071 4280 Depasoh.
1092 4198 1273 4274 o.8(Ma1‚
1293 4199 1373 4259 Nov.

169 4293 246 4369 patr.
263 4289 337 4349 bibl.
354 4289 408 4362 1v,
425 4288 512 4365 214).
1236 4291 1237 4294 ’

255 4370 267 4404 ¹
290 4376 384 4435 Haer.
401 4374 460 4434 fab.
477 4393 575 4453 oomp.
592 4374 698 4449 111,6.
