3160 4976
1381 371 1430 442 29

242 549 395 633 βαπτίσηι
408 551 640 635 καθαιρείσθω,
654 552 698 620 ὡς
707 549 803 633 γελῶν
812 554 862 611 τόν
876 552 1007 629 σταυρον
1019 554 1069 608 καί
1082 551 1132 608 τόν
1144 557 1197 608 τοῦ
1210 554 1312 632 κυρίου
1324 549 1434 610 θάνα-

241 675 291 720 τον
307 662 358 720 καί
373 665 415 741 μὴ
433 657 591 743 διακρίνων
608 660 710 740 ίερίας
726 655 919 742 ψιυδιερίων.
932 665 946 692 ³
1194 635 1199 656 ί

242 765 281 828 Εί
303 786 349 836 τις
373 765 475 837 λαίκδς
506 773 560 836 τὴν
584 768 699 829 ἐαυτοῦ
729 775 861 848 γυναῖκα
893 760 1050 845 ἐκβάλλων
1090 767 1109 831 ἦ
1154 765 1260 846 ἑτέραν
1299 761 1391 846 λάβοι
1415 765 1434 832 ἦ
1449 786 1494 850 μη

242 877 329 956 παρὰ
354 872 445 935 ἄλλον
478 871 718 955 ἀπολελυμένηντ
744 871 956 958 ἀφοριζέσθω.

210 978 282 1045 οΕἶ
302 1001 347 1051 τις
372 983 532 1052 ἐπίσκοπος
562 984 581 1050 τί
606 978 813 1064 πρεσβύτερος
848 983 929 1040 κατὰ
953 982 1006 1046 τὴν
1035 986 1087 1038 τοῦ
1103 979 1205 1062 κυρίου
1230 975 1367 1052 διάταξιν
1391 987 1433 1060 μὴ
1449 976 1500 1065 μδ

242 1084 383 1168 βαπτίσει
407 1091 451 1158 εἰς
474 1093 596 1172 πατέρα
626 1093 677 1149 καί
712 1090 774 1148 υίόν
809 1091 862 1148 καί
890 1087 977 1168 ἅγιον
1001 1093 1131 1166 πνεῦμα,
1168 1083 1246 1146 ἀλλὰ
1278 1089 1321 1156 είς
1354 1097 1434 1170 τρεῖς

242 1197 401 1278 ἀνάρχους
416 1199 435 1264 ἢ
452 1198 495 1266 είς
518 1205 600 1276 τρεῖς
623 1197 740 1274 υίούςῇ
758 1197 801 1264 είς
817 1204 898 1278 τρεῖς
921 1190 1154 1275 παρακλητουςε
1178 1189 1434 1277 καθαιρείσθω.ί

240 1299 280 1361 E?
300 1322 346 1378 τις
362 1303 557 1373 ἐπίσκοποςῆ
574 1300 781 1386 πρεσβύτερος
796 1306 839 1381 μὴ
862 1305 951 1384 τρίαῖ
976 1297 1182 1381 βαπτίσματα
1199 1310 1275 1381 μιᾶς
1291 1307 1435 1382 μυήσεως
1455 1321 1470 1362 ν

240 1407 420 1485 έπιτελίσει,
446 1407 524 1471 ἀλλὰ
549 1411 579 1469 ἓν
604 1407 768 1490 βάπτισμα
791 1411 825 1469 τό
850 1409 893 1477 είς
915 1410 966 1467 τόν
990 1405 1130 1467 θάνατον
1155 1417 1208 1469 τοῦ
1231 1413 1333 1491 κυρίου
1352 1406 1435 1470 διδύ-

199 1540 223 1578 ιο
241 1535 347 1596 μενονι
377 1516 609 1599 καθαιρείσθω.
644 1518 677 1578 ού
707 1520 768 1599 γὰρ
800 1515 878 1576 εἶπεν
903 1515 919 1575 ό
942 1519 1059 1596 κύριος·
1085 1517 1128 1585 τίς
1144 1519 1194 1575 τόν
1216 1515 1360 1577 θάνατόν
1376 1537 1435 1598 μου

240 1621 431 1704 βαπτίσατε,
457 1620 547 1685 ἀλλά·
571 1623 774 1706 πορευθέντες
794 1621 1025 1704 μαθητεύσατε,
1038 1625 1140 1683 ποίντα
1161 1627 1200 1683 τὰ
1222 1622 1301 1693 ἐθνη
1318 1620 1435 1705 βαπτί-

241 1729 345 1803 ζοντες
370 1731 481 1800 αὐτούς
505 1733 548 1801 είς
571 1735 606 1792 τό
629 1731 726 1812 ὄνομα
750 1738 803 1790 τοῦ
827 1731 945 1810 πατρὸς
967 1733 1018 1788 καί
1041 1737 1095 1788 τοῦ
1119 1733 1185 1790 υίού
1202 1736 1251 1790 καί
1275 1740 1328 1792 τοῦ
1345 1733 1436 1813 ἁγίου

245 1831 453 1918 πνεύματος.δ

241 1941 279 2004 Et
299 1965 343 2015 τις
374 1947 535 2015 ἐπίσκοπος
558 1947 577 2014 ἣ
603 1943 810 2029 πρεσβύτερος
832 1945 851 2012 ἦ
876 1940 1015 2012 διάκονος
1037 1944 1057 2010 ἢ
1082 1940 1161 2012 ολως
1184 1953 1238 2005 τοῦ
1262 1944 1436 2029 καταλόγου
1457 1965 1494 2005 υιι

197 2077 223 2118 ιι
245 2059 299 2113 τοῦ
330 2055 481 2136 ίερατικού
503 2056 606 2135 γάμου
622 2059 672 2114 καί
695 2063 789 2136 κρεῶν
812 2057 863 2112 καί
887 2051 967 2110 οίνου
992 2051 1026 2110 ού
1050 2047 1089 2109 δι’
1115 2051 1251 2127 ἄσκησιν,
1278 2049 1356 2114 ἀλλὰ
1385 2050 1437 2113 διὰ

240 2157 404 2244 βδελυρίαν
430 2159 593 2243 ἀπέχεται,
628 2157 855 2240 ἐπιλαθόμενος
886 2161 930 2220 ότι
961 2161 1062 2220 πάντα
1100 2155 1180 2218 καλὰ
1215 2157 1282 2220 λίαν
1312 2165 1362 2220 καί
1392 2161 1437 2220 ότι

241 2268 332 2349 ἄρσεν
364 2273 414 2327 καί
437 2266 520 2337 θῆλυ
545 2269 682 2336 ἐποίησεν
708 2269 723 2328 ό
747 2267 825 2337 θεὸς
847 2270 897 2328 τόν
920 2266 1104 2349 ανθρωπον,
1129 2263 1207 2327 ἀλλὰ
1239 2263 1436 2352 βλασφημῶν

240 2371 400 2456 διαβάλλει
425 2380 478 2443 τὴν
504 2373 722 2458 δημιουργίανι
747 2376 766 2442 ἦ
792 2372 996 2456 διορθούσθω
1019 2376 1038 2440 ἦ
1062 2372 1283 2457 καθαιρείσθω
1308 2381 1358 2436 καί
1382 2383 1437 2444 τῆς

240 2481 397 2553 ἐκκλησίας
423 2480 657 2564 ἀποβαλίσθω·
683 2483 836 2551 ὡσαύτως
860 2487 910 2542 καί
934 2480 1048 2550 λαῖκός.

197 2613 225 2653 ευ
242 2588 279 2652 Εἴ
300 2611 346 2662 τις
370 2592 531 2661 ἐπίσκοπος
554 2593 573 2658 ἢ
598 2588 805 2673 πρεσβύτερος
828 2593 879 2650 τόν
904 2591 1123 2674 ἐπιστρέφοντα
1141 2591 1201 2650 ἀπό
1220 2589 1379 2672 ἁμαρτίας
1403 2593 1437 2652 ού
1457 2585 1495 2669 νβ

240 2695 382 2781 δέχεται,
417 2695 497 2760 ἀλλὰ
526 2694 757 2779 ἀποβάλλεταιε
788 2695 1028 2779 καθαιρείσθω,
1059 2697 1104 2756 ὅτι
1128 2693 1215 2756 λυπεῖ
1236 2699 1360 2779 χριστόν
1385 2701 1435 2758 τόν

240 2807 382 2866 εἰπόντα·
415 2807 504 2887 χαρὰ
536 2808 650 2886 γίνεται
677 2804 708 2864 ἐν
737 2806 857 2886 οὐρανῷ
874 2806 923 2865 ἐπί
946 2806 987 2864 ἐνί
1004 2801 1182 2886 ἁμαρτωλῷ
1199 2812 1432 2884 μετανοοῦντι·

329 2931 360 2991 α)
381 2926 513 2992 sequitur:
535 2923 656 2991 Σχόλιον.
676 2922 747 2975 Ἀντί
759 2927 806 2974 τού
819 2921 848 2988 έξ
861 2919 950 2994 ἀρχῆς
967 2924 1011 2974 καί
1025 2923 1091 2974 κατὰ
1105 2923 1134 2974 τό
1149 2921 1302 2994 ὁλόκληρον.
1316 2927 1394 2976 τοῦτο
1407 2923 1435 2977 δέ

238 3013 323 3082 λέγει,
350 3011 440 3075 ι’πιιδὴ
465 3031 532 3072 τινες
556 3018 608 3065 τῶν
638 3011 689 3066 ἀπό
709 3011 835 3085 αἱρέσεων
866 3011 1073 3084 ἐπιστρεφόντων
1102 3010 1276 3082 βαπτίζονται
1302 3015 1349 3080 μίν
1374 3011 1437 3084 οὐχί

237 3103 359 3166 τελείως,
380 3103 532 3175 μυρίζονται
552 3100 580 3155 δέ
595 3099 632 3162 ὡς
652 3103 694 3154 καί
714 3107 762 3154 τοῦ
779 3104 856 3154 θείου
876 3105 1008 3173 μυρισμού
1033 3101 1126 3172 μέρους
1150 3099 1224 3161 ὄντος
1243 3100 1437 3172 βαπτίσματος.

240 3195 276 3261 μὴ
297 3191 457 3265 βουλόμενος
477 3191 490 3244 ὁ
513 3193 599 3244 κανὼν
620 3189 670 3245 ὑπό
697 3190 820 3260 ίγκλησιν
832 3193 946 3242 ’κεῖσθαι
966 3191 1010 3241 τόν
1028 3187 1046 3250 ἢ
1066 3189 1156 3260 ὀρθῶς
1177 3193 1224 3258 μίν
1243 3188 1436 3261 βαπτισθίντα,

240 3281 286 3335 διὰ
304 3285 363 3334 τινὰ
387 3281 414 3334 δέ
439 3281 599 3354 περιπέτειαν
619 3285 657 3350 τῷ
675 3283 743 3350 θείῳ
761 3275 844 3340 αὖθις
869 3279 1042 3348 ἁγιαζόμενον
1062 3283 1184 3350 μυρισμῷ
1202 3279 1220 3342 ἦ
1237 3281 1281 3332 καί
1300 3283 1329 3333 τδ
1349 3279 1440 3342 ἀτελές

240 3375 293 3424 τῶν
306 3369 505 3442 βιβαπτικότων
518 3369 657 3441 βάπτισμα
669 3371 714 3425 διὰ
727 3370 822 3423 τούτου
835 3370 988 3438 τελούμενον
1003 3371 1163 3441 προστίθησι
1176 3370 1205 3421 εδ
1219 3369 1335 3424 ἄνωθεν.

331 3460 365 3533 β)
385 3463 458 3524 ζὴτῖι
470 3457 517 3522 τῆς
531 3460 557 3514 ίν
569 3459 847 3514 Κωνσταντινουπόλει
862 3460 958 3512 κανόνα
969 3478 987 3512 α
999 3463 1042 3512 καί
1053 3478 1073 3520 ε,
1086 3453 1133 3521 τῆς
1148 3458 1174 3511 ἐν
1189 3459 1293 3530 Ἐφέσῳ
1307 3463 1404 3513 κανόνα
1414 3463 1438 3524 ζ.

331 3551 363 3620 γ)
383 3551 443 3621 τρία
461 3548 633 3621 βαπτίσματα
652 3550 710 3603 ἀντί
729 3554 775 3602 τού
793 3555 861 3622 τρεῖς
879 3549 1044 3609 καταδύσεις.
1075 3549 1254 3618 Ἀναγίνωσκε
1278 3553 1322 3602 καί
1341 3554 1385 3603 τόν
1403 3554 1439 3603 νθ

241 3641 338 3692 κανόνα
352 3645 398 3701 τῆς
412 3639 439 3692 έν
452 3641 489 3709 τῷ
502 3639 631 3710 τρούλλῳ,
645 3639 671 3691 έν
683 3634 705 3708 ᾧ
719 3637 847 3711 εὑρήσεις,
862 3644 917 3698 πῶς
929 3642 983 3710 χρὴ
996 3641 1057 3697 τούς
1070 3636 1279 3709 βαπτιζομένους
1291 3638 1438 3711 βαπτίζειν.

333 3728 364 3800 δ)
384 3733 518 3798 sequiturz
536 3729 611 3788 ’Ἕως
625 3723 710 3791 ὦδεή
728 3727 870 3798 Ῥωμαίων
884 3733 973 3801 κρατεῖ
985 3727 1122 3790 ἐκκλησία.

333 3823 359 3893 ε)
387 3823 457 3892 ’Ὀρα
485 3824 532 3882 τῆς
557 3819 584 3873 ίν
617 3820 894 3873 Κωνοταντινουπόλει
922 3820 1020 3872 κανόνα
1046 3822 1075 3882 ζ,
1105 3821 1151 3870 τοῦ
1184 3817 1262 3887 ἁγίου
1294 3818 1438 3872 Βασιλείου

325 3916 335 3952 1
351 3913 414 3952 Rom.
432 3912 454 3951 τί
469 3911 489 3952 ἐ.
505 3931 531 3940 -
551 3913 564 3950 8
584 3908 629 3951 τῶν
648 3907 710 3964 ψευδ.
726 3911 759 3960 11,
783 3911 822 3952 ενδ
836 3908 882 3950 τῶν
896 3921 922 3949 Ν
936 3921 964 3950 m.
981 3931 1007 3940 -
1026 3911 1039 3950 θ
1054 3905 1168 3960 έαβελλιύν
1183 3909 1218 3956 Μ,
1242 3905 1343 3958 ίιβαλιύν
1358 3909 1397 3949 Cr.
1413 3929 1439 3939 -

242 3980 257 4036 ἡ
267 3985 332 4034 prius
340 3995 366 4024 ιω
375 3983 455 4024 HPCr.
467 4004 493 4012 -
503 3979 560 4038 λάβῃ
569 3983 600 4034 Η,
611 3979 674 4035 λίβον
683 3984 750 4024 otim
758 3993 788 4021 m.
800 4003 826 4010 —
839 3983 854 4021 4
866 3983 914 4034 παρ’
927 3982 955 4021 11.
967 4003 993 4010 —
1008 3983 1020 4021 6
1030 3983 1108 4021 Μεέῖίι.
1119 3981 1190 4020 mili
1201 3981 1233 4019 19.
1246 3999 1272 4008 -
1282 3978 1376 4036 βενετίεῃ
1387 3981 1436 4022 HC.

242 4076 268 4084 -
284 4051 331 4094 ἀλλ’
348 4055 377 4104 Η,
393 4055 434 4095 sed
449 4051 504 4094 ἀλλὰ
519 4057 585 4095 etlam
600 4065 629 4094 m.
645 4075 672 4084 -
687 4055 698 4093 ί
714 4059 832 4103 utrumque
847 4052 877 4098 είς
887 4063 913 4094 ιν
922 4054 970 4102 ΗΡ,
985 4053 1056 4093 habet
1068 4063 1098 4092 m.
1113 4072 1140 4081 -
1155 4052 1168 4092 0
1183 4048 1297 4106 ἐπιτελέσῃ
1309 4051 1326 4092 0
1337 4057 1360 4092 οε
1368 4053 1437 4103 δρεπ-

245 4128 389 4176 ςειεύεεςίιιε.
400 4147 427 4156 -
437 4123 485 4165 ἀλλ’
498 4127 527 4176 Η,
539 4127 579 4166 τού
589 4123 645 4166 ἀλλὰ
655 4127 722 4166 eum
731 4137 760 4166 m.
771 4147 798 4154 -
812 4124 837 4165 τό
847 4136 873 4166 ευ
883 4125 943 4174 ΡΗτ,
955 4125 994 4164 ml
1004 4121 1030 4164 τύ
1040 4124 1108 4163 nnbat
1117 4124 1184 4163 είίεπε
1194 4133 1223 4162 εει.
1236 4145 1260 4152 -
1272 4125 1298 4164 11
1309 4122 1402 4178 πατέρος
1412 4125 1438 4165 C.

244 4219 270 4228 -
288 4199 312 4238 18
326 4203 378 4248 φοει
391 4209 425 4236 κν.
441 4198 504 4238 addit
518 4197 543 4246 0,
559 4207 616 4248 qm
631 4199 654 4238 ίιε
669 4207 681 4236 ο
696 4209 740 4237 non
756 4199 800 4247 legi
815 4201 916 4246 testatur,
932 4197 1027 4237 ίοεοεεοι
1047 4192 1109 4247 ὑμεῖς
1123 4191 1170 4244 σύν,
1186 4190 1207 4235 ιίι
1222 4193 1342 4246 επίτκοποι,
1359 4196 1389 4240 είς
1403 4191 1440 4236 ἐντι

245 4265 328 4322 πατέρα
341 4268 378 4309 καί
388 4266 434 4308 υλον
449 4270 485 4309 ul
500 4263 560 4324 ἅγιον
575 4267 665 4321 πνεῦμα,
679 4269 752 4320 τρίτον
768 4267 892 4320 βαπείεατε,
908 4267 963 4308 κατὰ
977 4265 1017 4319 τὴν
1032 4265 1070 4307 τοῦ
1084 4266 1160 4320 κυρίου
1174 4262 1265 4320 γνώμην
1279 4267 1316 4308 καί
1331 4265 1371 4320 τὴν
1385 4265 1440 4322 ἠμε-

245 4337 310 4395 τέραν
326 4338 348 4380 ἐν
362 4337 468 4392 πνεύματι
483 4335 584 4389 διάταξιν.
602 4361 622 4369 -
634 4341 659 4380 15
669 4335 704 4379 διὰ
713 4351 739 4382 ιν
747 4341 776 4390 Η,
793 4341 861 4380 habet
870 4341 937 4380 etiam
946 4349 975 4378 m.
987 4359 1013 4368 -
1024 4341 1049 4380 16
1059 4335 1254 4392 ἐπιλανθανόμενος
1264 4338 1290 4380 c.
1301 4361 1328 4370 -
1338 4336 1402 4394 ἄρρεν
1413 4341 1439 4380 C.

247 4434 273 4442 -
284 4415 309 4452 19
324 4408 486 4464 έποβελλέσδω
495 4411 575 4452 ffl'Cr.
586 4432 613 4439 —
623 4413 648 4452 21
663 4408 804 4466 προσδέχεται
814 4410 893 4452 ΗΡΟτ.
905 4432 933 4440 -
943 4407 991 4450 ἀλλ’
1004 4410 1048 4450 ΡΟ.
1059 4431 1086 4439 —·
1095 4409 1132 4450 τύν
1142 4421 1167 4450 ευ
1177 4411 1207 4459 Η,
1222 4414 1274 4451 ute
1288 4422 1322 4464 χρ.
1334 4413 1403 4453 habet
1413 4413 1439 4461 C,

246 4483 283 4524 τὸν
293 4481 332 4537 Χρ.
343 4483 381 4525 τόν
391 4484 421 4524 1³:
438 4485 463 4521 εεί
472 4494 513 4524 ποι
523 4484 591 4524 etlam
600 4493 629 4522 m.
640 4503 666 4512 -
676 4485 703 4524 12
713 4495 735 4536 χ.
747 4481 864 4536 ἐπιγίνεται
873 4479 895 4521 έν
905 4480 938 4534 τῷ
949 4478 995 4535 ούρ.
1008 4479 1039 4522 ίνί
1053 4484 1213 4532 μεεοίετιιιῖεεο
1223 4481 1257 4523 ι’πι
1268 4483 1297 4532 11,
1314 4480 1337 4523 ίν
1346 4483 1379 4537 τῷ
1390 4483 1437 4539 ούρ.

247 4559 314 4596 etism
324 4557 354 4596 P:
365 4567 387 4596 m
397 4556 491 4606 φεεεῖνεί
499 4554 581 4610 γίνεται
591 4557 613 4596 et
623 4557 646 4594 ln
656 4566 699 4603 mg.
711 4557 796 4594 ίειιίιιιυ
806 4551 931 4608 ἐπιγίνεται,
943 4557 1017 4594 oeten
1028 4564 1081 4594 νοεο
1091 4557 1114 4594 εί
1124 4555 1142 4594 Ρ
1151 4557 1173 4595 εί
1182 4565 1204 4594 ιιι
1214 4558 1238 4595 ιιι
1248 4565 1296 4594 nos.
1312 4555 1368 4594 Luc.
1379 4567 1408 4596 ετ
1419 4559 1438 4596 ί.
