3052 4974
93 401 116 470 β
136 405 240 456 52-53
913 429 917 437 ·
1182 417 1221 480 79

94 568 355 656 τνμβωρῦχους,
380 569 519 654 ληστιίς·
550 569 608 635 καὶ
628 569 688 646 τὰς
711 570 905 654 ἀνακρίσεις
927 571 1040 638 νότιόν
1062 573 1223 659 λαβόντες

94 673 137 736 οί
152 667 339 756 ἡγούμενοι
357 666 424 736 ὑπὸ
445 675 513 736 τοῖν
535 670 791 755 προσαγόντων,
820 672 955 754 λέγουσι
976 675 1023 759 τῷ
1044 674 1223 762 ιιακοῦργφ

96 775 131 838 εί
151 776 260 838 ταῦτα
280 770 388 850 οὕτως
409 775 491 857 ἔχει·
521 771 683 838 κάκείνου
701 776 1051 858 συγκατατιθεμένου,
1083 772 1146 842 οῦκ
1164 775 1223 843 εό-

92 876 190 951 θέως
217 873 273 940 ἐπί
301 873 364 958 τήν
385 874 527 941 κόλασιν
554 871 658 964 αὐτόν
682 874 928 958 ἐκπέμπουσιν,
960 874 1047 941 ἀλλά
1069 881 1223 944 πλείοσιν

93 973 240 1062 ἡμέραις
272 979 449 1042 ποιοῦνται
482 974 588 1058 αὐτοῦ
623 974 685 1061 τιΙν
718 975 867 1054 ἐξέτασιν
896 975 979 1061 μετὰ
1012 980 1257 1062 συμβουλίουιι

96 1082 233 1144 πολλοῦ
255 1079 312 1143 καλ
331 1077 632 1163 παραπετόσματος
653 1078 774 1162 μέσου·
806 1079 823 1116 *
845 1081 1038 1145 τελευταῖον
1061 1077 1144 1163 όρον
1166 1080 1223 1146 καί

95 1185 221 1265 ψῆφον
241 1180 398 1246 θανάτου
418 1185 436 1222 *
458 1177 623 1264 δμέλλων
644 1178 802 1264 ἐκφέρειν
823 1177 897 1244 κατ’
920 1178 1035 1264 αὐτοῦ,
1058 1180 1141 1268 πρός
1162 1179 1222 1248 τόν

94 1281 200 1365 ἥλιον
227 1281 355 1363 ἐπάρας
382 1279 439 1358 τός
469 1294 598 1366 χεῖρας,
630 1280 891 1366 διαμαρτύρεται
919 1279 1033 1359 ἀθιόος
1057 1279 1222 1367 ὑπάρχειν

96 1387 163 1448 τοῦ
185 1385 325 1466 αἳματος
346 1385 407 1448 τοῦ
427 1381 627 1467 ἀνθρώπου,
653 1387 763 1448 καίτοι
783 1384 801 1422 *
818 1380 912 1460 ὄντες
937 1381 1069 1449 ἐθνικοί
1097 1385 1154 1450 καλ
1180 1383 1221 1450 οὐ

96 1483 327 1569 γινώσκοντες
347 1484 506 1569 θειότηια
531 1481 555 1570 ιΙ
582 1484 644 1570 τὴν
674 1487 720 1561 είς
746 1481 869 1561 αὐτοῦς
893 1482 961 1549 ἀπὸ
981 1489 1067 1550 θεοῦ
1087 1485 1222 1569 ἄμυναν
1241 1507 1272 1558 10

43 1583 188 1673 53όιιλρ
208 1587 278 1652 των
300 1585 458 1663 ἀναιτίως
480 1587 757 1671 κατακρνθέντων
773 1588 800 1650 *.
822 1587 826 1671 Ι
845 1583 940 1670 ὑμεῖς
964 1587 1011 1669 δέ,
1032 1586 1222 1670 γινωσκόν-

96 1713 155 1766 τες
175 1694 227 1766 τίς
254 1685 273 1754 6
295 1686 376 1765 θεός
393 1684 489 1774 ἡμῶν
508 1688 565 1754 καί
586 1685 685 1754 ὁποῖα
707 1686 747 1752 τό
769 1691 913 1774 κρίματα
933 1686 1055 1772 αὐτοῦ,
1081 1693 1153 1766 ’πῦς
1178 1685 1222 1755 ἀν

97 1789 185 1858 κατά
209 1789 372 1875 ἐπήρειαν
394 1790 588 1876 δυνήσεσθέ
607 1813 674 1855 τινι
696 1788 870 1872 ἀπόφασιν
897 1791 1035 1874 δοῦναι,
1062 1795 1122 1875 τῆς
1147 1796 1223 1875 κρί-

99 1911 186 1970 σεως
211 1890 311 1977 ἡμῶν
337 1896 539 1978 παραχρῆμα
566 1891 818 1975 γινωσκομένης
843 1894 929 1978 θεῷς
963 1891 1020 1957 καί
1053 1895 1085 1958 εί
1108 1894 1172 1976 μὲν
1203 1896 1221 1934 *

98 1996 240 2071 δικαίως
273 1994 444 2078 ἐκρίνατε,
480 1996 623 2060 δικαίων
655 1988 807 2076 ἀμοιβοῖν
840 1994 1136 2078 καταξιωθήσεσθε
1164 1994 1221 2060 καὶ
1240 2015 1272 2066 ιε

98 2101 166 2162 νῦν
195 2096 254 2162 καί
275 2098 323 2172 είς
341 2085 457 2173 αὖθις·
494 2095 581 2161 εἰδὲ
608 2092 748 2177 ἀδίκως,
779 2095 882 2160 πόλιν
904 2098 973 2159 τοῖν
998 2093 1123 2180 ὁμοίιον
1144 2097 1221 2163 τεό-

99 2201 211 2277 ξεσθε.
257 2194 352 2282 ἡμεῖς
372 2199 436 2282 μὲν
456 2187 535 2280 οὖν,
558 2195 715 2282 ἀδελφοί,
739 2195 1017 2280 συμβουλεύομεν
1038 2195 1119 2282 ὑμῖν
1135 2203 1221 2282 μᾶλ-

99 2305 161 2364 λον
184 2302 338 2365 ἐπαίνων
358 2297 537 2378 ἀξιοῦσθαι
561 2298 652 2385 παρὰ
674 2299 692 2338 *
713 2303 802 2384 θεῷ,
830 2294 852 2381 ἢ
875 2298 1005 2381 ψόγων·
1030 2297 1080 2363 ότι
1103 2302 1222 2364 *θεοῦ

99 2405 240 2478 ἔπαινος
268 2397 332 2484 ζωιΙ
360 2399 496 2478 αίιόνιος
522 2399 734 2484 ἀνθρώποις,
767 2398 879 2482 ὥσπερ
907 2389 971 2464 οὖν
996 2399 1053 2465 καί
1082 2397 1221 2484 ὁψόγος

97 2504 251 2580 θάνατος
277 2500 395 2579 ἀίδιος.
440 2499 494 2567 διδ
519 2507 659 2585 γίνεσθε
685 2503 809 2566 δίκαιοι
839 2505 965 2587 κριταί,
1002 2505 1220 2587 εἰρηνοποιοί,
1238 2523 1272 2576 20

98 2604 276 2689 ἀόργητοι·
302 2601 320 2668 6
339 2599 552 2688 ὀργιζόμενος
570 2603 635 2688 γάρ
656 2607 703 2690 τῷ
723 2601 861 2690 ἀδελφῷ
882 2600 987 2669 αὐτοῦ
1009 2607 1083 2688 εἰκῆ
1107 2607 1221 2689 ἔνοχος

99 2709 194 2773 ἔσται
208 2710 251 2791 τῇ
273 2710 391 2790 κρίσει.
427 2709 459 2770 εί
471 2707 508 2771 δὲ
527 2708 544 2746 *
566 2709 680 2792 συμβῇ
700 2706 734 2783 ἐξ
756 2706 927 2790 ἐνεργείας
948 2706 1038 2784 τινός
1058 2705 1221 2792 ὀργισθῆ-

99 2833 157 2874 ναι
187 2805 276 2892 ὑμᾶς
303 2807 388 2874 κατὰ
415 2809 522 2890 τινός,
555 2804 575 2873 ό
601 2806 694 2893 ἥλιος
720 2804 764 2891 μή
793 2808 955 2872 ἐπιδυέτω
984 2807 1040 2874 ἐπί
1063 2809 1104 2893 τῇ
1135 2806 1220 2894 ὀργῇ

64 2929 86 2991 ,ε
103 2907 213 2994 ὑμῶν.
229 2911 244 2998 ΙΙ
263 2907 467 2993 *όργιζεσθε
481 2911 558 2994 γάρ,
575 2908 681 2994 φησὶν
698 2905 716 2972 6
731 2911 853 2992 Δαβίδ,
871 2910 927 2976 καί
941 2909 986 2994 μιΙ
1001 2907 1220 2994 ἁμαρτάνετε,

99 3005 192 3076 τοῦτ’
216 3016 287 3078 ἐστι
306 3016 429 3096 ταχέως
450 3013 713 3092 διαλλάσσεσθε,
737 3011 826 3086 ὅπως
846 3010 890 3094 μή
913 3008 933 3095 ἡ
955 3012 1114 3094 ἐπίμονος
1136 3009 1219 3095 όργή
1237 3033 1271 3082 '25

97 3119 307 3198 μνησικακία
331 3115 465 3199 γένηται
492 3113 549 3179 καί
570 3109 736 3198 ἁμαρτίαν
756 3111 1001 3197 ἀπεργάσηται.
1031 3113 1134 3196 ψυχαί
1153 3110 1221 3197 γὰρ

97 3216 322 3301 μνησικόκων
344 3217 391 3293 είς
409 3217 581 3298 θάνατον,
605 3214 711 3301 φησὶν
732 3210 751 3280 6
773 3214 948 3296 Σολομῶν.
993 3215 1081 3297 λέγει
1103 3213 1140 3278 δὲ
1164 3212 1221 3278 καὶ

167 3425 203 3476 24
220 3425 314 3478 ΡιοΙιο
331 3425 360 3488 4,
379 3423 464 3490 5126
480 3427 552 3478 Prov
571 3423 617 3486 12,
635 3421 670 3472 28
719 3435 722 3445 ¹

103 3595 111 3644 Ι
134 3593 334 3661 ττμόορόχους
350 3611 383 3646 xz
407 3593 412 3660 Ι
434 3597 450 3646 2
468 3589 600 3661 λέγουσιν
617 3610 635 3642 x
658 3597 663 3657 Ι
686 3593 702 3644 3
720 3586 975 3658 συγκαταθεμένου
992 3599 1039 3658 yzt
1065 3593 1070 3656 Ι
1095 3595 1111 3644 5
1130 3583 1221 3646 αότοῦ

100 3686 165 3745 post
183 3671 313 3743 ἐξέτασιν
331 3696 354 3728 w
370 3678 406 3743 16
423 3672 457 3731 οῦ
474 3679 508 3744 -Ι-
526 3697 557 3740 w,
578 3670 641 3728 εἶτα
658 3677 692 3742 -Ι-
706 3694 740 3743 yz
755 3680 759 3742 Ι
775 3675 937 3736 ’λδίδοντες
948 3670 1013 3729 ἀλλ’
1030 3677 1063 3742 -Ι-
1082 3696 1103 3729 w
1121 3677 1126 3746 Ι
1141 3680 1156 3728 7
1169 3673 1219 3730 τὸν

101 3769 201 3828 wxyzt,
219 3757 251 3814 τό
271 3764 304 3813 W
329 3762 334 3830 Ι
358 3758 426 3815 9δέ
444 3763 478 3831 -Ι-
493 3781 528 3830 γι
554 3765 558 3826 Ι
583 3754 741 3829 θέθνηιολ
760 3780 783 3812 w
810 3759 814 3830 Ι
843 3762 872 3812 ll
891 3761 975 3814 τοῦτο
993 3762 1107 3815 ποιοῦσι
1125 3762 1159 3827 -Ι-
1176 3779 1219 3828 γε,

99 3839 320 3914 ἀποφεύγουσιν
341 3847 375 3914 -Ι-
398 3855 409 3900 t
434 3849 439 3917 Ι
472 3849 504 3902 13
526 3838 592 3900 κατ’
614 3855 662 3912 yzt
692 3847 697 3911 Ι
730 3848 762 3898 14
784 3841 864 3913 ὑμῶν
891 3854 902 3898 ι
927 3857 932 3912 Ι
960 3848 991 3898 14
1014 3845 1063 3900 καὶ
1085 3849 1120 3912 >
1146 3864 1181 3914 γι
1213 3874 1216 3912 1

103 3933 133 3984 Η
150 3919 206 3984 οὖν
223 3932 258 4000 «Ι-
274 3949 310 3998 yz
330 3935 334 3995 Ι
358 3934 388 3984 15
406 3925 532 4000 ἐκρίνετε
551 3951 565 3984 ι
586 3931 590 4000 Ι
612 3932 644 3982 18
661 3930 713 3984 τοῦ
729 3931 763 3999 -Ι-
780 3935 833 3997 γτΙ
852 3933 882 3982 18
900 3932 962 3998 θεῷ
980 3939 1048 3996 th,
1067 3933 1141 3985 θεοῦ
1157 3949 1192 3998 γε
1212 3937 1216 4000 Ι

103 4017 133 4066 18
151 4009 167 4068 6
183 4017 219 4082 -Ι-
236 4033 271 4082 yz
287 4016 292 4084 Ι
309 4017 340 4068 19
358 4003 411 4070 οὖν
427 4018 461 4082 >
479 4019 555 4084 ιΙ21
576 4013 652 4084 είκηι
671 4033 693 4066 w
708 4022 714 4078 Ι
729 4019 762 4068 22
780 4014 829 4069 καί
846 4017 879 4082 -Ι-
896 4017 1010 4084 γιίΙ22
1029 4010 1160 4084 ἐνεργίας
1178 4020 1217 4095 τὶΙ

99 4103 133 4152 23
151 4091 312 4154 ἐτιδννότω
329 4120 353 4153 w
368 4102 373 4170 Ι
388 4104 421 4154 23
437 4102 477 4170 τῷ
495 4103 680 4170 καροργιομῦ
696 4120 730 4167 yz
753 4101 758 4169 Ι
777 4104 810 4152 24
828 4103 911 4154 τοῦτο
934 4095 1042 4154 συνοδᾶ
1061 4098 1111 4153 καί
1129 4094 1144 4152 6
1162 4100 1219 4154 δᾶδ

100 4185 169 4254 φησί
188 4189 224 4253 -Ι-
240 4205 276 4254 γι
294 4185 398 4254 (φησιν
416 4187 444 4254 τ)
459 4191 464 4252 Ι
479 4189 513 4238 24
530 4185 585 4254 γάρ
650 4184 746 4254 Δαβὶδ
762 4188 796 4249 >
812 4204 846 4250 yz
861 4186 866 4254 Ι
881 4189 914 4236 25
932 4183 1009 4239 ἐστιν
1025 4204 1043 4236 x
1062 4187 1067 4253 Ι
1087 4187 1120 4236 25
1139 4184 1218 4238 διαλ-

98 4267 224 4324 λιίσεοθε
242 4279 328 4338 ww,
348 4266 521 4324 διαλόοεοθε
539 4289 570 4336 x,
589 4267 747 4325 διαλλιίσθε
766 4275 787 4322 Υ
808 4273 812 4335 Ι
832 4274 865 4322 25
882 4267 901 4338 ιΙ
919 4273 953 4334 >
971 4289 994 4322 w
1010 4273 1014 4334 Ι
1033 4270 1067 4322 26
1085 4261 1218 4337 α’πηργά-

98 4372 180 4423 σηται
201 4349 354 4422 κΙῖόγόιρ
373 4363 435 4418 th,
455 4353 487 4408 δὲ
504 4375 538 4423 yz
554 4357 605 4426 127
623 4355 672 4409 καλ
690 4358 754 4422 >t
