2994 4972
281 402 342 464 χρη
1260 349 1400 442 Ι(111-11

280 559 348 627 άπὸ
363 563 434 626 σῶν
448 561 590 625 δικαίων
610 557 726 623 πόνων
746 556 803 623 καί
816 555 971 640 ἀπάρχου
987 554 1077 641 αύτῷ
1092 551 1159 620 άπὸ
1173 560 1244 622 σῶν
1258 561 1403 642 καρπῶν

281 661 509 745 δικαιοσύνης,
525 662 583 727 ίνα
600 663 788 743 πιμπλάταί
802 675 866 724 σον
883 656 924 723 τά
943 669 1062 741 ταμεία
1080 660 1275 742 πλησμονῆς
1292 663 1402 738 σίτου,

281 772 364 852 οίνφ
391 765 428 829 δὲ
457 765 496 827 αί
519 766 620 848 ληνοί
649 778 713 826 σον
744 759 959 844 έκβλάζωσιν.
1016 757 1054 824 ἐκ
1087 762 1149 824 τοῦ
1175 759 1313 826 δικαίου
1341 751 1404 826 ούν

282 867 392 932 κόπον
413 869 482 930 τῶν
505 863 633 929 πιστῶν
654 863 794 945 τρέφετε
818 861 874 926 καί
896 858 1104 945 ἀμφιέννυτε
1131 859 1209 938 τούς
1235 859 1402 948 ὑστερου-

248 968 420 1051 5μένονς,
449 965 506 1032 καὶ
531 962 572 1030 τά
602 963 636 1042 ἐξ
659 961 797 1045 αὐτῶν,Ι
820 959 865 1038 ῶς
889 961 1149 1046 προειρήκαμέν,
1175 961 1404 1047 ἀθροιζόμενα

282 1068 433 1152 χρήματα
445 1066 641 1132 διατάσσετε
652 1065 891 1140 διακονοῦντες
900 1066 947 1140 είς
957 1060 1196 1147 *ἀγορασμούς
1206 1068 1275 1130 τῶν
1282 1062 1403 1148 άγίων,

283 1169 443 1254 βυόμενοι
469 1169 629 1251 δούλους,
655 1165 713 1232 καὶ
744 1165 991 1250 αίχμαλῶτους,
1017 1167 1192 1248 δεσμίους,
1221 1166 1401 1251 ἐπηρεαζο-

281 1271 414 1355 μένους,
431 1268 577 1354 ἥκοντας
592 1270 631 1335 έκ
649 1269 831 1351 καταδίκης
849 1267 906 1332 διά
921 1264 958 1331 τὸ
975 1265 1080 1351 ’ὄνομα
1101 1271 1161 1332 τού
1178 1272 1318 1352 χριστοῦ
1338 1265 1406 1334 ὑπὸ

281 1372 462 1455 τυράννων
476 1376 493 1410 *
512 1374 559 1450 είς
576 1373 784 1456 μονομαχίαν
802 1367 858 1434 καὶ
871 1367 1040 1434 θάνατον·
1060 1368 1148 1450 λέγει
1165 1367 1230 1453 γάρ
1248 1365 1269 1454 ἦ
1287 1369 1405 1454 γραφὴ

234 1491 264 1542 10
275 1469 388 1538 Ῥῦσαι
407 1471 592 1556 ἀγομένους
613 1475 659 1549 είς
678 1471 831 1536 θάνατον
855 1469 911 1535 καί
927 1469 1069 1552 έκπρίου
1088 1471 1336 1554 κτεινομένους,
1359 1471 1403 1556 μη

281 1579 392 1660 φείση.
417 1579 420 1661 Ι
445 1575 506 1639 ε’άν
521 1575 562 1640 δέ
577 1596 657 1640 ποτε
674 1571 805 1656 ἀνάγκη
821 1572 957 1656 γένηται
973 1572 1029 1637 καὶ
1046 1570 1136 1653 παρὰ
1154 1569 1245 1648 τινὸς
1258 1573 1404 1658 δέξησθε
1415 1583 1449 1640 10

281 1674 422 1742 ἀνοσίου
449 1675 588 1753 ἄκοντες
615 1673 800 1759 ἀργύριον,
833 1675 879 1750 είς
905 1673 987 1752 ξύλα
1014 1671 1070 1738 καὶ
1097 1670 1292 1756 ἀνθρακιὰν
1318 1672 1406 1740 αύτά

281 1778 514 1862 δαπανήσατε,
542 1779 600 1843 ἵνα
621 1783 665 1861 μη
690 1778 840 1859 λαβοῦσα
864 1783 880 1817 '¹¹
906 1773 991 1858 χήρα
1015 1773 1050 1852 ἐξ
1077 1771 1183 1838 αὐτοῦ
1203 1799 1234 1839 τι
1260 1770 1321 1859 ἢ*
1345 1774 1404 1860 ὀρ-

282 1877 389 1962 φανὸς
409 1876 611 1964 ἀναγκασθῇ
631 1876 829 1962 ῶνήσασθαι
848 1871 1019 1961 τροφηνῆ
1043 1876 1133 1960 πόμα
1154 1876 1245 1962 παρά
1261 1876 1299 1943 τὸ
1318 1901 1403 1961 προ-

233 1999 263 2050 ιο
282 1983 404 2064 σηκον·
435 1981 569 2045 δίκαιον
589 1979 655 2062 γάρ
677 1976 718 2044 τά
741 1977 832 2060 παρά
854 1981 922 2044 τῶν
946 1975 1081 2064 ἀσεβῶν
1100 1981 1205 2044 ταῦτα
1221 1979 1330 2062 πυρὸς
1355 1976 1404 2046 εί-

282 2104 338 2144 ναι
355 2079 597 2164 κατανάλωμα,
616 2079 678 2146 οὐκ
699 2077 851 2164 εὐσεβῶν
867 2083 995 2164 βρῶμα,
1040 2083 1145 2145 ταῦτα
1166 2081 1203 2145 δέ
1226 2081 1283 2148 καὶ
1304 2078 1323 2147 ὁ
1344 2084 1404 2146 νοῑ

281 2205 343 2266 μος
363 2181 569 2266 διαγορεύει,
591 2186 720 2248 θυσίαν
741 2181 943 2259 ὁρισθεῖσαν
967 2181 1122 2266 ἄβρωτον
1146 2180 1331 2248 ἀποκαλῶν
1347 2183 1405 2248 καλ

281 2281 364 2367 πυρὶ
375 2283 501 2370 ταύτην
516 2282 760 2350 ἀναλίσκεσθαι
782 2282 941 2349 κελεύων.
974 2281 1016 2348 ού
1027 2282 1091 2367 γάρ
1110 2287 1152 2369 τῇ
1166 2283 1268 2368 φύσει
1287 2289 1405 2368 φαῦλα

281 2383 322 2450 τά
358 2386 636 2471 προσφερόμενα,
676 2384 761 2450 ἀλλά
795 2389 836 2470 τῇ
876 2385 994 2470 γνῶμη
1030 2389 1099 2450 τῶν
1136 2387 1405 2471 προσφερόντων

230 2503 264 2556 20
282 2484 377 2550 αύτά.
423 2491 522 2552 τοῦτο
543 2488 581 2552 δέ
599 2487 855 2572 προστάσσομεν
870 2485 926 2552 ἐπὶ
943 2486 1004 2552 τοῦ
1020 2485 1064 2572 μη
1081 2485 1310 2572 ἀποστρέφειν
1325 2487 1405 2566 τούς

281 2587 522 2670 πλησιάζοντας
549 2584 649 2672 ὑμῖν,
685 2588 809 2664 είδότες
845 2587 901 2654 καί
926 2587 988 2672 την
1020 2592 1206 2674 συντυχίαν
1240 2591 1406 2666 πολλάκις

283 2687 442 2773 έπωφελῆ
471 2702 540 2768 τοῖς
571 2688 706 2773 ἀσεβέσι
739 2695 897 2771 γίνεσθαι
924 2686 987 2774 τὴν
1017 2687 1101 2775 πρὸς
1130 2687 1209 2768 τούς
1239 2688 1404 2775 εύσεβεῑς,

282 2787 448 2874 έπιβλαβῆ
459 2791 496 2856 δὲ
505 2791 615 2875 μάνην
627 2788 688 2876 τὴν
699 2790 783 2856 κατά
799 2790 861 2877 την
871 2795 1060 2878 θρησκείαν
1073 2796 1267 2857 κοινωνίαν.
1297 2797 1406 2858 ταῦτα

281 2891 344 2974 μέν
353 2875 483 2957 οὖν’έπὶ
495 2895 667 2976 τοσοῦτον,
680 2891 855 2977 ἀγαπητοί,
870 2891 1017 2978 εἰρήσθω
1028 2889 1108 2976 ὑμίν
1120 2891 1203 2978 πρὸς
1211 2892 1406 2979 ἀσφάλειαν

229 3011 263 3062 25
281 2989 385 3076 ὑμῶν.
408 2995 411 3080 Ι
440 2995 477 3058 οί
491 2995 605 3079 μέντοι
626 2995 765 3077 πατέρες
786 2992 961 3060 παιδεύετε
984 2993 1024 3060 τά
1044 2996 1145 3060 τέκνα
1166 2991 1261 3078 ὑμῶν
1282 2995 1323 3060 έν
1340 3020 1405 3062 κυ-
1418 3005 1449 3064 11

281 3100 359 3183 ρίφ,
389 3096 609 3183 έκτρέφοντες
643 3095 727 3163 αύτά
757 3096 796 3162 έν
824 3097 959 3183 παιδείᾳ
989 3096 1045 3162 καλ
1072 3102 1238 3184 νουθεσίᾳ
1264 3103 1405 3184 κυρίου,

350 3268 382 3319 ιο
399 3271 470 3323 prov
488 3272 534 3332 τι,
557 3271 585 3320 ιι
602 3271 606 3336 Ι
624 3271 654 3320 ιι
674 3272 731 3322 ιιι
753 3269 796 3332 ιο,
815 3266 900 3336 ιιΙιο
919 3270 979 3337 Eph
997 3270 1062 3334 ο,ι

280 3421 296 3470 2
314 3413 528 3486 ἐμπίμπλανται
546 3439 582 3480 w,
607 3422 655 3472 εεδ
674 3438 711 3472 αν
736 3439 752 3473 ο
776 3429 928 3474 correctore
947 3425 1069 3488 recenti,
1093 3424 1255 3491 πίπληνταί
1270 3427 1311 3490 Χ,
1335 3427 1405 3494 πίμ-

281 3504 406 3569 πληνταί
423 3523 447 3568 τ,
468 3505 647 3570 πιμπλῶκται
665 3522 698 3570 γτ
715 3503 751 3571 12
768 3501 804 3560 τά
821 3502 926 3575 ταμείά
946 3524 997 3560 σου
1014 3515 1061 3574 yzt
1079 3509 1206 3576 [ταμιεῖα
1226 3507 1248 3577 ι]
1266 3513 1270 3576 Ι
1285 3513 1302 3560 2
1315 3514 1406 3578 σπλη-

281 3588 388 3654 σμονῆς
406 3606 443 3652 w,
462 3589 612 3657 πλησμονῇ
629 3607 680 3654 xyz
701 3587 729 3657 [ἡ
747 3590 776 3659 x]
799 3593 803 3656 Ι
823 3593 839 3644 3
858 3585 1072 3660 έκβλύζουσικτ
1096 3597 1101 3658 Ι
1125 3595 1143 3647 β
1159 3588 1226 3654 τούς
1242 3595 1277 3661 -Ι-
1288 3603 1337 3660 yut
1359 3603 1363 3651 1
1389 3600 1405 3648 2

280 3668 329 3736 κμλ
346 3673 380 3736 >
397 3679 445 3738 yzt
463 3674 468 3739 Ι
487 3674 506 3725 θ
522 3664 682 3740 ἀγομένους
698 3675 732 3740 -Ι-
750 3695 773 3728 w
797 3675 802 3744 Ι
831 3678 862 3729 10
880 3668 1081 3744 ἀπαγομένους
1098 3697 1132 3746 γε
1152 3681 1158 3746 Ι
1182 3679 1212 3730 10
1231 3672 1340 3744 έκπριῶ
1357 3699 1405 3748 51,

280 3757 328 3807 εοδ
347 3749 468 3822 έκπρίου
486 3775 580 3825 margo
598 3763 640 3824 γΙ
667 3760 695 3812 11
716 3756 794 3828 φὴση
813 3763 860 3827 W,
886 3762 1024 3828 φείοντΙ
1043 3765 1071 3814 11
1091 3761 1244 3830 κα1>ΙΙ
1269 3764 1296 3816 11
1318 3763 1405 3831 δέξα-

280 3841 352 3892 σθαι
365 3843 395 3908 t!
412 3843 443 3894 12
461 3833 585 3908 ἀργύρια
599 3861 622 3894 w
637 3847 641 3908 Ι
659 3847 689 3896 12
708 3837 779 3897 αύτδ
796 3853 842 3912 yzt
856 3848 862 3910 Ι
878 3849 918 3898 12.
934 3848 965 3900 13
984 3847 1164 3916 δαπανηρετε
1183 3843 1257 3901 αάτά
1270 3866 1294 3900 w
1310 3849 1315 3914 Ι
1332 3845 1404 3919 1δὴ

278 3925 313 3991 -Ι·
330 3929 398 3993 γτιΙ
416 3928 446 3979 13
465 3921 495 3993 ἐξ
514 3922 587 3979 αντά
606 3929 637 3981 τί
654 3928 694 3996 [τί
710 3947 793 3999 τηρεε
806 3931 923 3999 versum]
943 3926 1017 4000 χήρα
1036 3949 1060 3984 w
1076 3933 1080 3996 Ι
1097 3933 1128 3984 13
1146 3925 1207 4001 ὁ-Ι-
1218 3941 1248 3999 yt
1264 3933 1268 4000 Ι
1285 3935 1317 3986 14
1335 3928 1405 4004 ἀκή-

280 4012 387 4063 σασθαι
406 4030 449 4063 wx
468 4014 472 4080 Ι
495 4014 526 4064 14
543 4002 564 4081 ἦ
581 4021 643 4078 ιιιι1,
663 4013 712 4066 καί
730 4033 764 4082 yz
785 4019 790 4082 Ι
813 4016 842 4066 14
860 4010 944 4083 πῶμα
962 4035 985 4068 w
1006 4021 1011 4081 Ι
1032 4019 1064 4068 15
1081 4018 1138 4070 τῶν
1154 4020 1189 4084 >
1207 4025 1218 4069 t
1233 4020 1237 4084 Ι
1259 4019 1291 4070 16
1307 4037 1404 4085 παρα-

280 4088 397 4163 νάλωμα
414 4115 448 4162 γι
469 4103 473 4158 Ι
496 4098 527 4148 18
545 4098 644 4164 φαύλα
660 4101 707 4167 τῆι
731 4094 816 4167 φύσει
835 4119 858 4152 w
881 4101 884 4165 Ι
914 4102 945 4154 19
964 4094 980 4168 η’
1000 4099 1098 4170 γνῶμη
1116 4121 1140 4154 ιι
1165 4103 1170 4168 Ι
1192 4103 1224 4154 19
1246 4120 1405 4172 προσκομι-

280 4176 385 4244 ζόντων
402 4183 468 4247 yut!
487 4183 521 4234 20
539 4184 590 4235 τού
609 4203 664 4250 wx,
688 4185 727 4236 τῶ
743 4204 791 4252 yz,
810 4180 841 4238 τὸ
861 4192 872 4236 t
892 4187 896 4250 Ι
917 4189 950 4238 22
970 4180 1109 4255 έποφελῆι
1127 4205 1151 4238 w
1167 4190 1219 4253 122
1237 4181 1375 4256 ἀσεβέσιν
1388 4211 1407 4243 1

254 4291 263 4296 -
282 4266 286 4332 Ι
310 4269 342 4317 22
361 4267 536 4335 γεγενῆσθαι
555 4275 567 4320 t
591 4271 595 4334 Ι
619 4273 652 4321 22
670 4263 749 4336 παρά
768 4271 824 4322 τῶν
842 4263 966 4339 εύτεβῶν
983 4289 1017 4338 γι
1043 4275 1048 4338 Ι
1074 4274 1108 4325 23
1126 4265 1279 4340 έπιβλαβῆι
1296 4291 1323 4324 w
1343 4278 1348 4340 Ι
1371 4279 1407 4328 24

281 4341 425 4418 ἀγαπητοί
438 4344 485 4406 έπλ
498 4354 634 4406 τοιοῦτον
644 4371 679 4421 γε
695 4357 699 4420 Ι
714 4357 755 4406 25.
769 4355 803 4405 26
820 4355 910 4423 κυρία
922 4363 997 4423 sym,
1016 4357 1130 4423 χριστῶν
1149 4376 1173 4410 w
1188 4358 1192 4422 Ι
1207 4357 1241 4410 26
1258 4359 1370 4412 παιδία
1388 4379 1408 4430 y
