3120 4980
306 401 369 462 280
1354 407 1372 455 ν
1390 390 1427 441 4⁶

309 560 364 626 ε’πλ
394 562 487 646 κακῷ
514 562 561 646 τῷ
590 557 736 640 ἑαυτῶν,
760 555 962 640 ἀγνοοῦντες
990 553 1041 622 ὄτι
1069 553 1217 640 σκληρόν
1245 553 1360 634 αὐτοῖς
1388 559 1427 622 τό

308 659 391 743 πρός
413 660 534 742 κέντρα
555 663 733 740 λακτίζειν·
757 655 798 724 οῦ
812 655 877 742 γάρ
896 655 979 743 ἡμᾶς
999 651 1022 743 ἢ
1041 655 1120 734 τοῦς
1137 657 1342 735 ἐπισκόπους
1362 683 1426 724 πο-

309 766 469 846 λεμοῦσιν
488 764 524 827 οί
541 765 704 844 τοιοῦτοι,
725 758 811 826 ἀλλά
834 757 893 825 τὸν
914 759 1052 825 πάντων
1073 758 1259 826 ἐπίσκοπον
1286 760 1343 826 καλ
1364 763 1427 826 τοῦ

309 863 434 949 πατρὸς
464 861 636 950 ἀρχιερέα,
663 861 801 950 χριστόν
816 859 947 946 Ἰησοῦν
971 859 1031 928 τδν
1060 861 1181 946 κόριον
1208 859 1313 946 ἡμῶν.
1359 859 1426 928 ῦπδ

274 987 290 1036 5
309 965 460 1043 Μωσέως
478 966 542 1051 μὲν
563 963 627 1050 γάρ
650 969 711 1032 τοῦ
741 963 1004 1048 θεοφιλεστάτου
1029 961 1194 1050 ἀρχιερεῖς
1215 964 1423 1049 κατεστάθη-

308 1087 373 1135 σαν
391 1067 448 1132 καὶ
469 1071 567 1151 ίερεῑς
583 1066 641 1132 καλ
656 1073 812 1148 Λευῖται,
832 1062 898 1131 ὑπὸ
918 1067 955 1131 δὲ
975 1068 1036 1131 τοῦ
1054 1070 1203 1151 σωτῆρος
1222 1062 1318 1150 ἡμῶν
1332 1063 1427 1152 ἡμεῖς

310 1172 346 1236 οί
361 1170 533 1257 δεκατρεῖς
550 1168 746 1251 ἀπόστολοι,
774 1164 840 1234 ῦπδ
864 1169 901 1232 δὲ
922 1171 990 1233 τῶν
1009 1164 1207 1234 ἀποστόλων
1228 1167 1293 1252 ἐγώ
1312 1165 1427 1234 ’λάκω-

308 1275 368 1356 βος
387 1270 443 1336 καλ
466 1270 532 1356 ἐγώ
553 1270 690 1357 Κλήμης
716 1269 774 1336 καί
801 1267 866 1334 σῦν
884 1267 966 1355 ἡμῖν
990 1269 1116 1352 ἕτεροι,
1148 1271 1206 1336 ἰ’να
1232 1267 1276 1355 μὴ
1297 1270 1427 1348 πάντας

309 1372 412 1438 πάλιν
434 1373 683 1457 καταλέγωμεν,
707 1375 804 1456 κοινῆ
828 1373 866 1438 δὲ
886 1367 953 1438 ῦπδ
973 1370 1111 1437 πάντων
1126 1368 1226 1458 ,ἡμῶν
1241 1372 1426 1457 πρεσβύτε-

248 1485 363 1558 ’1οροι
386 1473 441 1539 καὶ
463 1471 616 1541 διάκονοι
638 1474 694 1540 καὶ
715 1472 937 1540 ῦποδιάκονοι
952 1471 1008 1540 καλ
1029 1471 1251 1556 ἀναγνῶσται.
1295 1478 1427 1560 πρῶτος

309 1580 428 1642 τοίνυν
444 1583 461 1619 *
477 1581 519 1662 τῇ
536 1575 638 1662 φάσει
656 1572 829 1664 ἀρχιερεῦς
844 1571 863 1640 6
876 1578 1063 1660 μονογενής
1079 1575 1222 1661 χριστός,
1241 1571 1302 1660 οῦχ
1319 1575 1427 1663 ἑαυτῷ

309 1675 371 1762 την
391 1675 492 1761 τιμὴν
509 1667 672 1765 ἀρπάσας,
695 1676 780 1743 ἀλλά
797 1675 887 1760 παρὰ
908 1675 1110 1760 τοῦπατρὸς
1128 1682 1367 1754 κατασταθείς·
1392 1675 1428 1756 ὃς

309 1778 491 1863 γενόμενος
507 1780 689 1864 ἀνθρωπος
707 1777 752 1845 δι’
774 1775 862 1864 ἡμᾶς
884 1779 940 1844 καὶ
962 1775 1025 1863 τὴν
1047 1777 1279 1862 πνευματικὴν
1298 1785 1428 1846 θυσίαν

310 1881 514 1968 προσφέρων
532 1884 580 1970 τῷ
600 1885 672 1970 θεῷ
693 1877 875 1948 αὐτοῦκαὶ
897 1879 998 1965 πατρί
1020 1879 1086 1966 πρό
1107 1885 1168 1946 τοῦ
1182 1881 1327 1964 πάθους,
1346 1879 1429 1966 ἡμῖν

261 2003 292 2055 15
310 1982 482 2061 διετάξατο
503 1983 619 2067 μόνοις
642 1988 743 2050 τοῦτο
760 1995 887 2066 ποιεῖν,
912 1987 1022 2048 καίτοι
1044 1979 1152 2048 ὄντων
1178 1979 1244 2047 σῦν
1264 1979 1348 2067 ιΙμῑν
1371 1982 1427 2048 καλ

310 2083 433 2166 ἑτέρων
449 2087 518 2148 τοῖν
536 2087 582 2161 είς
596 2083 700 2151 αὐτὸν
715 2085 1002 2151 πεπιστευκότων·
1025 2081 1098 2148 ἀλλ’
1124 2081 1166 2150 οά
1180 2085 1314 2162 πάντας
1329 2081 1395 2162 τάς
1410 2080 1427 2150 6

311 2184 491 2262 πιστεύσας
501 2185 564 2271 ἤδη
578 2185 633 2252 καὶ
647 2184 753 2271 ίερεάς
767 2185 907 2270 κατέστη
918 2180 941 2270 ἢ
952 2183 1183 2271 ἀρχιερατικῆς
1193 2185 1287 2264 ἀξίας
1298 2188 1426 2272 ἔτυχεν.

309 2284 424 2371 μετά*
445 2284 507 2372 τὴν
526 2285 697 2373 ἀνάληψιν
717 2283 823 2354 αὐτοῦ
841 2284 936 2372 ἡμεῖς
956 2286 1238 2371 προσενεγκόντες
1258 2288 1344 2355 κατά
1366 2289 1427 2374 τὴν

311 2389 463 2468 διάταξιν
480 2386 586 2454 αὐτοῦ
600 2393 729 2455 θυσίαν
747 2388 904 2474 καθαράν
919 2397 937 2436 *
951 2385 1170 2472 ἀναίμακτον,
1194 2391 1428 2475 προεχειρισά-

259 2514 293 2562 20
310 2495 399 2574 μεθα
423 2491 627 2568 ἐπισκόπους
647 2490 704 2557 καλ
723 2491 974 2576 πρεσβυτέρους
995 2489 1051 2555 καλ
1067 2491 1248 2570 διακόνους
1268 2490 1352 2558 ἑπτά
1370 2495 1428 2558 τόν

311 2589 470 2676 ἀριθμόν.
515 2583 565 2658 ἀν
585 2583 632 2670 εἷς
645 2583 690 2678 ἦν
705 2595 880 2678 Στέφανος
901 2589 917 2658 6
938 2591 1189 2676 μακαριώτατος
1205 2593 1346 2677 μάρτυς,
1366 2594 1428 2660 οῦκ

311 2690 574 2778 ἀπολειπόμενος
593 2691 689 2778 η’μιῦν
704 2693 788 2760 κατά
802 2691 864 2779 τήν
880 2692 963 2781 πρὸς
976 2692 1060 2760 θεὸν
1076 2691 1228 2761 εῦνοιαν·
1252 2692 1289 2774 δς
1307 2701 1428 2763 τοσοῦ-

311 2818 371 2860 τον
397 2791 460 2880 τήν
486 2796 686 2879 θεοσέβειαν
708 2799 750 2882 τῇ
772 2800 881 2863 πίστει
909 2796 1097 2875 ἐνεδείξατο
1124 2795 1181 2862 καλ
1207 2795 1270 2882 τήν
1298 2801 1347 2876 είς
1370 2798 1429 2864 τόν

312 2893 432 2979 κόριον
452 2893 548 2982 ἡμῶν
563 2893 692 2982 Ἰησοῦν
713 2897 851 2984 χριστόν
869 2897 1020 2983 ἀγάπην,
1044 2894 1088 2975 ιδς
1109 2893 1193 2984 ὑπὲρ
1219 2897 1327 2984 αὐτοῦ
1348 2902 1427 2966 δοῦ-

261 3021 294 3072 25
312 3023 368 3064 ναι
384 2999 440 3066 καλ
461 2997 524 3084 την
541 2999 664 3084 ψυχήν,
688 2998 770 3082 πρὸς
791 3003 859 3065 τῶν
879 2999 1112 3085 κυριοκτόνων
1124 2999 1296 3066 Ἰουδαίων
1319 3005 1428 3078 λίθοις

311 3103 460 3184 βληθείς.
506 3099 581 3166 ἀλλ’
605 3100 692 3185 ὅμως
715 3097 733 3168 6
754 3103 905 3178 τοιοῦτος
926 3099 983 3166 καλ
1005 3105 1200 3187 τηλικοῦτος
1221 3100 1321 3190 ἀνήρ,
1345 3101 1365 3168 6
1384 3107 1428 3191 τῷ

312 3202 476 3286 πνεύματι
497 3203 588 3286 ζέων,
609 3199 627 3268 6
647 3201 707 3268 τόν
727 3202 864 3289 χριστὸν
882 3200 972 3288 όροῐν
994 3202 1032 3268 ίκ
1047 3203 1168 3282 δεξιάν
1188 3206 1250 3269 τοῦ
1269 3209 1358 3270 θεοῦ
1373 3202 1427 3270 καὶ

312 3302 370 3376 τάς
384 3301 565 3390 οὐρανίους
581 3303 688 3382 πύλας
707 3303 930 3393 ἀνεῳγμένας,
952 3302 1104 3389 οὐδαμοῦ
1120 3308 1277 3390 φαίνεται
1293 3319 1365 3383 τοῖς
1384 3305 1425 3391 μή

312 3401 478 3487 ἀνήκουσι
500 3409 540 3491 τῇ
560 3407 716 3494 διακονίᾳ
737 3406 962 3493 χρησάμενος,
992 3401 1015 3492 ἢ
1034 3410 1163 3472 θυσίαν
1189 3402 1426 3493 ἀνενεγκάνῆ

261 3526 295 3579 30
312 3517 424 3588 χεῖρας
446 3505 575 3583 ἐπιθείς
596 3531 679 3591 τινι,
707 3506 794 3574 ἀλλά
816 3506 854 3574 τό
875 3513 933 3592 τῆς
953 3509 1128 3585 διακονίας
1148 3508 1257 3593 τάγμα
1277 3511 1426 3594 φυλάξας

311 3607 406 3692 μέχρι
428 3607 560 3684 τέλους·
582 3607 669 3674 οὕτω
685 3608 750 3697 γάρ
766 3613 888 3696 ἔπρεπε
910 3613 958 3697 τῷ
971 3613 1034 3676 τοῦ
1053 3613 1190 3696 χριστοῦ
1204 3609 1353 3695 μάρτυρι
1367 3608 1426 3695 τήν

381 3822 394 3872 1
413 3823 466 3875 Aet
484 3823 526 3886 20,
542 3824 574 3874 14
590 3821 594 3892 Ι
609 3823 643 3876 26
660 3825 713 3876 Aet
733 3824 772 3890 18,
792 3825 892 3892 25121
910 3826 964 3877 Act
982 3827 1011 3891 7,
1031 3826 1073 3877 56.
1086 3825 1120 3878 56

312 4017 329 4070 3
347 4017 402 4070 τοῖν
421 4017 451 4083 1Ι
466 4019 482 4070 3
500 4012 611 4071 πάντον
630 4037 645 4070 x
665 4019 670 4081 Ι
690 4019 706 4070 8
723 4015 795 4087 ῦμίκ
813 4027 824 4072 ι
843 4023 847 4086 Ι
867 4019 884 4071 8
901 4013 997 4073 πάντα
1015 4037 1032 4071 x
1052 4019 1056 4086 Ι
1075 4020 1130 4072 8.9
1147 4013 1236 4074 πάλιν
1253 4015 1367 4082 πάντας
1382 4039 1399 4087 γ
1418 4026 1421 4081 Ι

315 4102 346 4153 10
363 4095 564 4156 οίποδιάκονοι
582 4120 599 4154 x
614 4104 619 4169 Ι
637 4094 790 4170 11ό-Ι-γΙ
808 4102 988 4172 11τρ1πατρ1
1006 4096 1097 4160 αῦτοῦ
1114 4103 1164 4158 καλ
1182 4105 1274 4172 θερίγ
1289 4105 1294 4174 Ι
1311 4107 1344 4158 16
1355 4101 1422 4158 πάν

313 4203 370 4238 των
385 4205 404 4253 y
419 4187 423 4255 Ι
447 4189 477 4240 16
494 4188 551 4248 τάς
568 4188 602 4253 >
620 4195 632 4240 ι
651 4187 656 4250 Ι
676 4187 706 4238 17
725 4182 865 4242 πιστεύων
882 4209 900 4257 y
920 4191 924 4254 Ι
947 4191 977 4242 17
997 4185 1077 4257 ἔτυχε
1094 4195 1125 4258 yt
1144 4192 1148 4254 Ι
1170 4190 1201 4242 18
1219 4185 1252 4243 δέ
1269 4189 1304 4257 -Ι-
1321 4197 1352 4256 yt
1367 4189 1376 4286 Ι
1396 4187 1423 4240 18

313 4261 402 4324 αῦτοα
392 4271 453 4337 >
469 4291 488 4340 y
507 4279 512 4334 Ι
534 4273 565 4323 19
583 4268 632 4324 καί
649 4270 683 4338 «Ι-
700 4279 730 4340 γι
749 4275 754 4340 Ι
774 4275 806 4325 21
824 4269 966 4341 μακάριος
983 4281 1014 4340 yt
1029 4273 1033 4339 Ι
1048 4274 1082 4328 28
1100 4266 1241 4342 ον’ρααίας
1258 4279 1271 4326 1
1285 4273 1290 4342 Ι
1305 4265 1376 4328 211
1355 4290 1421 4339 ατη·

313 4370 413 4409 κουοικ
430 4374 447 4408 x
461 4357 466 4422 Ι
481 4358 514 4410 31
534 4355 658 4425 ἔπρεπεν
675 4376 692 4410 x
