3160 4976
1403 435 1453 503 49

262 611 430 679 Οόῖκίντιος
448 611 508 670 ἀπό
527 606 656 692 ίίίβὰρει
673 609 764 670 εἶπεν·
791 609 872 680 Τοὺς
895 612 1063 694 αίρετικοῦς
1086 607 1209 691 οἴδαμεν
1227 615 1371 694 χείρονας
1396 618 1458 671 τῶν
1476 609 1513 695 λη

260 727 480 799 σχισματικῦν.
500 714 598 778 ἐὰνδὲ
614 722 861 798 μετανοήσαντες
869 715 1004 778 θέλωσιν
1021 716 1133 797 ἐλθεῖν,
1151 720 1262 799 ἐχομεν
1279 722 1393 779 κανόνα
1403 729 1458 790 τῆς

262 823 426 895 ἀληθείας,
445 825 476 884 όν
494 825 622 908 όκύριος
639 826 734 903 οἰκείᾳ
749 823 865 908 διδαχῇ
883 819 1051 908 προσέταξε
1067 835 1131 896 τοῖς
1150 825 1331 897 ἀποστόλοις
1347 824 1457 909 λέγων·

260 935 401 1013 ὑπάγετε,
414 940 456 1011 τῷ
471 935 598 1014 ὀνόματί
607 954 665 1014 μου
680 932 823 1014 δαιμόνιοι
837 932 1010 1015 ἐκβὰλλττε,
1024 941 1073 995 καί
1086 934 1236 1018 ἀλλαχοῦ·
1255 936 1460 1019 πορευθέντες

216 1062 229 1099 ο
258 1039 482 1119 μαθητεύσατε
506 1044 609 1101 πάντα
633 1045 673 1102 τὰ
693 1040 789 1117 ἔθνη,
817 1041 1019 1122 βαπτίζοντες
1043 1045 1157 1114 αότοῦς
1178 1045 1220 1112 είς
1244 1046 1276 1102 τό
1293 1046 1389 1124 ὄνομα
1407 1053 1460 1104 τοῦ

260 1151 379 1231 πατρὸς
401 1154 450 1208 καί
473 1158 526 1210 τοῦ
550 1151 616 1210 υίοῦ
629 1155 683 1216 καί
700 1159 752 1210 τοῦ
771 1149 861 1232 ἁγίου
878 1155 1063 1230 πνευματος·
1091 1151 1169 1211 ὥστε
1186 1153 1330 1234 πρότερον
1348 1146 1461 1235 ἐξορκί-

260 1255 338 1328 ζειν,
362 1257 468 1317 ἔπειτα
496 1253 656 1338 βαπτίζειν
686 1258 800 1327 αὐτοῦς
823 1253 879 1318 δεῖ.
905 1260 972 1318 τότε
995 1263 1057 1342 γὰρ
1082 1256 1228 1320 δύνανται
1253 1271 1309 1329 τῆς
1332 1269 1461 1343 χριστοῦ

260 1361 451 1445 ἐπαγγελίας
467 1373 580 1446 τυχεῖν.

261 1469 390 1554 Μάρκος
407 1472 467 1531 ἀπὸ
485 1469 678 1557 Μαχθαρῶν
695 1471 792 1535 εἶπεν·
812 1473 856 1534 Ου’
873 1472 1072 1553 θαυμαστόν,
1091 1476 1117 1535 εἱ
1133 1473 1245 1558 ἐχθροί
1260 1480 1310 1536 καί
1326 1473 1462 1556 πολέμιοι
1479 1468 1522 1536 λδ

218 1603 242 1640 ιιι
260 1588 317 1648 τῆς
340 1576 496 1649 ἀληθείας
524 1582 647 1651 ἑαυτοῖς
674 1578 877 1650 ἐκδικησουσιυ
901 1577 1117 1670 ἐξουσίαν-καί
1141 1580 1263 1665 δωρεὰν
1286 1579 1460 1666 ἀλλοτρίαν·

260 1682 435 1748 ἀλλ’ἐκεῖνο
452 1686 641 1767 θαυμαστόν
655 1690 745 1762 ἐστιν,
764 1691 790 1748 εί
806 1699 866 1750 τῶν
880 1693 1036 1772 ἡμετέρων
1052 1695 1132 1762 τινὲς
1148 1689 1296 1774 προδόται
1313 1701 1369 1760 τῆς
1386 1688 1463 1758 ἀλη-

259 1794 355 1864 θείας
377 1805 442 1865 τοῖς
465 1798 630 1879 αίρετικοῖς
653 1801 849 1879 συναίρουται
872 1801 921 1857 καί
944 1799 996 1859 οὐκ
1013 1799 1220 1860 ἐναντιοῦνται
1238 1808 1302 1868 τοίς
1318 1798 1462 1881 ἐχθροῖς.

259 1909 309 1963 καί
332 1899 385 1964 διὰ
407 1911 496 1964 τοῦτο
519 1909 656 1987 κρίνομεν
685 1905 731 1975 ὡς
754 1902 850 1986 μηδὲν
873 1906 1005 1987 ἐχουτας
1035 1910 1106 1976 τοῦς
1130 1909 1299 1990 αίρετικοὺς
1321 1904 1382 1969 δεῖν
1400 1903 1466 1987 βα-

260 2009 442 2080 πεισθῆναι.

216 2141 242 2180 ιτ
259 2117 377 2188 Σὰπιος
409 2119 470 2180 ἀπὸ
487 2115 667 2200 Σικιλίμβης
698 2119 789 2182 εἶπεν·
818 2120 856 2181 Εί
877 2129 942 2191 τοῖς
965 2123 1125 2204 αίρετικοῖς
1149 2124 1179 2182 ἐν
1203 2129 1246 2201 τῷ
1270 2119 1463 2205 βαπτίσματι
1478 2141 1502 2203 μ

261 2230 362 2290 αὐτῶν
379 2227 491 2312 ἁμεσις
508 2227 670 2310 ἁμαρτιῶν
686 2234 815 2309 γίνεται,
839 2231 940 2310 μάτην
958 2240 993 2308 τῇ
1012 2227 1153 2308 ἐκκλησίᾳ
1170 2235 1405 2316 προσέρχονται.
1438 2233 1465 2291 εί

260 2337 321 2418 γάρ
346 2335 376 2393 ἐν
399 2346 434 2414 τῃ·
458 2337 561 2416 ἡμέρᾳ
582 2346 638 2404 τῆς
663 2341 791 2418 κρίσεως
813 2339 852 2396 τὰ
878 2338 1094 2419 ἁμαρτήματά
1116 2339 1179 2397 ἐστι
1204 2341 1245 2397 τά
1268 2341 1322 2406 τὴν
1339 2336 1462 2399 κόλασιν

261 2443 461 2528 ἐπιφέροντα,
489 2438 575 2502 οὐδέν
598 2442 660 2502 ἐστι
678 2445 711 2502 τῦ
729 2440 897 2524 δυνάμενον
915 2439 1055 2529 ροβήσαι
1073 2447 1187 2515 αὐτοὺς
1202 2449 1276 2515 τοῦς
1294 2446 1465 2528 αίρετικοὺς

260 2551 291 2610 ἐν
310 2561 344 2628 τῇ
363 2553 454 2632 κρίσει
473 2559 526 2609 τοῦ
543 2560 684 2632 χριστοῦ,
702 2551 810 2634 ἁρεσιν
829 2552 990 2633 ἁμαρτιῶν
1007 2549 1184 2637 είληρότας.

216 2681 243 2719 νο
260 2655 412 2738 Αῦρήλιος
437 2659 498 2720 ἀπό
524 2658 654 2728 Οῦτικῆς
686 2655 782 2720 εἶπεν·
822 2659 978 2741 Λέγοντος
1001 2669 1055 2720 τοῦ
1083 2659 1254 2723 ἀποστόλου
1288 2657 1464 2742 ἀλλοτρίαις
1478 2675 1525 2737 μυ

262 2767 433 2849 ἁμαρτίαις
451 2770 493 2846 μὴ
516 2772 685 2841 κοινωνεῖν,
710 2770 738 2825 τί
761 2764 835 2828 ἄλλο
857 2770 875 2836 ἢ
901 2767 1073 2851 ἁμαρτίαις
1093 2777 1232 2829 κοινωνεῖ
1253 2765 1430 2851 ἀλλοτρίαις
1448 2770 1463 2830 ό

261 2883 326 2943 τοῖς
349 2876 510 2956 αίρετικοῖς
537 2874 612 2934 ἁνευ
637 2882 690 2934 τοῦ
714 2884 771 2944 τῆς
794 2873 951 2945 ἐκκλησίας
980 2872 1200 2956 βαπτίσματος
1223 2885 1386 2937 κοινωνῶν.
1410 2871 1463 2937 διὰ

263 2990 352 3042 τοῦτο
370 2986 459 3064 κρίνω
477 2977 692 3061 βαπτίζεσθαι
710 2986 781 3052 τοῦς
798 2985 983 3065 αίρετικοός,
1006 2983 1056 3044 ίνα
1073 2979 1195 3064 λάβωσι
1219 2985 1365 3066 πρότερον
1383 2984 1464 3069 ἁρε-

263 3107 309 3149 σιν
326 3090 488 3172 ἁμαρτιῶν
504 3094 555 3150 καί
570 3090 669 3160 οὕτως
686 3091 792 3159 αῦτοίς
807 3095 1049 3172 κοινωνήσωμεν.

218 3219 244 3257 κο
264 3195 376 3278 Ἴαμος
400 3199 460 3258 ἀπὸ
478 3197 668 3280 Γερμανικῆς
684 3197 776 3260 εἶπεν·
801 3199 840 3288 βί
854 3202 887 3258 τδ
901 3207 962 3259 τῶν
979 3201 1136 3281 αίρετικοῖν
1154 3195 1318 3280 βάπτισμα
1335 3197 1464 3281 δοκιμὰ-
1478 3189 1525 3275 [β

263 3305 366 3378 ζοντες
390 3309 423 3364 τῦ
445 3308 591 3387 ἡμέτερον
615 3305 912 3385 ἀποδοκιμάζουσιν,
946 3307 996 3366 ίνα
1030 3312 1102 3376 τοῦς
1130 3302 1189 3381 ἐξω
1216 3317 1272 3378 τῆς
1305 3309 1464 3379 ἐκκλησίας

262 3413 296 3472 οῦ
318 3411 590 3494 καθαρισθίντας.
614 3412 694 3474 ἀλλὰ
715 3411 924 3498 ρυπωθίντας
947 3415 1101 3496 ἀρνῶνται
1124 3411 1185 3476 δεῖν
1209 3419 1239 3476 ἐν
1262 3428 1298 3494 τη
1321 3417 1464 3496 ἐκκλησίᾳ

264 3515 492 3600 βαπτίζεσθαι.

263 3629 433 3700 Λουκιανός
447 3633 507 3691 ἀπό
518 3629 708 3710 Ῥουκοόμης
719 3625 839 3715 είπε[ν]·
857 3629 1047 3714 Γέγραπται·
1064 3638 1113 3692 καί
1128 3629 1203 3693 είδεν
1221 3632 1328 3702 όθεός
1344 3635 1377 3693 τό
1395 3643 1465 3718 φῶς
1477 3645 1521 3706 μγ

218 3757 245 3796 σο
264 3742 307 3800 ὅτι
324 3738 414 3801 καλόν
431 3746 482 3800 και·
500 3737 680 3822 διεχώρισεν
693 3743 754 3801 ἀπό
774 3749 828 3799 τοῦ
842 3743 944 3824 ρωτός
957 3747 1007 3801 καί
1022 3741 1082 3800 ἀπὸ
1099 3749 1152 3800 τοῦ
1170 3744 1307 3809 σκότους.
1325 3742 1351 3800 εί
1367 3737 1463 3801 δῦνα-

263 3853 314 3908 ταί
330 3866 376 3916 τις
389 3854 467 3933 ρωτῖ
478 3854 530 3908 καί
542 3849 638 3907 σκότει
654 3857 814 3924 κοινωνεῖν,
833 3847 962 3908 δύναται
978 3853 1049 3929 ἡμῖν
1066 3855 1117 3910 καί
1135 3858 1198 3917 τοῖς
1211 3851 1371 3931 αίρετικοῖς
1388 3847 1465 3910 εἶναί

264 3976 291 4015 τι
307 3957 414 4016 κοινόν.
432 3961 482 4017 καί
500 3953 551 4016 διὰ
568 3965 657 4016 τοῦτο
674 3962 765 4040 κρίνω
782 3961 853 4026 τοὺς
878 3959 1047 4040 αίρετικοῖς
1064 3953 1290 4036 βαπτίζεσθαι.

346 4064 356 4099 1
380 4057 518 4115 ὓῦιγιέντιος
533 4063 656 4101 vaticanus.
673 4081 700 4091 -
719 4057 813 4116 Θίβιιβης
829 4063 853 4112 Ρ,
875 4057 971 4117 Οίβσρης
986 4064 1110 4112 vaticanus,
1133 4057 1231 4116 Υβαβνης
1245 4071 1267 4110 g.
1284 4081 1310 4091 --
1332 4059 1380 4101 ιῖπτ
1395 4063 1420 4104 Ρ.
1436 4083 1463 4092 -

265 4133 278 4172 8
293 4128 420 4184 θελήσωσιν
435 4133 460 4182 Ρ,
477 4133 517 4172 τοῦ
527 4134 600 4182 32:11.
611 4153 638 4162 -
653 4130 732 4188 Ιγομιν
747 4137 794 4184 ίαν..
811 4131 885 4189 έχουσι
899 4147 955 4184 syr„
972 4133 1001 4178 τίς
1016 4135 1099 4183 graeci.
1108 4153 1135 4163 -
1150 4135 1162 4174 ό
1177 4127 1283 4176 όννιίνσττ
1297 4145 1332 4174 τι.
1343 4137 1390 4175 σιν
1399 4135 1425 4174 Ρ.
1436 4155 1463 4165 -

180 4225 184 4230 -
264 4203 370 4243 Ηόείίίκ.
385 4217 399 4244 ι
414 4205 434 4244 8.
445 4225 472 4234 -
486 4205 564 4245 Μιίίίτ.
580 4207 652 4246 ικτίίί
669 4209 702 4246 19.
716 4227 740 4237 -
753 4208 767 4246 9
782 4203 893 4260 Μαδάρων
904 4208 929 4256 Ρ,
946 4203 1072 4260 Μσχδιίρων
1086 4205 1124 4254 hg.
1135 4225 1162 4236 -
1177 4203 1225 4246 τίνει
1235 4207 1259 4246 Ρ.
1271 4207 1320 4246 -9
1334 4203 1463 4247 omnm

265 4283 298 4314 κν.
310 4275 371 4316 ίόιυ
381 4277 405 4315 Ρ.
420 4296 446 4305 -
462 4277 487 4316 ίίί
503 4273 576 4330 ίίρῖνω
593 4279 617 4316 Ρ.
634 4299 660 4308 -
674 4275 790 4320 όιίνινΡ.
806 4281 881 4319 -1³.
898 4281 924 4319 u
940 4275 1081 4330 βαπτίζεσθαι
1090 4279 1115 4317 Ρ.
1131 4299 1158 4308 -
1173 4273 1285 4324 snum:
1295 4281 1319 4320 P.
1335 4299 1362 4309 -
1377 4275 1462 4320 Σαινλι-

265 4345 355 4399 βίηςΡ.
366 4367 393 4378 -
408 4349 434 4388 ίῦ
449 4347 517 4390 τίνίῦ
532 4347 662 4402 imm.
673 4371 700 4380 -
715 4353 740 4392 ¹8
754 4348 800 4392 οῦδ.
816 4345 857 4406 γπρ
872 4349 917 4390 ἐστι
932 4351 957 4390 Ρ.
975 4371 999 4380 -
1014 4347 1065 4394 τοδε
1079 4348 1122 4405 αίρ.
1133 4351 1194 4390 ΝΡ.
1205 4371 1232 4382 -
1246 4353 1273 4391 2⁰
1284 4349 1378 4404 Λττιιὴς
1392 4351 1419 4391 Ρ.
1434 4373 1462 4382 -·

265 4417 313 4460 κίκι
333 4420 359 4460 Ρ.
379 4441 406 4450 -
425 4423 449 4459 ίίί
466 4416 520 4461 ἄλλο
535 4419 554 4460 τί
568 4421 599 4459 11.
619 4441 646 4450 -
664 4419 745 4463 τίσῦίί
764 4422 830 4463 τοῦτο
844 4433 870 4462 ιν
885 4423 909 4462 Ρ.
933 4443 959 4453 -
980 4425 1007 4463 ῦί
1021 4416 1081 4463 οὕτω
1096 4423 1123 4474 Ρ,
1142 4424 1181 4462 τοῦ
1197 4424 1215 4462 Ρ
1229 4433 1277 4463 m.
1292 4423 1419 4463 lect.=M.
1434 4443 1461 4454 ·-

265 4495 291 4533 τό
306 4489 384 4545 Ιαμξίός
399 4492 424 4530 Ρ.
440 4511 467 4522 -
481 4487 638 4544 Γερμανικείστ
652 4493 677 4530 Ρ.
693 4513 720 4522 -
735 4491 842 4546 βάπτισμα
856 4498 909 4544 ροσε
923 4490 968 4533 δοι.
981 4495 1005 4532 Ρ.
1017 4515 1043 4524 -·
1058 4496 1084 4534 κθ
1098 4491 1194 4536 ivn-*28
1209 4491 1271 4547 βεστ.
1281 4505 1307 4534 ιν
1317 4495 1342 4534 Ρ.
1353 4515 1379 4526 -
1394 4495 1419 4536 27
1435 4493 1461 4537 οὺ

264 4563 436 4621 καθερισῦένταε
458 4567 491 4606 bin
515 4577 559 4606 εστ.
577 4567 606 4606 σί.
626 4585 654 4597 -
675 4567 702 4606 20
717 4564 777 4607 τίσιν
796 4569 821 4608 Ρ.
845 4587 872 4597 -
895 4563 1082 4622 Pup-mmo<
1105 4580 1127 4609 v.
1143 4569 1169 4609 ⁸0
1182 4579 1209 4610 Λι
1223 4570 1249 4609 Ρ.
1271 4569 1353 4610 (Ennea.
1369 4569 1377 4608 ί
1391 4569 1412 4611 8.
1436 4591 1459 4600 -

265 4639 300 4678 ³0.
316 4639 339 4678 81
356 4635 445 4679 δυνατόν
460 4637 508 4692 φῶς
523 4639 559 4680 τισί
575 4637 651 4683 σκότυε
666 4641 691 4678 Ρ.
712 4659 739 4671 -·
753 4635 799 4680 δυ’ν.
815 4639 852 4680 καί
867 4638 920 4694 ἡμῖν
935 4642 960 4681 Ρ.
976 4661 1003 4670 -
1022 4641 1049 4682 ³2
1063 4637 1144 4690 κοινόν,
1159 4639 1229 4695 κρίνω
1243 4635 1281 4680 οὖν
1295 4651 1345 4686 τους
1360 4641 1385 4683 Ρ.

1227 4737 1242 4785 4
