3128 4972
666 428 879 490 ..13-

168 609 261 695 βάτοο
276 609 403 693 μεγάλου
419 612 506 677 diem
525 633 714 696 supremum
734 610 855 676 obiisse
868 613 895 688 ¹3
921 607 1066 692 σάββατον
1083 609 1156 692 μέγα
1175 619 1286 675 autem
1303 633 1375 677 esse

171 734 348 797 sabbatum
371 731 569 797 dominicam
596 731 846 796 resurrectionis
873 730 1084 795 antecedens.
1132 731 1232 815 Sequi
1260 730 1374 815 igitur,

170 854 259 917 huno
275 852 361 917 diem
386 853 426 916 ab
444 852 510 916 illis
534 873 606 916 esse
623 851 838 916 celebratum.
872 851 938 914 Sed
954 873 1114 934 nusquam
1130 849 1285 934 legimus,
1303 851 1376 935 jam

170 972 315 1036 secundo
339 996 371 1056 p.
390 971 468 1036 Chr.
489 995 523 1035 n.
548 971 680 1034 saeculo
704 971 881 1064 sabbatum
904 970 1103 1034 dominicam
1125 970 1375 1034 resurrectionis

170 1091 371 1156 antecedens
402 1089 474 1171 μέγα
496 1087 642 1172 σάββατον
665 1098 820 1158 vocatum
843 1111 933 1166 esse;
958 1089 1023 1152 imo
1047 1111 1088 1153 nc
1111 1089 1218 1154 Stcita
1243 1089 1376 1175 quidem

169 1211 241 1295 ipse
264 1232 461 1295 quemquam
484 1211 583 1293 hujus
606 1209 763 1293 loquendi
786 1232 865 1273 usus
887 1215 1011 1273 testem
1028 1209 1266 1295 chrysostomo
1290 1210 1386 1304 auti-¹

170 1330 319 1414 quiorem
346 1330 460 1394 afferre
488 1330 634 1413 potest².
691 1330 803 1414 Usque
833 1329 874 1393 ad
904 1328 1134 1413 chrysostomi
1162 1329 1264 1413 igitur
1290 1339 1375 1394 tem·

170 1472 251 1534 pora
272 1471 434 1532 nusquam
456 1449 661 1529 „sabbatum
683 1456 866 1532 magnum“
888 1470 944 1528 eo,
976 1469 1073 1532 quem
1096 1447 1203 1512 Steitz
1227 1448 1257 1512 ei
1280 1448 1375 1513 attri-

170 1569 254 1649 buit,
279 1590 377 1633 sensu
393 1568 570 1633 invenitur.
611 1569 720 1634 Quare
737 1591 811 1632 eum
827 1568 861 1632 in
877 1568 1018 1654 epistola
1034 1567 1141 1632 medio
1159 1567 1225 1632 lere
1242 1570 1375 1633 saeculo

171 1689 315 1753 secundo
347 1689 472 1773 scripta
503 1689 661 1772 legimus,
697 1687 928 1774 Polycarpum
950 1683 1033 1756 ὄντος
1067 1683 1215 1769 σαββάτου
1248 1685 1375 1768 μεγάλου

170 1816 337 1874 mortuum
363 1829 451 1886 esse,
482 1808 588 1870 multo
611 1808 816 1892 probabilius
839 1808 985 1886 videtur,
1016 1809 1080 1871 hoc
1109 1808 1151 1870 ad
1173 1806 1376 1871 ludaeorum

170 1928 326 2012 loquendi
343 1949 437 1990 usum
453 1926 662 1990 referendum
678 1948 761 2006 esse,
786 1927 842 2010 qui
861 1948 1127 2011 unumquemque
1144 1926 1230 1991 diem
1247 1927 1375 1991 eximiis

171 2047 367 2132 quibusdam
399 2045 615 2110 sollemnibus
647 2045 811 2130 insignem
842 2053 1052 2130 „magnum“
1083 2055 1252 2111 vocarent.
1298 2046 1374 2111 Quo

170 2165 301 2230 nominc
317 2165 408 2230 vorbi
425 2165 533 2248 gratia
555 2164 743 2248 appellatur
757 2167 835 2230 Joh.
858 2170 886 2245 7,
912 2169 952 2232 37
977 2165 1138 2251 septimus
1162 2166 1240 2230 festi
1262 2167 1374 2230 taber-

170 2286 364 2349 naculorum
387 2285 457 2348 dies
481 2275 525 2362 (ἕο
542 2284 576 2362 τῇ
600 2279 704 2363 ἐσχάτῃ
722 2282 814 2365 ἡμέρᾳ
837 2281 998 2365 τῇμεγάλῃ
1016 2287 1065 2364 τῆς
1083 2272 1210 2367 ἑορτῆς),
1239 2293 1273 2350 et
1296 2287 1372 2350 Joh.

170 2409 225 2483 19,
256 2409 296 2470 31
320 2404 444 2489 primus
467 2403 537 2467 dies
560 2424 752 2487 azymorum
775 2393 822 2484 (ἦν
844 2400 898 2484 γάρ
916 2401 1026 2486 μεγάλη
1049 2402 1065 2482 ἡ
1086 2401 1178 2484 ἡμέρα
1201 2401 1306 2466 ἐκείνου
1322 2404 1374 2466 τοῦ

168 2513 341 2608 σαββάτου).
386 2523 511 2588 Eodem
536 2522 632 2587 modo
657 2523 845 2601 sabbatum,
871 2545 934 2607 quo
959 2525 1163 2608 Polycarpus
1186 2531 1292 2588 morte
1317 2525 1373 2589 de-

168 2643 303 2707 functus
332 2651 400 2722 est,
433 2665 591 2726 magnum
622 2642 724 2706 fuisse
753 2642 899 2721 videtur,
934 2643 1054 2728 quippo
1085 2643 1120 2707 in
1147 2644 1235 2727 quod
1267 2643 1373 2708 festus

168 2762 287 2846 aliquis
311 2763 512 2826 ludaeorum
535 2762 605 2826 dies
629 2761 793 2826 inciderit.
830 2761 918 2826 Nam
941 2763 1115 2827 ecclesiam
1139 2765 1374 2848 smyrnensem

169 2881 401 2946 celebrationis
412 2883 431 2944 J
434 2881 569 2946 udaicac
580 2881 742 2946 rationem
756 2881 804 2945 ita
815 2880 981 2959 habuisse,
999 2881 1132 2945 minime
1142 2905 1203 2946 nos
1214 2884 1370 2961 offendet,

168 3001 323 3086 quoniam
346 3023 387 3066 ex
408 3001 480 3086 ipsa
504 3000 727 3065 controversia
749 2999 898 3084 paschali
921 3007 1025 3083 patet,
1050 3000 1208 3064 ecelesias
1229 2999 1370 3063 Asianus

168 3122 344 3186 etiamtum
357 3145 433 3186 usas
448 3143 519 3186 esse
536 3119 722 3186 calendario
739 3121 758 3182 J
762 3119 888 3184 udaico.
923 3118 1128 3202 Quocunque
1144 3125 1253 3181 antem
1270 3117 1369 3182 modo

168 3263 220 3305 res
236 3263 271 3305 se
295 3242 408 3319 habet,
433 3249 523 3305 certe
539 3242 639 3304 verba
661 3239 720 3303 illa
735 3262 775 3304 ne
791 3238 960 3303 minimum
978 3237 1110 3322 quidem
1126 3237 1240 3302 valent
1256 3244 1372 3302 contra

167 3359 394 3424 testimonium
410 3359 597 3444 Polycratis
620 3359 742 3423 diserte
765 3359 931 3442 negantis,
956 3358 1099 3422 Asianos
1122 3357 1232 3441 quarti
1252 3356 1372 3422 decimi

168 3479 233 3543 dici
249 3478 471 3544 observationi
482 3478 659 3562 quidquam
676 3478 848 3564 adjecisse.
873 3478 983 3542 Quare
999 3476 1144 3542 dubitari
1159 3499 1226 3541 non
1235 3477 1370 3562 poterit,

168 3599 247 3683 quin
258 3598 456 3662 Asianorum
466 3600 590 3681 pascha
605 3597 701 3661 unius
717 3599 816 3682 hujus
827 3597 892 3661 diei
903 3598 1046 3682 spatium
1056 3597 1177 3662 nonsit
1189 3620 1370 3681 egressum.

254 3717 396 3782 Videtur
418 3725 529 3780 autem
552 3738 592 3781 ne
609 3717 773 3801 jejunium
790 3716 923 3800 quidem
946 3739 1057 3780 eorum
1081 3725 1157 3780 ante
1181 3718 1269 3780 hunc
1284 3716 1373 3781 diem

167 3836 299 3901 initium
322 3836 459 3920 cepisse.
502 3837 590 3900 Nam
614 3837 820 3902 Erressruus
844 3835 976 3920 quidem
999 3835 1101 3899 refert
1124 3835 1231 3924 (haer.
1250 3839 1302 3916 50,
1329 3838 1370 3919 l),

168 3955 475 4040 quartodecimanos
491 3978 597 4039 neque
604 3956 774 4041 jejunasse
785 3975 891 4038 neque
902 3963 1108 4019 sacramenta
1124 3954 1372 4020 administrasse

151 4263 154 4268 .
185 4287 190 4294 ,
255 4214 264 4246 ¹
290 4217 400 4276 naseu.
417 4219 458 4277 Η.
474 4219 510 4276 n.
528 4219 581 4289 ον,
606 4219 656 4290 rs,
681 4219 730 4277 15.

254 4297 265 4330 ²
289 4304 349 4362 vid.
366 4305 515 4376 Hsnaoo,
533 4297 602 4362 RE.
621 4304 676 4378 XI,
701 4305 771 4362 162.
