3052 4974
1199 421 1246 462 vn

189 567 268 618 locoe
293 583 308 618 e
331 567 477 632 scripturis
500 565 630 616 laudatoe
658 565 700 615 ita
727 564 821 616 indico
844 571 874 617 ut
897 569 926 618 in
953 573 1049 620 vetere
1076 573 1244 620 testamento

119 669 232 719 eemper
254 651 408 702 hebraicae
432 650 562 701 editionis
585 651 706 700 numeria
729 655 800 700 utar.
841 651 866 702 ei
890 653 1098 718 evangeliorum
1120 654 1149 704 in
1173 670 1244 704 mar·

119 739 185 802 gine
203 738 319 789 nomina
338 735 480 797 adscribo,
504 750 559 785 non
579 733 642 786 ideo
662 740 802 786 auctorem
821 750 854 785 ex
873 735 1030 802 evangeliie
1048 753 1099 788 eua
1116 737 1242 790 haueieee

120 821 214 874 credo.
252 822 323 887 legit
341 820 414 872 enim
433 819 481 870 illc
501 817 630 870 niiallor
647 819 818 870 harmoniam
838 835 852 871 e
873 826 990 886 quatuor
1007 822 1162 889 evangeliie
1181 838 1243 874 con·

121 903 312 971 cinnatam*).

190 993 300 1042 cataroe
323 989 409 1040 libroe
428 989 564 1041 Clementi
588 1004 700 1040 romano
723 989 878 1056 suppositae
902 1007 919 1041 a
940 1006 984 1042 ma
1008 1007 1023 1042 e
1047 990 1172 1043 codicum
1191 991 1245 1043 fido

121 1076 280 1126 receueitoe
303 1078 409 1141 quanta
431 1075 553 1125 maxima
575 1079 670 1140 potero
694 1073 842 1126 celeritate
861 1074 985 1126 editurae
1003 1092 1074 1136 eum,
1098 1077 1127 1126 in
1146 1077 1244 1142 quibua

120 1160 252 1226 legendie
266 1173 347 1226 quum
359 1175 410 1225 per
427 1158 523 1210 dacem
542 1174 629 1210 ennoe
647 1174 737 1224 paene
749 1163 823 1210 totns
842 1159 950 1224 fuerim,
970 1176 1051 1226 epero
1063 1161 1123 1212 iore
1141 1167 1172 1212 ut
1189 1177 1243 1212 non

122 1249 288 1296 contemnar
305 1245 330 1295 ai
348 1245 553 1312 recognitionee
576 1243 718 1294 codicibue
741 1259 797 1294 non
819 1243 928 1296 collatis
950 1245 1067 1297 tractari
1088 1261 1143 1297 non
1162 1261 1244 1312 poseo

121 1330 234 1392 direr03
259 1343 321 1380 eum
346 1337 438 1380 antem
462 1330 508 1396 qui
531 1328 666 1394 glossario
690 1327 855 1380 clementino
878 1328 1027 1381 dcetitutue
1051 1330 1086 1381 ad
1109 1330 1180 1382 haee
1201 1332 1243 1382 in-

122 1413 293 1481 vestiganda
311 1414 438 1476 accedat,
457 1419 565 1479 tempue
584 1419 613 1465 et
630 1429 742 1479 operam
760 1414 930 1479 perditurum
949 1430 1010 1466 eeee
1029 1416 1096 1466 ecio.

189 1597 216 1664 ⁸)
234 1600 385 1666 Ephraemi
403 1598 465 1665 Syri
482 1599 569 1650 libroe
587 1614 640 1649 non
653 1613 762 1716 paucos
780 1599 914 1650 habemue
938 1601 966 1650 in
984 1615 1136 1652 eermonem
1156 1615 1242 1652 arme-

123 1669 217 1720 nicum
236 1683 332 1720 verace
351 1674 380 1719 et
397 1669 533 1720 Venetiae
551 1667 649 1718 annol
670 1666 704 1718 dd
722 1673 839 1732 quatuor
855 1668 1040 1718 voluminibue
1058 1669 1156 1731 editoe,
1176 1685 1244 1734 quoe

124 1753 176 1802 qno
195 1737 313 1802 quiaque
331 1737 445 1802 linguae
465 1737 622 1786 armenicae
640 1735 794 1800 imperitior
812 1735 872 1794 init,
892 1751 925 1786 eo
942 1736 1075 1787 audaciae
1088 1738 1244 1802 enppoeitoe

123 1805 246 1856 vocavit.
283 1805 312 1855 11
330 1803 441 1855 5-260
467 1803 570 1868 legitur
598 1803 749 1868 explicatio
772 1803 935 1854 harmoniae
961 1803 1143 1870 evangelicae
1172 1819 1242 1870 quac

124 1872 236 1934 dicitur,
257 1887 274 1922 a
291 1871 354 1923 loco
372 1871 422 1922 loh
443 1871 464 1934 l,
486 1872 497 1921 l
519 1873 627 1922 initium
646 1871 790 1921 facientia:
814 1875 845 1922 ut
863 1871 947 1922 facile
966 1871 1037 1922 dieci
1054 1873 1142 1939 poeeit
1159 1887 1243 1937 quac·

124 1957 188 1992 nem
209 1939 295 1992 inerit
316 1940 462 1990 harmonia
483 1939 535 1990 illa
558 1939 593 1989 ab
617 1939 772 2004 Ephraemo
798 1938 947 2004 explicata.
984 1940 1055 2005 quod
1073 1955 1125 2006 ago
1143 1940 1242 1991 docen-

124 2009 187 2060 dum
206 2025 269 2060 mor
286 2009 450 2074 enecipiem‚
472 2009 497 2058 ei
515 2006 549 2058 de
565 2007 723 2072 evangeliis
743 2022 759 2056 a
778 2005 916 2058 Curetone
934 2007 1016 2058 editis
1034 2023 1119 2074 agere
1137 2012 1241 2074 potero,

124 2075 307 2142 epietularnm
325 2079 411 2128 etiam
430 2075 465 2126 ab
483 2074 640 2142 Ephraemo
659 2073 793 2126 lectarum
812 2089 882 2141 quae
900 2077 978 2140 quari
997 2075 1086 2130 iaciee
1105 2076 1191 2127 luerit
1209 2093 1244 2127 ox

124 2145 220 2196 eodem
239 2159 322 2210 opere
340 2143 383 2194 111
401 2140 512 2193 7-265
530 2147 739 2193 monstraturus.
775 2141 824 2192 eed
848 2157 928 2208 quum
951 2143 1063 2210 linguae
1083 2145 1243 2196 armenicae

123 2213 293 2264 mentionem
316 2211 472 2273 iniecerim,
497 2210 567 2262 addo
586 2225 642 2273 me,
667 2210 691 2259 ei
710 2211 798 2260 iurem
821 2225 875 2260 non
894 2211 1002 2277 castigo
1021 2213 1068 2277 qui
1086 2211 1243 2278 nuperrime

123 2281 223 2331 librum
247 2294 336 2330 meum
359 2295 405 2330 zur
421 2279 594 2342 mpeecliclte
612 2279 659 2328 der
680 2277 817 2328 Armenier
839 2277 1019 2344 depeculatus
1042 2283 1096 2342 eet,
1127 2280 1155 2330 id
1179 2295 1242 2331 con-

123 2354 212 2400 temtu
230 2349 291 2398 eiua
310 2352 339 2399 at
357 2347 505 2398 amicorum
523 2362 578 2398 non
597 2346 701 2397 lacere.
736 2346 786 2396 eed
804 2345 869 2412 quid
887 2346 949 2397 dico
969 2349 1126 2398 contemtu?
1161 2361 1242 2413 quum

123 2421 221 2484 patna
239 2416 332 2482 potine
351 2431 413 2466 oeae
431 2414 514 2466 velim
534 2413 605 2480 quod
624 2428 705 2480 quum
724 2414 835 2464 tertiam
858 2419 963 2465 tantum
982 2415 1106 2466 radicum
1125 2416 1243 2466 armeni-

124 2501 218 2536 cernm
236 2489 346 2550 partem
365 2499 382 2533 a
405 2499 447 2533 me
471 2484 559 2549 primo
582 2488 658 2532 recte
682 2496 743 2532 cum
761 2481 862 2532 indicia
882 2489 1070 2550 comparatam
1089 2482 1196 2534 videret
1214 2487 1243 2533 et

123 2552 346 2620 praepositiones
364 2549 471 2616 aliquot
489 2550 633 2600 dumtaxat
650 2551 743 2600 ericae
760 2549 790 2599 in
807 2550 952 2601 vocabulia
965 2551 1112 2602 armenicis
1132 2551 1242 2616 quibua-

124 2637 185 2672 cnm
204 2620 370 2672 coaluerant
388 2618 546 2682 indagatae,
565 2624 659 2668 tamen
677 2633 720 2668 me
738 2622 794 2668 tam
813 2617 928 2669 divitem
941 2635 1002 2670 eeee
1021 2618 1139 2670 credidit
1156 2623 1188 2668 ut
1199 2633 1242 2667 mc

123 2705 177 2740 ιιοιι
195 2688 272 2740 laedi
290 2691 416 2754 putaret,
435 2688 460 2738 ei
478 2685 572 2752 aliqua
590 2687 755 2752 eurriperet‚
775 2689 804 2737 et
821 2689 877 2738 tam
895 2686 1059 2740 benevolum
1078 2692 1108 2738 ut
1125 2687 1242 2737 tacitum

123 2773 167 2809 me
184 2757 257 2808 haec
274 2771 421 2823 paeenrnm
438 2770 498 2807 eeee
518 2755 707 2806 arbitraretur.
