3120 4980
242 443 273 506 9.
290 441 362 528 Περί
377 447 568 529 χειροτονίας
585 442 797 509 ῦποδιακόνου.

199 548 285 635 Ἐγώ
303 551 423 633 Θωμᾶς
439 547 659 635 διατάσσομαι·
675 551 872 619 ὑποδιάκονον
889 559 1085 639 χειροτονῶν,
1104 549 1129 614 ώ
1146 551 1336 628 ἐπίσκοπε,

107 657 268 730 ἐπιθήσεις
284 655 331 720 ἐπ’
349 660 440 722 αὐτόν
457 666 511 729 την
528 668 620 746 χεῖρα
636 663 686 725 καί
702 665 867 747 εὐχόμενος
886 665 974 748 ἐρεῖς·

244 765 296 830 10.
313 767 393 852 Βδχ.
412 774 605 854 χειροτονίας
620 767 831 835 ῦποδιοικόυον.

197 875 339 938 Δέσποτα
347 875 416 956 θεέ,
424 873 589 963 δημιουργὲ
603 880 732 963 οδρανοῦ
745 881 795 942 καί
806 889 867 963 γῆς
878 883 927 941 καί
938 881 1063 940 πάντων
1072 884 1133 938 τῶν
1142 876 1172 936 ἐν
1182 876 1336 952 αὐτοῖς,
1372 889 1388 930 ε

109 986 187 1047 δκαί
201 984 231 1046 ἐν
249 994 286 1065 τῇ
302 993 395 1066 σκηνῇ
412 991 466 1046 τοῦ
482 991 652 1072 μαρτυρίου
668 993 740 1060 τοῦς
754 991 922 1074 νεωκόρους
940 979 1107 1059 ἀναδείξας
1122 991 1183 1046 τῶν
1201 983 1333 1066 ἁγίων

109 1113 163 1156 σου
177 1100 290 1154 σκευῶν
303 1089 454 1178 φύλακας·
469 1095 562 1163 αῦτδς
574 1100 625 1157 καί
636 1102 687 1156 νῦν
700 1093 860 1179 ἐπίβλεψον
877 1094 925 1156 ἐπί
941 1097 991 1155 τόν
1009 1089 1114 1156 δοῦλόν
1131 1110 1186 1153 σου
1202 1087 1332 1166 τόνδε,

109 1203 159 1263 τόν
184 1198 443 1286 προχειρισθέντα
467 1197 676 1282 δπσδιάκονον,
695 1205 746 1265 καί
762 1201 815 1276 δδς
831 1204 918 1282 αὐτῷ
934 1209 1054 1285 πνεῦμα
1071 1201 1158 1285 ἅγιον
1175 1201 1266 1283 πρὸς
1287 1199 1332 1258 τὸ

110 1302 244 1382 ἐπαξίως
256 1309 453 1394 ίράπτεσθαι
465 1315 526 1371 τῶν
541 1309 751 1395 λειτουργικῶν
768 1331 823 1374 σου
835 1318 950 1374 σκευῶν
962 1314 1012 1374 καί
1026 1317 1119 1372 ποιεῖν
1130 1310 1164 1371 τό
1175 1305 1333 1388 θέλημά

111 1435 165 1478 σου
178 1413 228 1479 δεδι
246 1419 363 1489 παντός
379 1413 431 1479 διὰ
448 1426 501 1481 τοῦ
517 1425 645 1505 χριστοῦ
658 1437 728 1481 σου·
744 1415 820 1498 μεθ’
836 1416 871 1480 οὗ
883 1437 930 1480 σοι
946 1411 1032 1492 δόξα,
1049 1421 1121 1500 τιμὴ
1137 1419 1187 1478 καί
1202 1411 1330 1497 σέβας
1352 1427 1383 1468 ¹⁰

111 1529 163 1586 σῦν
181 1531 225 1603 τῷ
243 1525 324 1609 ἁγίῳ
341 1544 395 1586 σου
413 1530 561 1607 πνεύματι
577 1527 620 1598 είς
635 1532 708 1598 τοὺς
723 1528 845 1598 αίῶνας
860 1535 921 1590 τῶν
939 1527 1078 1588 αέώνων.
1096 1527 1189 1606 ἀμὴν.

249 1631 303 1697 11.
321 1632 394 1719 Περί
411 1636 625 1719 ἀναγνώστου.

205 1739 423 1824 Ἀναγνώστης
433 1741 636 1822 καθίσταται,
647 1738 832 1814 ἐπιδιδόντος
844 1745 929 1820 αὐτῷ
943 1738 1063 1826 βιβλίον
1072 1748 1125 1805 τοῦ
1132 1741 1324 1804 ἐπισκόπου.

114 1845 183 1911 οὐδὲ
199 1851 261 1933 γὰρ
278 1846 513 1933 χειροθετείται.

249 1953 301 2018 12.
319 1953 391 2040 Περί
409 1954 619 2040 όμολογητῶν.
1345 1937 1385 2010 ¹⁵⁵

206 2059 291 2147 Ἐγώ
304 2061 477 2146 Ἰάκωβος
481 2062 623 2152 Αλραιοῡ
637 2062 857 2149 διατάσσομαι·
874 2064 1065 2150 όμολογητλς
1078 1989 1114 2128 οδ
1125 2069 1319 2149 χειροτονεῖ-

114 2193 176 2236 ται.
194 2174 323 2256 γνώμης
339 2175 400 2258 γάρ
412 2179 502 2236 τοῦτο
518 2177 568 2236 καί
584 2176 749 2257 ὑπομονῆς.
767 2184 858 2258 τιμῆς
874 2172 907 2238 δέ
921 2173 1060 2259 μεγάλης
1076 2166 1163 2246 ἐπαίξι
1166 2174 1201 2243 ός
1216 2171 1318 2252 ἐστιν,

116 2283 160 2353 ὡς
184 2279 380 2365 ὁμολογήσας
402 2285 435 2345 τό
459 2282 556 2365 όνομα
579 2290 633 2349 τοῦ
648 2283 728 2346 θεοῦ
744 2286 869 2347 ἐνώπιον
886 2283 988 2347 ἐθνῶν
1005 2288 1056 2345 καί
1072 2279 1235 2364 βασιλέων.
1253 2281 1315 2340 ἐὰν

117 2388 150 2452 δὲ
166 2395 257 2474 χρεία
274 2392 369 2452 αὐτοῦ
385 2391 428 2462 είς
443 2392 603 2453 ἐπίσκοπον
618 2394 638 2464 ἢ
651 2389 855 2476 πρεσβότερον
868 2395 888 2462 ἦ
902 2389 1037 2455 διάκονον
1050 2394 1187 2474 γίνηται,
1204 2406 1313 2472 χειρο-

115 2507 257 2561 τονεῖται.
275 2500 301 2560 εί
318 2495 351 2560 δέ
366 2518 413 2569 τις
424 2496 615 2583 όμολογητὴς
625 2505 669 2583 μὴ
680 2499 910 2585 χειροτονηθείς
922 2501 1048 2585 ἁρπάσῃ
1066 2500 1167 2574 ἐαυτῷ
1185 2489 1312 2584 ἀξίωμα
1332 2509 1365 2551 ²⁰

115 2614 263 2683 τοιοῦτον,
276 2606 320 2677 ώς
330 2602 381 2667 διὰ
398 2611 452 2676 την
464 2605 639 2692 όμολογίαν,
656 2609 673 2669 ό
688 2615 822 2680 τοιοῦτος
837 2607 1078 2693 καθαιρείσθω.Ι
1088 2607 1123 2668 οδ
1138 2607 1202 2690 γάρ
1219 2606 1311 2683 ἐστιν,

118 2715 237 2800 ἐπείπερ
254 2717 383 2799 ἤρνηται
399 2719 453 2785 τήν
469 2724 597 2800 χριστοῦ
613 2712 750 2790 διάταξιν
767 2721 817 2778 καί
832 2717 911 2779 ἐστιν
933 2717 1061 2779 ἀπίστου
1073 2719 1196 2800 χείρων.
1313 2745 1317 2752 ·

257 2818 310 2884 13.
331 2818 370 2884 Ὃ
387 2825 482 2895 αῦτός
496 2828 563 2907 περί
580 2824 760 2910 παρθένων.

214 2929 300 3016 Ἐγώ
320 2928 474 3013 Ἰάκωβος
491 2929 639 3018 Ἀλραιοῦ
655 2930 875 3014 διατάσσομαι·
899 2930 1060 3016 παρθένος
1076 2933 1111 2993 οῦ
1132 2939 1311 3017 χειροτονεῖ-

120 3060 181 3101 ται.
199 3041 345 3123 ἐπιταγὴν
361 3043 425 3124 γάρ
447 3045 548 3124 κυρίου
565 3041 616 3102 οώι
632 3042 753 3124 ἔχομεν.
781 3043 909 3123 γνώμης
924 3043 986 3124 γὰρ
1014 3039 1076 3102 ἐστι
1100 3041 1135 3101 τό
1163 3035 1312 3115 ἔπαθλον,
1329 3051 1359 3093 2⁵

122 3149 174 3209 οῦκ
190 3149 237 3209 ἐπί
251 3143 381 3229 διαβολῇ
398 3155 451 3209 τοῦ
467 3152 583 3230 γάμου,
606 3146 671 3212 ἀλλ’
688 3150 735 3212 ἐπί
751 3147 846 3233 σχολῇ
864 3157 920 3220 τῆς
935 3146 1105 3231 εδσεβείας.

260 3249 312 3316 14.
329 3254 403 3338 Περί
418 3264 536 3341 χηρῶν.

211 3361 311 3446 Κάγώ
327 3359 491 3444 Λεββαῖος
508 3365 523 3426 ό
540 3363 715 3438 ἐπικληθείς
737 3361 897 3436 Θαδδαῖος
921 3359 997 3427 τάδε
1019 3369 1086 3447 περί
1109 3371 1216 3448 χηρῶν
1244 3359 1315 3425 δια·

122 3473 295 3551 τάσσομαι·
313 3474 399 3554 χήρα
416 3472 450 3531 οῦ
466 3482 695 3556 χειροτονεῖται,
718 3470 783 3536 ἀλλ’
796 3473 845 3534 εί1
866 3477 921 3554 μὲν
937 3473 969 3534 ἐκ
984 3469 1093 3536 πολλοῦ
1110 3469 1250 3555 ἀπόβαλε
1265 3473 1316 3532 τόν

125 3575 227 3662 ἄνδρα
244 3581 294 3640 καί
310 3583 478 3663 σωρρόνως
494 3586 545 3641 καί
561 3582 813 3664 άκαταγνώστως
829 3579 918 3655 ἐζησε
933 3585 984 3653 καί
995 3590 1055 3644 τῶν
1078 3583 1191 3642 οἰκείων
1203 3581 1316 3664 ἄριστα
1334 3595 1361 3636 w

125 3683 312 3766 ἐπεμελήθη,
332 3685 376 3758 ώς
398 3682 520 3750 Ἰουδίθ
534 3693 584 3750 καί
606 3686 706 3751 Ἀννα
725 3691 760 3750 οιί
779 3691 982 3771 σεμνόταταε,
1006 3687 1258 3754 κατατασσέσθω
1275 3688 1318 3754 είς

124 3797 157 3854 τδ
180 3797 316 3879 χηρικόν.
342 3796 368 3856 εί
393 3792 426 3857 δέ
456 3798 564 3857 νεωστί
594 3793 735 3879 ἀπέβαλε
766 3798 816 3858 τόν
847 3795 1009 3881 όμόζυγον,
1038 3802 1080 3878 μὴ
1112 3794 1318 3874 πιστευέσθω,

126 3899 205 3964 ἀλλά
222 3905 325 3987 χρόνῳ
341 3907 360 3975 ἡ
376 3907 483 3976 νεότης
497 3903 661 3989 κρινέσθω.
695 3909 735 3966 τά
751 3907 814 3988 γάρ
830 3903 923 3975 πάθη
944 3903 1016 3967 ἐσθ’
1038 3905 1087 3966 δτε
1102 3909 1152 3967 καί
1174 3910 1319 3988 συγγηρᾷ

126 4009 320 4095 ἀνθρώποις,
336 4018 379 4096 μὴ
396 4015 454 4076 διεδ
469 4018 636 4098 κρείττονος
652 4010 780 4097 χαλινοῦ
797 4013 970 4098 είργόμενα.

208 4256 268 4302 δίιῦ
284 4257 345 4316 αὐτῷ
360 4260 409 4303 OV.
438 4283 466 4294 -
492 4265 507 4304 4
527 4259 587 4318 Ευχὴ
608 4260 642 4304 ἐπί
662 4259 786 4318 χειροτονία
801 4255 836 4301 ὑπ.
852 4261 902 4303 011.
918 4282 945 4293 -
961 4265 984 4302 11
1000 4259 1045 4316 τῷ,
1067 4271 1107 4302 σου
1125 4263 1148 4303 οῖ
1166 4257 1212 4302 τῶν
1231 4257 1319 4302 «idm

127 4343 153 4372 ιν
167 4332 217 4375 OV·
232 4353 259 4363 ·-
274 4335 300 4374 19
314 4329 404 4388 γίνηται
419 4338 470 4385 post
484 4331 551 4375 αὐτοῦ
565 4333 614 4376 OV.
629 4355 656 4365 -
676 4337 703 4375 2⁰
721 4332 782 4388 αυτῷ
798 4331 847 4376 OV·
861 4354 889 4365 -
909 4335 935 4375 22
949 4331 990 4388 τὴν
1002 4332 1042 4374 τοῦ
1055 4345 1077 4388 χ.
1094 4331 1143 4375 OV.
1157 4333 1232 4388 χεῖρον
1247 4335 1277 4374 Μ.
1292 4355 1319 4364 -

124 4405 152 4444 τι
162 4401 174 4445 ὁ
184 4388 221 4446 ’AI
229 4405 279 4447 ov.
290 4405 353 4446 -εε
363 4401 434 4458 δῆμον
444 4407 467 4446 ει
477 4405 551 4458 ,τινα
562 4401 683 4461 emmau
693 4405 967 4457 aeditimum-29·
978 4403 993 4458 η
1004 4405 1110 4458 „m-
1121 4407 1146 4447 τι
1157 4402 1318 4460 mmm.

126 4473 207 4528 ίοοδὴθ
216 4478 247 4517 M.
258 4498 286 4509 —
300 4478 326 4520 32
341 4476 415 4518 νεοστί
429 4479 460 4519 M.
471 4498 498 4509 -
513 4479 540 4520 11
549 4479 665 4533 τυνηγορεῖ
678 4478 752 4526 nov,
767 4488 808 4528 ego
819 4475 917 4538 σνῃηρᾷ
926 4489 955 4522 τι
965 4479 1031 4522 odim
1040 4479 1157 4522 εττεεείεί.
