3128 4972
652 460 867 522 ..27-

240 637 348 722 Ἐτεροι
366 641 399 704 δέ
413 665 485 711 τινες
502 640 652 722 φιλόνεικοι
668 638 718 722 τὴν
736 640 828 722 φάσιν,
848 639 955 705 ι’διῶται
971 639 1021 721 τὴν
1037 643 1150 722 γνῶσιν,
1166 641 1359 724 μαχιμώτεροι

156 768 341 850 adrandum,
359 768 556 832 συνιστάνουσι
574 773 629 832 δεῖν
646 766 681 831 τὸ
699 767 799 851 πάσχα
817 773 851 848 τῇ
868 769 1164 852 τεσσαρεσκαιδεκάτῃ
1178 771 1229 832 τοῦ
1243 771 1359 851 πρώτου

156 894 245 977 μηνὸς
267 895 424 977 φυλάσσειν
447 895 523 959 κατά
544 895 594 977 τὴν
615 901 667 960 τοῦ
689 895 778 977 νόμου
801 896 951 979 διανομήν,
975 891 1042 978 ἕνῇ
1068 893 1103 960 άν
1127 896 1218 979 ἡμέρᾳ
1245 896 1361 979 έμπέση,

157 1024 337 1106 ὑφορώμενοι
354 1023 388 1088 τὸ
405 1025 595 1106 γεγραμμένον
613 1025 642 1088 ἒν
658 1023 750 1104 νόμῳ,
774 1023 987 1106 ε’πικατάρατον
1005 1024 1127 1088 ἔσεσθαι
1147 1022 1252 1106 τὸνμὴ
1271 1025 1360 1107 φυλά-

157 1155 249 1228 ξαντα
268 1149 359 1223 οὕτως
377 1152 418 1223 oie
436 1151 643 1226 διαστέλλεται,
667 1151 700 1216 οὐ
723 1153 909 1234 προσέχοντες
933 1149 975 1215 ὅτι
990 1150 1139 1224 Ἰουδαίας
1161 1152 1361 1233 ι’νυμοθετεῖνο

155 1289 217 1351 τοῖς
244 1281 377 1361 μελλουσι
405 1278 438 1343 τὸ
468 1277 606 1360 ἀληθινὸν
632 1278 733 1362 πάσχα
764 1277 902 1362 ἀναιρεῖν,
928 1277 961 1344 τὸ
988 1280 1028 1350 εἰς
1054 1281 1125 1362 ἔθνη
1150 1287 1285 1362 χωρῆσαν
1312 1277 1361 1345 καὶ

156 1409 250 1472 πίστει
267 1407 434 1487 νοούμενον,
458 1407 490 1471 οὐ
508 1408 656 1490 γράμματι
673 1409 721 1502 νῦν
739 1409 922 1489 τηρούμενον·
946 1406 972 1472 οἳ
989 1411 1041 1491 μιᾷ
1062 1407 1152 1488 ταάτη
1175 1409 1361 1492 προσέχοντες

157 1537 256 1616 ἐντολῇ
275 1534 326 1600 οὐκ
344 1533 491 1616 ἀφορῶσιν
508 1534 548 1605 εἰς
565 1533 599 1598 τὸ
618 1534 761 1617 εἰρημένον
781 1535 838 1600 ὑπὸ
860 1539 911 1600 τοῦ
934 1535 1115 1610 ἀποστόλου,
1139 1533 1182 1600 ὅτι
1205 1536 1358 1619 διαμαρτύ-

158 1689 247 1746 ρομαι
264 1657 350 1726 παντὶ
367 1663 603 1754 περιτεμνομένῳ,
627 1660 668 1727 ὅτι
687 1662 830 1745 ὀφειλέτης
848 1659 905 1728 ι’στλ
923 1666 975 1727 τοῦ
992 1663 1089 1726 πάντα
1108 1662 1157 1727 τὸν
1174 1663 1261 1744 νόμον
1283 1670 1360 1745 ποιῇ·

158 1815 216 1854 σιιι.
254 1789 299 1853 Ἐν
321 1788 350 1853 δὲ
373 1799 433 1862 τοῖς
454 1791 558 1874 ἑτέροις
581 1784 660 1855 οὗτοι
682 1793 865 1872 συμφωνοῦσι
887 1793 960 1874 πρὸς
983 1790 1081 1855 πάντα
1105 1789 1141 1853 τά
1167 1794 1201 1871 τῇ
1228 1789 1360 1874 έκκλησιίμ

158 1917 215 1981 ὑπὸ
232 1923 291 1980 τῶν
308 1916 479 1982 ἀποστόλων
496 1918 725 1999 παραδεδομένα.

159 2009 169 2028 ’
244 2039 311 2102 vix
342 2039 514 2123 quisquam
545 2039 694 2117 dubitet,
727 2038 805 2122 quin
837 2035 864 2099 ol
891 2035 1054 2116 φιλόνεικοι,
1084 2039 1124 2103 de
1156 2039 1274 2122 quibus
1307 2039 1360 2104 hic

159 2159 270 2242 agitur
276 2208 286 2238 ,
311 2159 410 2223 iidem
434 2159 502 2223 sint
525 2181 599 2223 cum
622 2157 817 2224 adversariis
840 2157 1031 2244 Hippolyti,
1057 2157 1258 2243 Apolinarii,
1285 2160 1360 2224 Cle·

158 2278 281 2342 mentis
304 2278 533 2343 Alexandrini.
579 2278 675 2344 Sicut
698 2277 785 2342 enim
808 2278 1011 2362 Hippolytus
1035 2277 1082 2343 nil
1105 2278 1168 2342 nisi
1191 2275 1361 2358 φιλονεικίαν

158 2397 198 2462 iis
229 2397 357 2462 crimini
384 2399 443 2463 dat
472 2405 506 2463 et
530 2397 743 2483 Apolinarius
772 2396 993 2482 ignorantiam
1021 2381 1153 2460 tantum
1180 2397 1358 2482 vituperat,

159 2540 243 2602 quae
262 2518 506 2582 accusationem
522 2540 589 2582 non
609 2517 767 2582 admittat
784 2517 841 2581 sed
857 2515 1008 2580 doctrina
1024 2525 1133 2601 egeat,
1151 2517 1199 2580 ita
1214 2518 1360 2581 Pseudo·

159 2637 322 2721 Origenes
346 2637 468 2702 diserte
492 2644 652 2716 testatur,
683 2659 739 2701 eos
761 2637 795 2701 in
816 2627 970 2700 omnibus
993 2637 1092 2700 rebus
1116 2643 1256 2719 excepta
1283 2659 1359 2700 oon·

160 2756 335 2820 suetudine
362 2757 511 2841 paschali
539 2779 613 2822 oum
642 2757 868 2840 apostolorum
895 2755 1130 2821 traditionibus
1161 2755 1359 2820 consentire.

160 2876 206 2939 Et
229 2875 316 2940 sicut
339 2877 532 2961 Hippolyti,
563 2875 764 2960 Apolinarii,
794 2875 977 2940 Clementis
1001 2845 1219 2940 Alexandrini
1247 2876 1360 2939 adver·
1478 2871 1480 2876 ’

160 2995 237 3059 sarii
252 2996 306 3060 dio
322 3004 439 3080 quarto
457 2996 583 3060 decimo
601 2994 741 3081 singulis
765 2995 858 3060 annis
874 2997 997 3080 pascha
1013 2995 1179 3059 celebrare
1196 2995 1359 3072 solebant,

160 3115 208 3179 sic
231 3115 333 3180 etiam
348 3115 659 3210 Pseudo-Origenes
681 3115 784 3179 refert
807 3116 848 3179 de
870 3114 1067 3197 quibusdam
1084 3113 1171 3177 diem
1192 3114 1360 3198 paschatis

160 3235 497 3320 quartumdecimum
520 3235 699 3320 diligenter
721 3233 985 3298 observantibus.
1024 3232 1108 3296 Cum
1129 3241 1241 3296 autem
1264 3233 1360 3317 plane

160 3377 227 3419 non
249 3356 440 3434 habeamus,
466 3356 552 3420 unde
575 3357 636 3420 hos
660 3355 702 3419 sb
725 3354 792 3418 illis
813 3353 960 3418 diversos
982 3351 1083 3416 fuisse
1106 3352 1221 3437 colligi
1242 3353 1359 3436 possit,

160 3481 275 3538 nostro
294 3476 371 3557 jure
395 3481 591 3553 statuemus,
616 3477 677 3538 hos
701 3474 834 3538 eosdem
854 3471 956 3536 fuisse
972 3479 1071 3556 atque
1088 3471 1176 3536 illos.
1215 3473 1257 3536 ld
1273 3472 1358 3556 quod

162 3594 263 3658 etiam
286 3595 515 3673 confirmatur,
546 3593 686 3658 sirecte
710 3591 830 3657 statuit
849 3592 982 3656 Inrsrus
992 3595 1013 3671 ¹,
1040 3591 1217 3677 Hippolyti
1240 3591 1361 3655 librum

161 3709 234 3792 πρὸς
258 3711 380 3782 ἁπάσας
403 3710 457 3782 τὰς
481 3711 602 3792 αἱρέσεις
624 3712 726 3776 fuisse
750 3711 887 3790 fontem,
913 3734 930 3776 e
954 3734 1017 3795 quo
1043 3710 1361 3795 Pseudo-Origenes

160 3833 338 3897 hausisset.
385 3837 497 3916 Atque
523 3832 622 3897 etiam
650 3833 755 3917 magis
784 3832 868 3896 illud
898 3833 1126 3910 confirmatur,
1156 3831 1185 3894 ei
1212 3851 1360 3913 compro·

160 3951 271 4016 banda
287 3961 338 4016 eet
354 3952 520 4016 sententia
536 3975 659 4031 eorum,
678 3952 734 4036 qui
749 3951 969 4037 Hippolytum
986 3959 1021 4016 et
1033 3947 1361 4032 Pseudo-origenem

162 4095 262 4134 unum
294 4072 499 4156 eundemque
529 4071 630 4137 luisse
660 4079 792 4158 putant.
839 4071 998 4135 Videmus
1029 4077 1140 4136 autem
1171 4091 1188 4132 e
1215 4066 1361 4131 Pseudo-

251 4330 259 4361 ¹
278 4327 341 4391 Ζυν
360 4330 587 4410 Quellenkritik
602 4331 654 4392 des
669 4329 872 4409 Epiphanius,
890 4355 919 4413 p.
936 4297 1053 4394 2a221.
