3052 4974
275 423 309 466 VI

343 570 420 622 locos
439 569 662 621 constitutionum
681 583 735 620 uon
753 583 857 634 paucos
870 583 887 618 a
904 568 1029 634 patribus
1040 567 1150 619 landari
1168 567 1325 620 cotelerius
1348 571 1398 622 do·

278 661 388 708 caerat:
406 670 470 706 nam
488 655 641 706 Turrianns
659 653 712 704 hoe
730 669 785 704 non
803 653 910 714 docuit,
936 667 1017 718 quum
1040 668 1120 704 nemo
1143 653 1179 704 ab
1204 669 1236 705 eo
1255 654 1396 706 didicerit.

277 741 328 792 hos
348 756 399 807 ego
417 739 492 791 locos
510 740 539 788 in
562 739 786 790 commentarium
805 753 860 788 non
882 737 980 800 retuli,
1002 752 1067 787 nam
1090 742 1194 803 quanta
1216 739 1398 805 neglegentia

279 831 374 892 patres
393 825 461 875 editi
484 829 548 874 sunt
571 820 674 887 scio*),
698 823 797 888 quibus
815 823 856 872 uti
874 837 954 874 nemo
971 826 1064 887 potest
1081 823 1136 872 nisi
1153 823 1200 888 qni
1219 824 1330 876 codices
1349 825 1397 875 ad·

278 911 401 963 bibnerit
417 923 501 959 manu
518 909 650 974 scriptos:
676 908 787 959 codices
806 912 898 957 autem
921 907 1085 973 scriptorum
1108 908 1321 960 constitutiones
1337 909 1397 959 lan·

278 995 402 1046 dantium
421 992 577 1045 cotelerius
594 1007 648 1042 non
667 992 771 1043 evolvit
789 993 847 1043 lere
866 992 922 1042 nisi
938 991 1096 1055 Anastuii,
1116 1007 1150 1043 ac
1167 1007 1202 1042 ne
1221 1008 1269 1044 eos
1287 994 1397 1059 quidem

279 1095 314 1130 ea
332 1093 412 1144 qnam
431 1093 503 1128 nunc
521 1077 657 1143 poscimus
670 1076 817 1142 diligentia
836 1077 967 1130 excussit.
1001 1076 1074 1128 haec
1091 1076 1177 1142 igitur
1193 1078 1397 1143 necabuntur,

278 1165 303 1216 si
320 1163 443 1214 Parisios
461 1163 558 1214 iterum
578 1159 655 1212 adire
674 1161 741 1212 mihi
760 1161 917 1228 eontigerit.

345 1263 435 1312 neque
447 1247 589 1300 versiones
603 1245 638 1297 ad
651 1247 875 1298 commentarium
888 1245 1016 1297 adhiberi
1028 1261 1109 1313 posse
1121 1247 1296 1298 ridebantur.
1333 1263 1396 1300 nam

277 1333 311 1384 de
334 1331 490 1384 didascalia
508 1331 619 1396 syriaca
637 1347 654 1382 a
676 1347 719 1381 me
738 1345 811 1382 anno
831 1329 898 1381 1854
921 1328 1050 1394 euitafl)
1075 1333 1233 1399 propediem
1260 1332 1398 1399 singulari

278 1417 348 1467 libro
366 1421 476 1482 agetur:
497 1416 637 1467 arabicam
656 1415 842 1481 aethiopicam
856 1416 1053 1482 aegyptiacam
1065 1414 1273 1483 unamquem)
1291 1418 1399 1468 contuli

279 1501 402 1568 quidem,
422 1501 471 1552 sed
485 1515 566 1566 quum
580 1501 805 1551 commentarium
823 1499 920 1550 harum
933 1501 1076 1566 scripturis
1089 1500 1238 1553 distentum
1250 1503 1399 1554 Teubnero

279 1584 490 1652 imprimendum
508 1584 696 1647 tradidissem,
717 1586 779 1651 ipsa
793 1583 858 1634 libri
877 1583 963 1637 verba
981 1600 996 1636 e
1015 1589 1095 1636 vasto
1108 1587 1300 1637 adnotatorum
1319 1589 1400 1654 quasi

280 1672 389 1738 gurgite
411 1674 458 1723 vix
483 1669 671 1736 emergebant.
708 1685 843 1736 quumque
866 1670 928 1735 ipsa
951 1669 1088 1720 interdum
1110 1670 1248 1723 vocabula
1276 1671 1400 1723 barbara

280 1755 458 1822 producenda
477 1759 584 1816 essent,
604 1756 715 1820 coptica
728 1761 820 1806 antem
833 1759 861 1804 et
874 1753 1033 1820 aethiopica
1046 1755 1118 1821 apud
1130 1756 1306 1807 Tenbnsrum
1324 1759 1399 1823 typis

279 1839 355 1892 nullo
373 1839 452 1892 modo
470 1839 590 1890 exscribi
607 1845 735 1905 possent,
754 1840 869 1890 arabica
886 1855 940 1889 non
958 1840 1111 1900 commode,
1131 1839 1283 1892 consultius
1300 1842 1400 1907 putavi

279 1924 350 1975 baec
367 1924 438 1975 libro
450 1924 611 1990 germanico
623 1939 770 1990 seponere,
789 1938 841 1990 quo
854 1924 888 1974 de
901 1923 1025 1974 omnibus
1043 1924 1122 1975 libris
1135 1924 1272 1976 Clementi
1284 1941 1398 1978 romano

280 2008 430 2074 suppositis
449 2012 561 2058 acturus
573 2023 641 2058 sum.
656 2009 712 2058 iam
729 2009 794 2074 quid
813 2009 849 2060 ad
866 2023 916 2060 nos
933 2009 1020 2074 ipsine
1032 2009 1163 2059 'l'urriani
1180 2010 1272 2062 versio
1289 2010 1400 2061 latina?

281 2107 361 2156 quem
380 2092 457 2142 illurn
474 2091 562 2158 ipsum
581 2091 704 2144 codicem
727 2093 756 2141 in
775 2093 908 2144 vertendo
925 2097 1069 2158 sequutum
1088 2109 1149 2146 esse
1168 2109 1251 2161 snpra
1268 2095 1398 2158 vidimus,

281 2192 361 2244 quern
379 2177 566 2243 typographus
584 2176 791 2243 imprimendam
806 2179 971 2245 accepisset.
1007 2178 1119 2230 Ioannis
1131 2177 1322 2230 KaroliBovii
1340 2181 1399 2248 epi-

281 2262 359 2327 scopi
381 2262 538 2312 ostnnensis
560 2261 753 2328 interpretatio
777 2261 906 2326 (Venetia
929 2279 1001 2314 anno
1024 2261 1090 2315 teos
1112 2279 1147 2315 erc
1168 2265 1273 2328 officina
1291 2265 1403 2318 Iordane·

283 2348 359 2398 Zilett
375 2345 465 2412 edita)
483 2361 564 2412 quum
583 2345 748 2413 aliquotiens
766 2349 887 2414 repetita
903 2349 1007 2414 passim
1021 2348 1109 2399 obvia
1126 2348 1176 2412 sit,
1200 2348 1285 2400 facile
1305 2349 1340 2400 ab
1359 2351 1401 2400 eis

283 2431 404 2482 conferri
427 2431 528 2496 poterit
547 2424 593 2496 qui
616 2432 749 2482 mensium
774 2431 880 2498 aliquot
903 2434 1013 2483 iactura
1036 2432 1144 2484 discere
1162 2433 1258 2485 volent
1275 2449 1347 2500 qnae
1366 2451 1401 2485 ex

282 2515 425 2567 codicibus
444 2531 461 2566 a
478 2531 521 2566 me
540 2515 652 2567 collatis
670 2516 793 2568 homines
811 2518 900 2568 minus
923 2517 1055 2569 laboriosi
1073 2533 1126 2569 nno
1140 2518 1173 2568 in
1192 2523 1343 2585 conspectu
1359 2518 1401 2569 ri·

282 2601 347 2651 dere
366 2601 491 2652 contenti
509 2605 597 2652 erunt

349 2685 467 2736 Davidis
485 2701 585 2736 nomen
604 2683 715 2737 codices
733 2701 842 2753 semper
860 2682 917 2736 aaa
934 2687 1066 2740 scribunt.
1096 2690 1261 2738 accentuum
1274 2692 1304 2738 et
1315 2689 1400 2740 inter·

282 2771 440 2837 punctionis
452 2769 669 2837 discrepantiam
684 2771 813 2822 adnotavi
831 2773 856 2822 sl
868 2785 966 2823 sensns
984 2771 1066 2822 simul
1079 2777 1238 2825 mutaretur.
1267 2771 1325 2823 iota
1337 2773 1401 2824 sub·

282 2857 414 2922 scriptum
437 2870 576 2922 nunqnam
603 2855 683 2906 adest
700 2856 730 2905 in
747 2872 777 2919 x,
802 2857 861 2907 lere
878 2870 1017 2922 nunqnam
1034 2857 1063 2906 in
1080 2861 1093 2906 t
1115 2861 1145 2907 et
1161 2857 1253 2922 priore
1271 2861 1351 2924 parte
1368 2871 1400 2921 y:

284 2940 450 2992 adscribitur
467 2941 497 2991 in
514 2957 547 2991 w.
585 2941 657 3008 quod
675 2943 805 2992 omissum
822 2940 869 2992 ubi
887 2942 952 3007 peni
971 2940 1094 2992 debebat
1110 2942 1257 3006 praeterii,
1281 2943 1401 3008 positam

283 3025 331 3076 ubi
349 3040 403 3076 non
421 3025 595 3081 scribendum
615 3029 675 3075 erat
692 3026 796 3076 notavi.

351 3111 448 3176 capita
465 3127 527 3162 mea
545 3111 641 3162 eadem
660 3114 723 3160 snut
746 3125 780 3160 ac
798 3109 940 3174 anriaai,
965 3111 1019 3162 nisi
1038 3111 1110 3178 qnod
1132 3111 1205 3162 hnnc
1224 3109 1333 3160 eosdem
1350 3123 1401 3160 nn-

284 3209 373 3246 meros
391 3199 562 3261 repetentem
581 3200 630 3245 aut
647 3194 730 3246 aliter
742 3193 901 3246 turbantem
919 3195 1039 3246 correxi:
1057 3196 1180 3262 capitum
1198 3194 1292 3246 titulos
1311 3209 1328 3244 a
1345 3209 1401 3246 mo·

282 3279 382 3330 nacbis
393 3280 533 3345 proiectos
547 3279 628 3331 edere
641 3280 827 3330 necessarium
839 3294 894 3330 non
905 3280 1061 3332 videbatur.
1092 3279 1286 3332 adnotationes
1305 3293 1401 3330 sorun-

284 3364 346 3414 dem
363 3379 469 3429 paucas
482 3369 588 3415 tantum
605 3365 730 3417 delibavi
747 3381 774 3431 p.
793 3362 841 3416 281
862 3379 943 3431 seqq,
964 3369 1073 3416 ceteras
1090 3364 1173 3432 plane
1192 3364 1294 3416 nullius
1316 3363 1402 3431 pretii

285 3463 346 3499 esse
364 3448 466 3500 iudico.

351 3699 381 3766 *)
400 3701 462 3752 uide
480 3701 559 3753 modo
576 3701 606 3752 in
619 3702 770 3770 Hippolyte
790 3707 855 3768 quot
871 3703 949 3755 locos
968 3701 1150 3754 Combefietus
1169 3705 1330 3766 mutaverit,
1354 3720 1400 3756 ne·

285 3787 337 3836 que
357 3771 481 3821 codicum
499 3771 578 3836 (quos
596 3769 686 3822 unllos
704 3771 837 3834 habebat)
856 3771 1013 3822 testimonio
1026 3773 1159 3823 invitatus
1176 3788 1266 3838 neque
1279 3773 1402 3824 necessi-

286 3843 346 3889 tate
365 3844 494 3889 coactue:
514 3838 648 3904 Hippolyt
665 3839 699 3890 ed
717 3839 847 3906 Lagarde
866 3856 883 3905 p
905 3839 993 3890 1-30.

351 3903 396 3968 **)
420 3923 470 3972 per
489 3907 595 3972 aliquot
613 3923 699 3958 annos
717 3907 833 3958 liberum
857 3907 910 3956 luit
936 3908 1003 3958 viris
1022 3907 1111 3958 doctis
1128 3909 1241 3972 syriaca
1258 3924 1319 3959 mea
1338 3910 1400 3968 (oa-

285 3979 367 4040 oepte
385 3975 482 4038 Xysto)
500 3981 618 4038 vertere,
638 3976 787 4043 explicare,
807 3975 841 4025 ad
859 3991 963 4040 graeca
981 3975 1145 4042 corrigenda
1162 3976 1310 4026 adbibere:
1328 3991 1402 4027 nunc

285 4057 365 4108 quum
384 4044 523 4094 neminem
541 4044 624 4094 venia
642 4044 709 4095 data
731 4057 809 4094 usum
828 4058 888 4093 esse
907 4044 1016 4095 videam
1041 4049 1069 4094 et
1091 4044 1198 4108 ipsein
1217 4044 1260 4094 bis
1279 4047 1402 4094 tractan-

285 4111 327 4161 dis
346 4127 379 4162 eo
396 4126 557 4178 progressus
574 4113 626 4163 sim
650 4117 681 4162 nt
702 4112 753 4163 deo
775 4109 887 4162 volente
911 4127 972 4160 mox
993 4111 1136 4162 versiones
1160 4117 1188 4162 et
1206 4112 1403 4163 adnotationes

284 4179 408 4244 proferre
427 4183 543 4246 possim,
567 4179 630 4230 nolo
649 4193 811 4245 quemqnam
829 4193 872 4230 me
891 4179 978 4228 invito
996 4179 1026 4228 in
1043 4193 1118 4230 meos
1139 4179 1250 4231 labores
1266 4179 1402 4242 involare,

285 4261 346 4297 eum
369 4253 460 4298 autem
484 4250 530 4314 qui
553 4253 649 4299 contra
673 4248 774 4298 lecerit
797 4245 884 4296 iurem
906 4261 967 4296 esse
991 4244 1130 4296 iudicabo.
1166 4245 1228 4296 sola
1245 4249 1402 4312 geopoaica

285 4313 410 4366 omnibus
428 4317 563 4382 permissa
581 4319 671 4365 sunto.

352 4380 407 4446 m)
427 4383 489 4435 vide
509 4383 642 4450 reliquias
659 4383 728 4433 iuris
746 4379 934 4432 ecclesiastici
951 4379 1077 4446 graecia
1093 4396 1137 4432 me
1151 4379 1241 4432 editas
1253 4397 1270 4447 p
1284 4381 1311 4432 11
1323 4397 1401 4449 seqq.
