2994 4972
287 396 346 458 160
1354 387 1406 444 εὖ

284 552 417 639 ἀσεβεῖν
438 553 580 638 ἄγνοιαν
600 556 713 638 έχουσι
734 557 836 637 θεοῦ,
864 543 958 618 οὗτοι
988 555 1026 618 δὲ
1050 551 1235 618 κακόνοιαν
1257 549 1304 629 τός
1322 559 1406 620 θεο-

284 657 383 742 μάχοι
403 659 579 722 νοσοῦσιν·
608 657 646 720 ἐκ
663 654 729 740 γὰρ
747 659 808 740 τῆς
827 659 946 731 κακίας
963 658 1032 721 τοῖν
1054 655 1261 740 αίρεσιωτιόν
1282 653 1406 738 ἐξῆλθε

284 758 440 842 μόλυσμα
459 757 514 824 ἐπὶ
536 762 649 824 πᾶσαν
667 755 731 843 τὴν
753 760 836 842 γῆν,
863 754 909 832 οἷς
929 773 1035 842 φησιν
1052 753 1209 841 Ἱερεμίας
1228 753 1248 822 ό
1267 756 1405 841 προφή-

284 883 352 944 της.
396 857 649 944 ἀποβληθείσης
671 856 736 942 γὰρ
762 863 820 943 τῆς
848 861 1048 942 συναγωγῆς
1074 861 1134 941 τῆς
1160 861 1316 943 πονηρᾶς
1337 853 1405 924 0κὸ

250 964 407 1044 εκνρίον
434 965 496 1026 τοῦ
517 965 603 1026 θεοῦ
630 957 687 1025 καλ
714 963 776 1026 τοῦ
805 967 902 1026 οίκον
927 957 1173 1045 όκορριφέντος
1200 956 1260 1024 ὑπ’
1283 962 1404 1038 αὐτοῦ,

285 1063 400 1139 καθείς
426 1063 444 1102 *
476 1085 544 1127 που
570 1060 676 1147 φησὶν
702 1061 978 1145 Ἐηκαταλέλοιπα
1005 1059 1066 1126 τόν
1090 1056 1187 1127 οἶκόν
1209 1083 1277 1144 μου
1301 1059 1359 1125 καλ
1387 1069 1404 1106 *

284 1160 347 1248 τὴν
383 1167 610 1248 κληρονομίαν
644 1186 726 1248 μου·
766 1161 823 1228 καὶ
856 1163 961 1230 πόλιν
993 1171 1011 1210 *
1043 1160 1172 1247 ἈνιΙσω
1201 1160 1262 1228 τὸν
1294 1159 1403 1246 ἀμπε-

284 1266 377 1331 λοῖνοί
393 1289 469 1350 μου,
490 1263 547 1330 καὶ
568 1263 609 1329 οὐ
622 1263 667 1350 μή
684 1269 798 1350 τμηθῇ
817 1262 890 1330 οὐδ’
913 1262 955 1331 οὐ
970 1262 1014 1350 μη
1037 1269 1171 1350 σκαφῇ,
1191 1263 1249 1330 καὶ
1271 1261 1405 1348 ἀναβή-

285 1387 377 1434 σεται
399 1369 445 1444 είς
472 1363 576 1432 αὐτὸν
602 1363 647 1443 σός
669 1369 716 1444 είς
739 1368 860 1451 χέρσον
885 1365 1036 1448 ἄκανθα,
1065 1365 1122 1432 καὶ
1143 1378 1217 1442 ταῖς
1244 1365 1405 1450 νεφέλαις

236 1483 267 1534 10
285 1469 484 1553 έντελοῦμαι
499 1471 562 1534 τοῦ
576 1469 620 1553 μη
634 1467 749 1552 βρέξαι
764 1465 864 1534 ὑετὸν
878 1471 925 1545 είς
939 1464 1055 1534 αὐτόν.
1086 1464 1322 1552 ἐγκαταλιπόν
1337 1455 1404 1532 οὖν

284 1570 344 1637 τόν
365 1569 483 1636 λαόν*
505 1567 549 1647 τός
567 1568 697 1655 σκηνὴν
719 1571 758 1634 έν
779 1566 951 1654 ἀμπελῶνι
969 1568 1025 1634 καὶ
1046 1565 1091 1646 ὥς
1114 1566 1404 1656 όκωροφνλιίκιον

286 1673 325 1740 έν
343 1673 546 1760 σικυηλάτρι,
567 1674 585 1712 *
606 1669 651 1750 σός
675 1672 775 1737 πόλιν
797 1671 1104 1756 πολιορκουμένην,
1130 1667 1297 1756 περιελών
1323 1671 1363 1735 δὲ
1386 1671 1403 1708 ³

284 1771 399 1840 αὐτῶν
418 1775 475 1840 καὶ
495 1771 533 1840 τὸ
555 1777 687 1858 πνεῦμα
709 1771 747 1838 τό
769 1770 867 1857 ἅγιον
886 1771 942 1838 καλ
965 1770 1025 1838 τόν
1054 1770 1266 1858 προφητικὸν
1286 1769 1402 1854 ὑετόν,

286 1875 459 1960 ἐπλήρωσε
476 1874 539 1960 τήν
554 1871 658 1942 αὐτοῦ
677 1875 863 1959 ἐκκλησίαν
882 1878 1110 1959 πνευματικῆς
1122 1875 1258 1959 χάριτος
1273 1869 1320 1950 ὥς
1337 1896 1403 1940 πο-

236 1993 267 2042 Ικ
283 1975 390 2062 ταμὸν
417 1977 591 2059 Αἰγύπτου
617 1978 655 2042 έν
677 1972 814 2060 ἡμέραις
841 1978 944 2059 νέων,
976 1975 1034 2042 καὶ
1060 1972 1197 2054 ὕψωσεν
1220 1971 1329 2060 αὐτὴν
1357 1971 1404 2051 ὥς

284 2073 380 2143 οἶκον
404 2076 456 2144 ἐπ’
476 2076 576 2162 ὄρους
598 2073 621 2161 ἢ
646 2073 691 2154 σός
716 2075 793 2160 ὄρος
816 2073 1020 2162 ὑπερφερὲς,
1047 2074 1093 2156 νός
1117 2075 1195 2163 ὅρος
1212 2077 1404 2162 κεκυρωμέ-

284 2202 348 2246 νον
364 2179 456 2244 καὶ*
479 2176 556 2262 ὄρος
573 2191 651 2244 πῖον
666 2185 695 2259 *,
719 2178 758 2243 έν
779 2168 807 2265 ᾦ
829 2176 1014 2264 εὐδόκησεν
1033 2176 1052 2246 ό
1069 2178 1151 2256 θεὸς
1167 2190 1338 2245 κατοικεῖν
1363 2180 1403 2244 έν

284 2279 393 2369 αὐτῷ·
413 2281 470 2347 καλ
490 2279 554 2364 γὰρ
576 2276 594 2346 ό
613 2279 730 2365 κύριος
744 2281 996 2366 κατασκηνώσει
1019 2285 1066 2358 είς
1079 2281 1181 2357 τέλος.
1216 2279 1273 2347 καὶ
1294 2281 1334 2346 έν
1354 2281 1404 2367 τῷ

278 2380 417 2470 Ἱερεμίᾳ
444 2383 531 2466 λέγει
555 2382 684 2467 Θρόνος
710 2381 808 2466 δόξης
829 2377 1005 2462 όψωμένος
1027 2379 1174 2467 όγίασμα
1199 2381 1314 2468 ἡμῶν,
1342 2381 1402 2448 καί

232 2498 266 2550 20
284 2486 323 2552 ἐν
337 2493 354 2532 *
370 2484 487 2570 Ἡσαΐᾳ
504 2484 592 2567 λέγει
609 2485 626 2522 *
643 2481 759 2549 Ἔσται
778 2483 817 2548 ἐν
834 2496 905 2560 ταῖς
921 2483 1074 2568 ἐσχάταις
1091 2480 1230 2570 ἡμέραις
1249 2483 1404 2568 ἐμφανὲς

282 2583 322 2650 τό
343 2581 419 2667 ὄρος
435 2589 556 2670 κυρίου
578 2582 635 2648 καλ
657 2579 675 2648 ὁ
696 2579 788 2661 οἶκος
806 2589 867 2650 τοῦ
884 2589 970 2668 θεοῦ
985 2584 1038 2652 ἐπ’
1058 2585 1166 2670 ἄκρου
1185 2590 1255 2650 τοῖν
1276 2583 1401 2670 ὀρέων,

282 2686 339 2750 καὶ
370 2683 586 2769 ὑψωθήσεται
617 2685 731 2750 ἐπάνω
760 2689 828 2751 τοῖν
861 2690 1009 2771 βουνόν.
1056 2687 1128 2753 ἐπεὶ
1164 2675 1227 2752 οὖν
1256 2685 1314 2750 καλ
1339 2684 1402 2752 τόν

283 2784 366 2854 λαόν
389 2786 582 2872 ἐγκατέλιπε
607 2783 664 2850 καὶ
689 2784 750 2852 τὸν
778 2786 864 2853 ναόν
887 2785 1021 2872 ἀφῆκεν
1047 2791 1192 2874 ἔρημον,
1221 2792 1339 2873 σχίσας
1361 2785 1401 2853 τό

282 2891 516 2974 καταπέτασμα
539 2895 557 2934 *
578 2885 635 2953 καλ
657 2885 772 2972 λαβόν
789 2886 848 2954 ἀπ’
872 2886 1043 2955 αὐτῶντὸ
1064 2893 1198 2974 πνεῦμα
1219 2889 1258 2954 τό
1279 2888 1397 2974 ἅγιον·

348 3082 494 3132 2Hierem
513 3079 560 3142 23,
582 3079 611 3129 15
630 3075 801 3145 Ι6Ηίετοιο
824 3080 865 3139 12,
884 3081 900 3129 ’1
921 3077 926 3148 Ι
945 3080 960 3129 1
980 3080 1035 3146 Isaj
1054 3081 1083 3143 6,
1102 3079 1144 3144 6Ι
1172 3079 1201 3130 11
1221 3079 1279 3146 Iuaj
1301 3081 1330 3142 1,
1350 3079 1396 3146 81

352 3166 382 3216 14
400 3165 585 3232 apocryphum
609 3161 614 3230 Ι
644 3161 676 3212 16
693 3163 787 3215 ΡοκΙαι
804 3163 850 3228 68,
873 3163 962 3216 1617
992 3163 997 3231 Ι
1028 3165 1059 3216 10
1076 3166 1190 3216 Hieram
1210 3165 1253 3230 11,
1277 3165 1307 3215 12
1333 3165 1338 3219 Ι
1365 3165 1397 3215 20

347 3251 404 3314 Isaj
423 3252 448 3314 2,
470 3250 492 3302 1.
510 3253 526 3300 2
547 3252 550 3314 Ι
571 3249 605 3300 23
622 3248 711 3300 Matth
730 3249 771 3312 21,
791 3249 821 3298 51

285 3417 293 3468 Ι
315 3413 430 3485 έχοντιν
448 3435 463 3468 ι
479 3417 483 3483 Ι
498 3421 513 3468 2
532 3417 645 3470 νοσοῦσι
665 3433 688 3468 w
703 3419 708 3481 Ι
723 3417 739 3466 2
757 3410 813 3482 γὰρ
830 3417 863 3481 >
881 3434 914 3484 γε
930 3417 934 3484 Ι
954 3419 970 3469 2
989 3410 1114 3484 ἐξῆλθεν
1129 3435 1147 3468 x
1167 3417 1172 3485 Ι
1191 3418 1208 3470 3
1226 3417 1360 3486 ’ίηρεμίας
1377 3434 1392 3470 x

283 3501 287 3564 Ι
307 3502 324 3552 6
341 3494 427 3562 αότός
443 3502 477 3568 -Ι-
493 3517 527 3566 γτ
547 3499 552 3568 Ι
573 3501 590 3554 6
608 3493 822 3576 έγκαταλέλνπα
840 3517 863 3550 w
883 3502 887 3565 Ι
907 3501 924 3552 6
941 3499 992 3554 καλ
1007 3503 1041 3566 >
1058 3507 1105 3567 γει
1119 3500 1125 3567 Ι
1144 3501 1161 3552 6
1178 3495 1281 3570 α’φῆκα
1298 3503 1333 3571 -Ι-
1348 3511 1394 3569 γει

283 3585 287 3651 Ι
306 3587 322 3636 1
339 3586 453 3644 Ησαίας
469 3587 502 3649 -Ι-
520 3593 531 3636 t
546 3589 549 3648 Ι
565 3585 581 3636 3
599 3578 708 3652 minem}
727 3603 752 3651 x,
772 3577 842 3638 οὐδὲ
859 3578 898 3652 μὴ
915 3603 951 3651 γε
965 3586 970 3654 Ι
985 3586 1002 3638 9
1019 3575 1150 3647 ἅκοὶνθες
1168 3604 1191 3638 w
1207 3591 1211 3652 Ι
1228 3587 1261 3638 10
1279 3584 1392 3652 βρέξεκ

282 3669 286 3736 Ι
308 3670 340 3721 10
357 3665 399 3729 είς
416 3659 504 3722 αὐτὸν
522 3661 605 3722 όετόν
616 3678 663 3735 yzt
678 3673 682 3736 Ι
699 3671 731 3721 10
749 3664 929 3737 έγκαταλίκω
945 3689 978 3736 w,
998 3663 1211 3738 έγπσταλεικιόν
1228 3689 1255 3736 x,
1275 3665 1391 3738 έγιιατσ-

279 3753 384 3806 λειποῖν
403 3771 416 3804 τ
432 3751 437 3820 Ι
454 3754 482 3804 11
502 3769 558 3820 μον
574 3754 609 3822 -Ι-
626 3773 650 3806 w
670 3755 674 3819 Ι
699 3754 724 3805 ll
744 3747 984 3821 ιόποροφολοὶκιον
1001 3773 1032 3820 x,
1055 3748 1292 3822 όκοροφυλόπιον
1308 3774 1325 3822 y
1339 3759 1345 3820 Ι
1361 3757 1392 3806 12

279 3829 457 3904 σνκυηλοὶτωι
475 3855 508 3901 w,
526 3836 686 3905 σικνηρότιο
705 3856 728 3904 τ,
748 3832 896 3906 σνκηλότω
914 3847 926 3890 t
941 3839 944 3906 Ι
963 3841 992 3892 12
1010 3837 1060 3892 καλ
1076 3840 1111 3908 -Ι-
1128 3846 1139 3891 t
1154 3839 1158 3904 Ι
1176 3841 1207 3892 12
1224 3832 1279 3892 εἶπ’
1296 3838 1328 3905 -Ι-
1344 3847 1391 3904 522

282 3925 287 3992 Ι
308 3923 339 3974 13
356 3919 406 3974 καλ
419 3923 534 3974 alterum
545 3923 579 3986 >
590 3940 624 3988 γε
640 3923 644 3990 Ι
662 3924 691 3976 11
710 3917 872 3991 ἐπλήρωσεν
889 3942 905 3975 x
920 3923 925 3992 Ι
947 3925 978 3976 15
995 3914 1112 3990 ὕψωσεν
1129 3927 1219 3988 vm,
1238 3912 1332 3990 ἥψησε
1344 3925 1388 3986 W,

278 4000 468 4074 ὑπερύψωσεν
485 4013 515 4074 γε
535 4008 540 4070 Ι
563 4009 592 4058 11
610 3999 648 4067 τός
665 4007 699 4074 -Ι-
716 4025 733 4060 x
753 4012 758 4075 Ι
780 4010 810 4060 11
828 3999 895 4074 ὅρος
912 4009 946 4076 -Ι-
962 4025 996 4074 yz
1017 4007 1022 4077 Ι
1044 4009 1075 4062 10
1093 4007 1141 4061 καὶ
1205 4003 1286 4069 τέλος
1301 4009 1333 4072 >
1350 4009 1389 4058 Υε
1484 4023 1485 4030 ’

280 4095 283 4159 Ι
308 4093 337 4145 19
357 4093 473 4160 ’ίηρεμία
492 4110 509 4144 x
528 4097 533 4148 Ι
558 4091 590 4142 19
608 4085 716 4157 θρόνος
780 4091 814 4144 20
832 4089 904 4159 λέγει
923 4093 958 4157 >
975 4095 1012 4144 Υι
1033 4093 1037 4161 Ι
1061 4094 1091 4145 10
1113 4085 1266 4160 νρόμενος
1283 4111 1319 4158 w,
1342 4107 1390 4142 ae·

278 4175 1027 4246 οεοευεοτελγΙῖθτεόι-Ι-ινΙ2οκα1-Ι-1Ι21
1048 4169 1162 4246 ὅριςλΙ
1188 4179 1218 4230 21
1240 4169 1390 4242 ἆιρονγκ,
1483 4215 1484 4222 ,

278 4251 375 4327 ἄκρων
392 4269 403 4312 t
421 4262 426 4330 Ι
445 4265 478 4313 22
496 4255 629 4328 ὑπεράνω
645 4269 693 4326 yzt
712 4259 717 4328 Ι
736 4263 769 4314 23
788 4255 1023 4326 έγκαταλέλειπεν
1039 4280 1072 4326 x,
1091 4253 1272 4330 έγκατέλεικε
1288 4279 1320 4328 γε
1334 4263 1339 4326 Ι
1353 4260 1390 4312 23

278 4337 373 4412 α’φιΙκε
391 4349 425 4396 W
441 4346 445 4409 Ι
460 4349 492 4396 24
511 4347 562 4398 τοῦ
581 4345 653 4398 ναοῦ
669 4346 702 4413 -Ι-
719 4353 766 4412 γαί
