3128 4972
689 451 903 513 ..60-

195 637 422 702 ministrantes
453 659 587 702 coenam
618 659 762 714 sacram;
794 660 894 721 quam
922 637 1179 702 celebrationem
1208 636 1271 721 ipsi
1299 635 1400 718 πάσχα

195 757 422 822 nominabant.
459 757 514 820 Ad
533 756 773 821 defendendam
794 765 906 822 autem
924 759 1010 822 hanc
1027 755 1299 822 consuetudinem
1316 756 1399 821 vidi-

194 899 267 941 mus
292 899 347 941 eos
372 885 406 941 et
428 876 550 941 veteris
574 877 770 941 testamenti
796 878 907 962 legem
935 886 970 942 et
992 876 1126 940 Domini
1155 876 1261 940 nostri
1290 899 1400 941 exem·

195 998 285 1082 plum
314 995 504 1081 protulisse.
551 995 636 1059 Cum
664 1018 741 1061 vero
770 997 952 1080 quaeritur,
984 1021 1048 1082 qua
1076 997 1117 1061 de
1144 1017 1243 1061 causa
1272 1005 1306 1060 et
1335 1019 1400 1081 quo

196 1115 334 1181 consilio
357 1136 482 1180 morem
505 1115 600 1179 illum
625 1117 884 1196 observaverint,
909 1117 1019 1181 fontes
1044 1139 1109 1181 non
1129 1139 1203 1182 eam
1223 1139 1319 1201 quam
1343 1117 1400 1181 de·

196 1235 377 1301 sideramus
401 1236 510 1300 lucem
532 1236 628 1300 nobis
652 1237 825 1320 praebent.
871 1236 982 1302 Quare
1007 1239 1092 1302 hano
1119 1235 1263 1301 fontium
1289 1236 1400 1300 tenui·

195 1363 301 1420 tatem
317 1355 425 1420 facere
441 1377 506 1420 non
522 1377 697 1440 possumus
714 1356 792 1440 quin
810 1357 1014 1441 conjiciendo
1032 1357 1255 1441 suppleamus.
1286 1361 1399 1440 Atque

197 1497 272 1540 cum
295 1483 423 1540 certum
452 1475 514 1555 sit,
542 1475 685 1540 Asianos
714 1476 799 1540 diem
830 1485 982 1560 quartum
1012 1475 1176 1541 decimum
1206 1477 1399 1541 observasse

195 1617 301 1679 neque
324 1595 486 1679 quiahoc
512 1595 564 1660 die
588 1595 750 1660 Dominus
777 1603 928 1660 mortuus
956 1597 1000 1660 sit
1027 1636 1069 1645 —
1097 1598 1181 1661 hanc
1210 1597 1298 1660 enim
1325 1619 1399 1660 sen·

195 1715 336 1780 tentiam
358 1715 518 1779 refellunt
540 1717 650 1780 fontes
669 1754 722 1795 -,
744 1738 850 1800 neque
872 1717 1031 1800 quiahoc
1052 1715 1104 1780 die
1124 1715 1339 1781 resurrexerit
1358 1754 1399 1763 —

195 1838 260 1900 hoc
283 1835 371 1900 enim
394 1835 594 1900 contendere
618 1837 750 1899 omnino
774 1837 916 1900 amentis
939 1844 1029 1902 esset
1052 1875 1104 1916 —-,
1127 1845 1162 1901 et
1185 1858 1260 1900 cum
1284 1857 1400 1921 parum

196 1955 241 2018 sit
263 1953 452 2033 verisimile,
477 1976 534 2019 eos
558 1957 646 2018 hunc
668 1955 757 2018 diem
779 1957 976 2036 celebrasse,
999 1964 1037 2020 ut
1057 1979 1120 2041 quo
1137 1955 1300 2020 Dominus
1319 1956 1398 2020 ulti·

196 2095 283 2138 mam
313 2095 446 2138 coenam
476 2095 570 2137 suam
599 2075 752 2138 habuerit
779 2115 821 2124 -—
851 2076 1015 2161 quomodo
1045 2075 1130 2140 enim
1165 2076 1196 2140 in
1227 2077 1324 2161 hujus
1351 2077 1400 2142 rei

196 2194 298 2257 solius
337 2194 527 2258 memoriam
566 2193 824 2259 celebrationem
862 2195 1037 2260 instituere
1075 2203 1231 2280 poterant
1268 2195 1399 2262 omissis

195 2314 278 2393 illis,
316 2335 398 2396 equae
428 2313 534 2377 multo
563 2314 696 2398 majoris
725 2323 818 2379 erant
845 2317 1026 2380 momenti?
1054 2353 1110 2396 ·-,
1144 2323 1295 2400 apertum
1327 2337 1400 2382 esse

164 2508 166 2537 Ι
195 2440 288 2518 puto,
314 2455 369 2497 eos
393 2435 481 2498 huno
502 2434 589 2498 diem
609 2433 740 2498 omnino
757 2457 823 2500 non
840 2437 1025 2500 celebrasse
1041 2436 1075 2500 in
1090 2437 1281 2501 memoriam
1297 2437 1399 2500 ullius

164 2542 170 2668 l
195 2553 277 2618 facti
299 2554 333 2617 iu
356 2553 537 2637 evangeliis
561 2554 657 2618 nobis
679 2542 777 2619 relati
786 2580 795 2631 ς
825 2557 1010 2620 celebrasse
1037 2557 1164 2641 potius,
1195 2557 1271 2640 quia
1298 2558 1398 2642 hujus

164 2674 167 2688 '
195 2673 261 2737 diei
281 2673 468 2738 observatio
490 2675 693 2758 praescripta
709 2683 781 2739 erat
795 2675 917 2740 veteris
933 2675 1128 2740 testamenti
1144 2677 1236 2760 lege;
1259 2676 1293 2741 id
1310 2675 1398 2762 quod

195 2792 355 2878 imprimis
382 2794 698 2878 Pseudo-origenis
730 2809 765 2859 et
793 2796 990 2881 Epiphanii¹
1025 2797 1134 2861 verbis
1172 2797 1396 2862 confirmatur.

195 2914 313 2997 Neque
336 2921 449 2978 tamen
473 2915 715 2994 contenderim,
741 2915 793 2978 die
817 2925 956 3000 excepto
980 2937 1037 2980 eos
1062 2916 1129 2980 ullo
1153 2917 1251 2981 modo
1275 2917 1396 2981 adhae-

196 3034 277 3098 sisse
307 3033 453 3098 moribus
481 3034 638 3099 Judaicis.
685 3035 758 3098 Hoc
786 3034 873 3098 enim
902 3035 929 3099 si
959 3035 1132 3116 fecissent,
1163 3043 1251 3101 certe
1279 3035 1399 3101 Victor

195 3154 366 3239 Polycrati
389 3155 533 3239 objicere
556 3177 623 3220 non
646 3154 823 3219 omisisset.
863 3154 969 3240 Atqui
988 3177 1094 3241 neque
1110 3156 1273 3220 Eusebius
1289 3176 1399 3238 neque

196 3273 389 3358 Polycrates
424 3275 458 3340 in
496 3276 638 3360 epistola
675 3299 734 3340 sua
771 3275 839 3340 talc
877 3285 1135 3342 commemorant
1173 3275 1397 3361 opprobrium.

102 3409 110 3424 ·
197 3391 307 3456 Quare
331 3394 447 3458 Asiani
470 3397 593 3478 pascha
617 3395 802 3460 celebrasse
825 3395 906 3459 mihi
929 3395 1084 3461 videntur
1103 3396 1242 3461 ludaico
1266 3396 1398 3481 quidem

197 3511 261 3590 die,
286 3512 344 3576 sed
367 3534 457 3578 more
481 3513 673 3577 christiane.
706 3514 933 3579 Christianum
957 3524 1066 3581 autem
1091 3518 1214 3602 pascha
1237 3525 1289 3582 est
1305 3515 1399 3580 Chri·

197 3639 270 3695 stus
292 3631 374 3716 ipse,
401 3631 457 3716 qui
479 3653 537 3716 pro
561 3634 666 3697 totius
690 3635 803 3698 mundi
826 3636 972 3718 peccatis
996 3635 1187 3701 immolatus
1214 3644 1265 3701 est
1290 3639 1399 3720 eujus·

164 3730 167 3801 ἶ
198 3773 261 3835 que
285 3773 402 3836 corpus
426 3759 462 3816 et
484 3752 619 3836 sanguis
642 3752 676 3817 in
700 3773 802 3816 coena
826 3754 991 3818 dominica
1018 3755 1172 3819 fidelibus
1201 3759 1401 3841 praebentur

198 3871 335 3936 edenda.
391 3872 510 3956 Itaque
546 3871 660 3936 Asiani
697 3873 820 3956 pascha
857 3894 895 3936 ea
930 3873 1057 3937 ratione
1094 3875 1328 3954 celebrabant,
1362 3885 1401 3940 ut

198 3991 250 4056 die
289 4003 406 4076 quarto
439 3991 567 4056 decimo
604 3990 841 4076 redemptionis
877 4012 935 4075 per
967 3992 1137 4056 Christum
1176 3995 1271 4057 nobis
1307 4017 1400 4078 para·

197 4119 252 4176 tae
275 4110 439 4176 recordati
463 4133 589 4176 sacram
613 4111 690 4175 novi
713 4107 855 4174 foederis
879 4131 1014 4174 coenam
1042 4111 1231 4198 paschalem
1260 4112 1399 4178 admini-

286 4337 295 4369 ¹
312 4341 373 4400 vid.
390 4363 419 4420 p.
437 4342 477 4402 27
494 4363 537 4420 sq.
555 4347 631 4420 etp.
648 4342 698 4400 32.
