3128 4972
712 431 927 492 ,48-

212 597 460 662 resurrectioni·
493 597 683 662 memoriam
715 597 768 663 die
801 606 917 681 quarto
949 599 1077 664 decimo
1107 599 1273 663 celebrare
1303 598 1420 663 Asiani

213 741 279 782 non
307 717 492 802 potuerint,
526 718 724 801 sequi,·eos
753 721 817 783 hoo
845 719 897 783 die
928 719 1119 784 memoriam
1147 718 1263 782 mortis
1293 719 1419 784 Christi

214 838 322 922 egisse
351 845 538 902 statuentes
561 839 740 902 Dominum
768 841 832 904 hcc
861 839 913 904 die
938 839 1027 905 cruci
1056 861 1128 904 esse
1157 838 1305 903 affixum.
1353 839 1420 904 Sed

213 966 251 1020 ut
275 957 438 1036 omittam,
463 957 496 1021 in
520 957 629 1022 verbis
653 958 789 1022 Eusebii
811 951 874 1031 „ini
892 959 941 1038 τῆς
956 960 1007 1020 τοῦ
1025 957 1125 1039 πάσχα
1143 956 1285 1038 σωτηρίου
1301 956 1419 1038 ἑορτῆς“

215 1078 414 1141 vocabulum
430 1075 604 1155 ,,σωτηρίου“
629 1101 692 1142 non
716 1079 758 1142 ad
782 1076 918 1158 ,,πάσχα“
935 1079 993 1142 sed
1010 1080 1052 1144 ad
1071 1077 1204 1157 ..totvm
1221 1078 1386 1163 pertinere
1395 1080 1418 1157 ¹,

214 1199 296 1261 haee
318 1196 487 1260 Weitzelii
511 1198 754 1281 argumentatio
779 1197 912 1262 minime
936 1207 988 1264 est
1010 1199 1139 1277 idonea,
1165 1220 1248 1282 quae
1271 1205 1421 1262 nostram

214 1317 348 1381 refellat
370 1317 581 1381 sententiam.
616 1318 749 1382 Etenim
772 1321 894 1402 pascha
915 1317 1130 1383 christianum
1154 1320 1235 1382 haec
1259 1319 1323 1382 duo
1346 1326 1420 1382 tan·

215 1447 287 1500 tum
311 1437 495 1516 continere,
526 1445 667 1502 mortem
691 1446 725 1502 et
748 1438 1038 1518 resurrectionem,
1067 1438 1224 1502 Wurrzen
1248 1437 1422 1502 contendit

216 1556 363 1641 quidem,
394 1559 452 1622 sed
482 1581 548 1622 non
574 1559 740 1643 probavit.
788 1558 913 1624 Contra
941 1581 1001 1624 nos
1031 1559 1188 1638 vidimus,
1222 1559 1420 1624 vocabulum

215 1675 315 1757 πάσχα
340 1677 519 1743 christiano
539 1701 637 1744 sensu
661 1679 761 1742 etiam
784 1678 825 1743 de
850 1701 952 1744 coena
967 1678 1102 1744 Domini
1124 1679 1310 1743 adhibitum
1335 1699 1419 1756 esse,

215 1797 263 1861 ita
285 1806 323 1861 ut
339 1798 499 1862 sollemne
520 1798 788 1877 anniversarium,
812 1821 876 1882 quo
893 1800 975 1863 haee
991 1798 1200 1882 potissimum
1217 1819 1319 1862 coena
1335 1797 1421 1861 eele-

215 1918 384 1996 brabatur,
404 1926 492 1981 certe
511 1914 611 1997 πάσχα
630 1915 766 1996 σωτήριον
789 1918 842 1981 vel
865 1913 947 1995 ἑορτὴ
965 1915 1103 1994 σωτήριος
1117 1925 1231 1999 posset
1246 1915 1419 1980 nominari.

216 2037 302 2100 Nam
320 2036 474 2100 salutaris
491 2045 561 2100 erat
578 2058 680 2100 coena
695 2057 732 2100 ac
750 2035 934 2100 Servatoris
950 2035 1108 2099 memoria
1129 2035 1163 2098 in
1185 2057 1223 2099 ea
1245 2035 1419 2119 agebatur.

303 2161 333 2220 2.
368 2157 485 2238 Neque
513 2156 588 2239 plus
613 2157 720 2233 valet,
749 2156 837 2240 quod
860 2155 1037 2218 Wurrzm’
1067 2163 1101 2219 et
1129 2155 1185 2238 qui
1211 2177 1287 2220 eum
1314 2153 1422 2218 secuti

187 2331 188 2334 ,
216 2285 295 2340 sunt
318 2277 474 2354 Mirum,
505 2277 680 2340 Souonrur
691 2278 714 2355 ⁴,
739 2273 920 2352 ntvrmm,
946 2276 1051 2354 Anr⁶,
1076 2275 1217 2340 Moram
1242 2274 1421 2339 contende-

216 2403 305 2473 runt,
332 2396 432 2460 verba
454 2395 641 2480 Polycratis
665 2395 816 2474 dicentis,
846 2417 881 2458 se
905 2417 1046 2478 suosque
1070 2396 1244 2460 observare
1268 2401 1422 2479 quartum

217 2515 381 2580 decimum
405 2515 492 2580 diem
514 2511 607 2576 κατὰ
624 2511 663 2577 τὸ
681 2511 918 2594 εὐαγγέλιον,
949 2514 1111 2599 respicere
1143 2516 1186 2579 ad
1213 2513 1421 2599 evangelium

216 2635 368 2714 Joannis,
405 2636 492 2719 quod
520 2634 699 2700 Dominum
733 2644 849 2719 quarto
884 2635 1011 2700 decimo
1044 2634 1095 2698 die
1130 2633 1320 2699 crucifixum
1349 2655 1421 2698 esse

160 2793 175 2804 ι
215 2755 353 2830 reserat;
394 2757 479 2820 unde
512 2755 654 2820 Asianos
692 2777 847 2841 apparere
886 2757 948 2820 hoc
986 2754 1038 2819 die
1076 2755 1268 2818 memoriam
1305 2753 1420 2818 mortis

216 2875 341 2940 Christi
370 2875 490 2960 egisse.
537 2876 627 2940 Haec
652 2875 737 2940 enim
760 2878 860 2940 verba
884 2875 1047 2958 quomodo
1072 2874 1139 2939 sint
1162 2874 1419 2958 interpretanda,

216 3019 314 3081 supra
332 2996 403 3080 jam
427 2997 689 3062 demonstratum
712 3005 781 3074 cet;
808 3017 868 3059 nec
885 2996 956 3079 jam
981 3004 1043 3074 est,
1069 3017 1127 3060 cur
1150 2994 1290 3078 amplius
1314 2993 1354 3058 de
1377 2992 1418 3056 iis

215 3116 435 3202 disputemus.

301 3241 332 3301 3.
366 3239 531 3303 Rrrscuo⁹
561 3247 595 3302 et
624 3238 774 3302 Srnrrz¹⁰
805 3243 1004 3301 censuerunt
1010 3283 1021 3316 ,
1052 3257 1126 3298 cum
1155 3233 1271 3299 Asiani
1299 3242 1417 3317 quarto

302 3460 311 3492 ¹
336 3485 404 3524 nam
429 3462 486 3535 ..τὸ
510 3463 609 3528 πάσα
633 3463 790 3546 σωτήριον*
815 3466 913 3524 dicere
937 3466 1134 3544 grammatica
1160 3485 1215 3523 nos
1243 3467 1345 3532 vetat3
1376 3461 1414 3520 cf.

214 3552 312 3662 etiam²
323 3551 552 3693 igpeatrprnlpn,
599 3547 791 3624 aaebastmit,
809 3574 837 3631 p.
856 3555 917 3610 293
934 3557 998 3610 not.
1018 3555 1046 3609 2.

299 3717 310 3749 ³
333 3631 617 3780 criticiuiiiiai'.
632 3640 920 3800 inliticsiriiop.
937 3725 1008 3782 aee.

299 3804 311 3836 ⁴
340 3803 466 3884 Godpel.
484 3801 589 3888 hijdr„
607 3811 700 3880 1856,
717 3828 746 3886 p.
764 3809 835 3866 115.

299 3889 310 3921 ⁶
335 3887 441 3951 Reum
457 3889 493 3951 de
509 3884 600 3951 theol.
617 3895 677 3952 vol.
694 3893 783 3964 XIII,
800 3915 828 3972 p.
846 3895 896 3952 20.

300 3976 311 4008 ⁶
335 3973 384 4036 La
402 3980 589 4037 controversa
599 3995 687 4056 praee.
705 3999 734 4057 p.
752 3981 802 4038 28.
820 3981 869 4038 58.

301 4061 310 4093 ²
335 4059 392 4122 Eo.
409 4060 479 4122 Jot.
499 4064 545 4124 ed.
563 4069 592 4124 5.
609 4085 638 4144 p.
657 4067 697 4123 22
713 4085 757 4142 sq.

299 4147 311 4180 ⁸
334 4152 445 4210 nureo.
463 4152 504 4210 Η.
521 4153 558 4209 u.
575 4152 611 4223 v,
628 4153 679 4222 24,
696 4153 725 4209 e.

299 4233 311 4266 ⁹
334 4233 525 4312 Entateltaap
541 4232 572 4294 d.
590 4231 722 4293 altkact.
742 4228 867 4301 Kirclte,
887 4233 935 4292 ed.
954 4235 994 4306 2.,
1008 4254 1038 4311 p.
1057 4234 1128 4291 269.

287 4319 311 4351 ¹⁰
336 4317 425 4380 Stud.
443 4342 474 4380 u.
493 4317 577 4380 Krit.
598 4325 690 4394 1856,
707 4343 736 4400 p.
754 4320 825 4381 773.
847 4353 879 4362 —
900 4321 1048 4394 Heaaoc,
1065 4311 1132 4376 RE.
1149 4318 1204 4388 XI,
1222 4319 1293 4376 156.
