3160 4976
136 349 186 418 48

77 522 116 605 λβ
135 525 278 593 Λευκῖνος
306 526 367 584 άπό
392 524 563 593 Θηουίστου
585 522 676 586 εἶπεν·
701 525 781 595 Τοῦς
803 526 970 608 αίρετικοῦς
993 527 1037 598 ὡς
1054 523 1261 613 βλασφήμους
1276 531 1328 589 καί

134 631 277 701 ἀνοσίους
298 630 425 701 πλάνοις
447 629 550 714 λόγοις
572 636 632 701 τάς
652 631 748 702 θείας
763 637 892 717 γραφάς
908 639 1223 718 παραχαράσσοντας
1244 639 1326 697 ἀνα-

132 737 313 820 θεματίζειν
330 735 411 800 δεῖ’.
429 743 479 800 καί
496 735 547 799 διά
563 748 652 800 τοῦτο
668 733 826 823 ἐξορκίζειν
842 746 891 801 καί
908 738 1067 822 βαπτίζειν
1084 748 1156 813 τοὺς
1171 748 1328 814 τοιούτους

135 845 303 932 ὀφείλομεν.

78 953 116 1034 λγ
132 955 276 1036 Εόγένιος
297 950 504 1036 Ἀμμεδάρων
526 951 615 1014 είπεν·
641 953 740 1035 Κάγὼ
757 961 846 1016 τοῦτο
868 959 969 1038 κρίνω,
995 952 1054 1014 δεῖν
1070 961 1143 1028 τοῦς
1159 959 1327 1040 αίρετικοῦς
1360 977 1376 1016 ο

133 1059 360 1144 βαπτίζεσθαι.

75 1161 115 1226 λδ
131 1166 244 1239 Ἀλλος
266 1161 356 1239 Φίλιξ
376 1169 436 1230 άπδ
453 1167 595 1251 Μεκόρας
610 1165 699 1230 εἶπεν·
724 1168 785 1228 Καί
809 1168 904 1238 αὐτός
926 1170 1078 1250 ἑπόμενος
1087 1176 1131 1248 τῷ
1148 1175 1248 1232 κανόνι
1265 1180 1326 1232 τῶν

131 1276 227 1338 θείων
244 1284 376 1362 γραφῶν
393 1277 464 1346 τοὺς
480 1276 649 1358 αίρετικοῦς
664 1279 714 1334 καί
725 1280 945 1356 σχισματικοῦς
961 1272 1174 1358 βαπτίζεσθαι
1188 1281 1325 1363 ἀποφαί-

132 1404 236 1466 νομαι.
254 1386 281 1446 εί
291 1387 355 1466 γάρ
371 1386 452 1443 κατὰ
469 1387 523 1451 τὴν
537 1386 660 1466 γραφὴν
674 1382 827 1464 όχριστός
843 1380 905 1442 ίδία
922 1386 1010 1463 ἡμῶν
1027 1391 1110 1463 πηγὴ
1127 1385 1218 1463 ἐστιν,
1235 1405 1329 1465 γινω-

131 1495 286 1553 οκίτωσαν
303 1493 332 1551 οί
346 1489 458 1573 ἐχθροί
476 1500 532 1560 τῆς
548 1487 721 1566 ἀληθείας,
739 1486 853 1570 μᾶλλον
870 1485 904 1548 δέ
920 1499 975 1558 τῆς
992 1488 1167 1567 ἐκκλησίας,
1190 1492 1234 1550 ότι
1251 1489 1325 1552 ἄλλο
1346 1513 1374 1551 ιο

131 1601 165 1661 οῦ
183 1597 310 1660 δύναται
328 1595 398 1658 οῦδέ
415 1593 482 1657 δυσί
497 1595 585 1666 λαοῖς
600 1595 767 1668 ζωοποιοῦν
799 1591 883 1679 ὕδωρ
912 1607 1057 1678 χορηγεῖν
1086 1599 1101 1658 ό
1117 1605 1194 1678 μιᾶς
1210 1596 1326 1679 ἀγέλης

131 1711 253 1787 ποιμὴν.
278 1707 329 1766 καὶ
353 1702 405 1765 διά
428 1713 515 1765 τοῦτο
538 1702 689 1786 πρόδηλόν
711 1705 774 1763 ἐστι
789 1707 866 1783 μὴτε
883 1705 1050 1786 αίρετικοῦς
1066 1710 1143 1783 μὴτε
1159 1723 1327 1787 σχιομοιτι-

130 1819 201 1884 κοδς
226 1810 385 1874 δύνασθαί
406 1832 433 1872 τι
458 1805 492 1883 ἐξ
514 1813 645 1894 ου’ρανοῦ
668 1808 774 1892 λαβεῖν
795 1815 868 1880 τοῦς
883 1815 970 1893 παρά
988 1812 1182 1894 ἁμαρτωλῶν
1200 1816 1249 1871 καί
1266 1805 1325 1883 ἐξω

130 1931 186 1992 τῆς
208 1917 367 1988 ἐκκλησίας
391 1919 485 1979 όντων
510 1923 606 1999 μόνην
631 1923 684 1987 τὴν
701 1918 816 1988 πλάνην
832 1913 1072 1999 λαμβάνοντας.
1098 1919 1173 1979 όπου
1190 1923 1252 2000 γάρ
1269 1919 1323 1979 οὐκ

130 2030 192 2090 ἔστι
209 2029 302 2096 τόπος
317 2032 361 2103 τῷ
378 2022 500 2101 διδόντι,
520 2023 588 2086 οῦδέ
605 2033 648 2102 τῷ
665 2023 867 2106 λαμβάνοντι.
1346 2049 1374 2088 ιο

75 2131 113 2194 λε
133 2135 326 2215 Ἰανουάριος
343 2134 404 2192 άπό
420 2131 600 2204 Μουζουκης
616 2131 705 2192 είπεν·
721 2131 884 2213 Θαυμάζω
897 2133 941 2201 ὡς
952 2135 1076 2193 πάντων
1094 2130 1323 2214 ὁμολογούντων

130 2242 160 2301 ἐν
174 2238 249 2300 εἶναι
262 2236 427 2322 βάπτισμα
439 2239 473 2299 ού
486 2241 600 2310 πάντες
613 2237 793 2319 ὁμολογοῦσι
810 2244 862 2326 τὴν
879 2248 931 2300 τοῦ
949 2237 1167 2321 βαπτίσματος
1180 2242 1322 2308 ἑνότητα·

129 2345 270 2416 ἐκκλησία
285 2349 347 2429 γάρ
360 2351 410 2406 καί
423 2348 538 2428 αἵρεσις
550 2343 603 2407 δῦο
617 2344 758 2431 διάφοροί
769 2348 852 2407 εἰσιν.
876 2348 902 2406 εί
924 2349 1063 2429 αἱρετικοί
1085 2349 1191 2431 ἐχουσι
1209 2344 1324 2429 βάπτι-

130 2475 204 2537 σμα,
221 2458 310 2534 ἡμεῖς
323 2455 375 2514 οῦκ
387 2455 509 2534 ἔχομεν·
527 2453 553 2512 εἰ
565 2450 598 2513 δέ
610 2457 698 2534 ἡμεῖς
714 2455 836 2536 ίχομεν,
855 2455 995 2535 αίρετικοί
1013 2457 1094 2537 ἐχειν
1111 2456 1145 2515 οῦ
1164 2451 1321 2516 δύνανται.

130 2557 400 2646 ἀμφισβητήσιμον
418 2557 451 2621 δέ
468 2561 519 2620 οῦκ
535 2561 596 2620 ἐστι
613 2565 667 2628 τὴν
684 2558 841 2628 ἐκκλησίαν
858 2565 912 2629 τὴν
928 2559 1095 2631 καθολικὴν
1117 2569 1171 2622 τοῦ
1194 2569 1323 2646 χριστοῦ
1342 2583 1370 2620 κο

130 2666 295 2750 βάπτισμα
316 2667 501 2744 κεκτῆσθαι,
529 2675 583 2735 τὴν
611 2671 705 2749 μόνην
728 2672 907 2748 κεκτημένην
933 2671 1026 2752 χάριν
1048 2676 1099 2730 καί
1123 2672 1249 2751 ἀγάπην
1273 2673 1325 2729 καί

131 2775 285 2846 άλὴθειαν
301 2784 354 2836 τοῦ
369 2783 506 2858 χριστοῦ.

73 2882 114 2954 λς
133 2880 296 2968 Ἀδελφιδς
318 2883 378 2942 άπό
396 2877 591 2963 θασβεσθὴς
613 2881 710 2944 εἶπεν·
736 2881 846 2951 Μάτην
864 2887 942 2954 τινές
964 2882 1072 2964 ψευδεῖ
1090 2889 1140 2945 καί
1161 2882 1322 2968 ἐπιφθόνῳ

130 2992 244 3076 ρὴμοιτι
261 3000 297 3069 τῇ
323 2987 460 3068 ἀληθείᾳ
476 2987 653 3070 πολεμοῦσι,
676 2989 816 3071 λίγοντες
831 2994 916 3070 ἡμᾶς
933 2988 1173 3073 άναβαπτίζειν,
1197 2991 1286 3052 όπότε
1304 2992 1323 3059 ἡ

129 3096 270 3165 ἐκκλησία
285 3101 358 3167 τοὺς
374 3099 542 3180 αίρετικοὺς
558 3098 609 3158 οὐκ
626 3095 845 3179 άναβαπτίζει,
863 3096 944 3160 ἀλλὰ
960 3095 1115 3179 βαπτίζει.
1342 3115 1370 3154 οο

72 3203 113 3276 λζ
130 3205 304 3288 Δημήτριος
320 3206 380 3264 ἀπό
397 3201 579 3284 Πτολεμίνου
596 3202 686 3264 εἶπεν·
710 3203 767 3265 Ἓν
790 3202 955 3285 βάπτισμα
976 3208 1064 3287 ἡμεῖς
1084 3203 1279 3290 φυλάσσομεν
1296 3205 1326 3264 οί

129 3321 166 3390 τῇ
183 3308 323 3388 ἐκκλησίᾳ
339 3313 415 3392 μόνῃ
433 3313 465 3370 τό
483 3308 555 3372 ἴδιον
573 3312 786 3390 ἀπονέμοντες.
813 3313 841 3375 οί
860 3309 893 3372 δὲ
915 3310 1054 3394 λίγοντες
1077 3315 1120 3372 ότι
1138 3315 1167 3373 οἱ
1181 3315 1323 3394 αίρετικοί

130 3417 263 3486 άληθῶς
283 3422 334 3477 καί
355 3422 492 3498 νομίμως
508 3395 727 3498 βαπτίζουσιν,
752 3417 834 3479 οὗτοί
855 3421 928 3480 τίσιν
945 3421 974 3480 οί
988 3421 1022 3480 οιλ
1038 3421 1129 3501 μόνον
1148 3416 1219 3495 δόο,
1244 3417 1323 3479 ἀλλὰ

130 3523 226 3586 πολλὰ
253 3521 518 3608 προβαπτίσματα
550 3527 735 3607 εἰσάγοντες.
765 3528 854 3587 όπότε
881 3531 945 3611 γὰρ
972 3523 1114 3612 διάφοροι
1141 3531 1191 3588 καί
1218 3523 1326 3588 πολλαί

131 3635 262 3716 αίρέσεις
288 3634 355 3708 εἰσί,
383 3635 464 3693 κατὰ
489 3635 538 3693 τόν
563 3633 700 3717 ἀριθμόν
726 3635 827 3695 αὐτῶν
855 3639 906 3695 καί
931 3637 971 3696 τά
996 3629 1201 3716 βαπτίσματα
1226 3652 1323 3694 σννα-
1343 3652 1370 3690 οο

130 3739 302 3823 ριθμείται.

197 3884 208 3920 1
223 3876 374 3923 Λευιοντίπεν
387 3893 413 3922 ιν
427 3882 453 3921 Ρ.
472 3882 577 3922 rubrius
597 3881 688 3922 σεποοίε
703 3879 731 3932 λβ
744 3882 906 3922 mulbaum
927 3882 1024 3932 spanum
1043 3882 1068 3921 ίιι
1087 3881 1185 3922 editione
1204 3879 1326 3931 μιτίοίειιεί

129 3963 224 3994 vanum
241 3955 356 4004 εείίνίιιιιη
381 3955 446 4003 3=11
470 3954 514 3994 οίεί
537 3953 597 4003 quod
616 3950 731 3994 θιουίστου
750 3953 853 4002 exhibet,
876 3951 998 4006 Θηουίττης
1016 3955 1142 3994 votionum.
1163 3971 1191 3982 -
1209 3947 1264 3996 Τοῦτ
1282 3949 1324 4007 γὰρ

128 4021 197 4078 οίριτ.
213 4025 238 4064 Ρ.
255 4044 282 4056 -
300 4025 333 4065 ό*
349 4026 384 4066 ἐιί
398 4027 428 4066 Μ.
444 4045 471 4056 ·-
485 4022 536 4070 τοῦς
550 4021 663 4068 τοιούτους
677 4027 729 4066 κοτε
744 4021 860 4078 ἐξορκίζειν
874 4025 901 4064 P.
917 4045 944 4054 -
958 4027 972 4065 ό
986 4023 1034 4066 τίει
1048 4026 1074 4065 Ρ.
1089 4045 1118 4055 -
1132 4021 1173 4065 kat
1189 4021 1244 4076 μετὰ
1258 4021 1325 4064 τοῦτο

127 4092 191 4151 κάτώ
205 4105 228 4146 3.
247 4115 274 4128 -·
289 4097 300 4135 ’ί
315 4092 385 4148 θίληξ
399 4098 425 4136 Ρ.
435 4117 459 4127 -
478 4093 589 4150 ίείεκιόριις
603 4097 628 4134 Ρ.
644 4115 671 4128 -
691 4093 738 4136 είπε
753 4097 778 4136 Ρ.
793 4117 820 4126 -
834 4098 847 4136 ῦ
862 4097 930 4136 Ρτοτ.
946 4107 961 4135 τ
976 4097 1009 4137 ¹8.
1025 4117 1052 4128 -
1065 4097 1128 4138 θεοῖό
1144 4093 1163 4136 τί
1176 4091 1325 4152 γάρολιμβέ-

128 4177 187 4208 νυκτί
200 4178 227 4208 Ν
240 4167 266 4206 P.
281 4187 308 4198 -
330 4169 363 4208 10.
379 4171 404 4207 11
419 4170 483 4210 ίοεπο
497 4173 623 4218 συντομίαν,
639 4179 661 4207 τ.
676 4168 745 4208 ium.
760 4187 788 4198 -
808 4169 832 4207 11
848 4169 961 4224 χωρηγεῖν
976 4169 1007 4208 Μ.
1021 4189 1048 4198 -
1069 4169 1094 4208 16
1115 4165 1241 4220 λίουκοόζης
1256 4168 1282 4207 Ρ.
1298 4185 1326 4198 -

130 4239 204 4280 ml!
222 4234 374 4291 Μινυκίου
388 4239 413 4280 P.
435 4259 462 4269 --
482 4241 507 4280 18
529 4235 556 4280 m
575 4237 597 4278 ολ
618 4237 724 4293 οίρετικσί
744 4239 782 4287 hg.
804 4259 831 4270 -
856 4242 880 4281 19
900 4237 923 4279 όί
938 4251 964 4281 ιν
977 4241 1003 4280 Ρ.
1019 4259 1046 4270 -
1066 4241 1093 4280 Ρῦ
1112 4249 1133 4279 κ.
1149 4237 1183 4293 τῷ
1197 4237 1236 4279 τοῦ
1255 4239 1283 4278 Ρ.
1298 4259 1327 4269 -

128 4311 153 4349 ῦῖ
165 4307 296 4362 βαπτίσματι
309 4307 432 4364 κεχρῆσθαι
445 4312 471 4351 Ρ.
487 4307 610 4365 κεχρῆσθαι
623 4315 646 4350 εί
659 4321 672 4350 ι
687 4311 775 4360 quidem
790 4313 863 4352 ιοτίυε
878 4313 953 4352 εδδίίο
968 4313 1035 4354 otim
1044 4313 1076 4352 Μ.
1086 4331 1113 4342 ·-
1127 4313 1154 4352 κδ
1169 4307 1289 4363 Αδέλφιόος
1298 4311 1324 4360 Ρ,

129 4377 236 4434 Ammo<
250 4382 288 4430 hg.
298 4401 327 4412 ·-·
335 4377 448 4434 Θτυβίδης
462 4382 500 4431 hg,
515 4377 643 4434 Θοσβίλδης
657 4383 683 4421 Ρ.
693 4401 721 4412 -
732 4379 780 4422 είκε
794 4385 820 4422 Ρ.
831 4399 858 4414 ..
868 4381 939 4436 ψευδῆ
951 4381 977 4424 Μ.
988 4405 1016 4414 -
1024 4380 1163 4438 ψευδο-ρἡ.
1178 4393 1214 4422 νε.
1225 4384 1253 4423 14
1261 4393 1288 4422 ιν
1296 4382 1323 4421 Ρ.

128 4472 156 4481 -
169 4453 197 4492 2⁴
210 4451 225 4504 ἡ
239 4451 280 4505 γάρ
294 4463 336 4503 pro
351 4451 415 4492 όπίοτι
430 4451 445 4505 ἡ
460 4453 486 4491 Ρ.
503 4471 530 4482 -
548 4454 575 4492 28
590 4448 719 4507 [λολεγιάνου
733 4455 758 4494 Ρ.
769 4475 796 4484 -
809 4450 960 4508 Ἓνιιιάκσνίμ.
976 4467 1011 4495 τε.
1026 4457 1052 4495 Ρί
1067 4465 1093 4496 ιν
1103 4456 1128 4494 P.
1139 4475 1166 4484 -
1188 4455 1213 4494 21
1229 4451 1253 4493 δέ
1262 4465 1289 4494 ιν
1299 4455 1325 4494 Ρ.

129 4543 154 4552 -
169 4523 195 4560 ΡΘ
211 4521 264 4561 εἰσιν
279 4521 300 4563 οί
309 4535 335 4563 ιν
345 4525 370 4562 P.
381 4543 408 4554 ·-
422 4526 449 4564 19
462 4523 499 4562 καί
513 4521 583 4562 πολλὰ
597 4521 734 4575 βαπτίσματι
749 4523 871 4579 ιίσόγουσιν
886 4527 912 4566 Ρ.
923 4547 950 4556 -
966 4528 992 4567 80
1007 4523 1133 4580 ἀριθμεῖται
1147 4527 1173 4566 Ρ.
