2998 4972
280 411 343 474 214
1266 403 1401 466 233-31

281 568 326 648 νὸς
341 569 420 648 τούς
434 567 575 658 ἀστέρας
588 573 650 636 τοῦ
671 567 823 654 ούρανοῦ
841 567 897 634 καλ
912 563 957 645 ύς
970 565 1033 653 τνΙν
1051 565 1163 651 ἅμμον
1177 567 1239 652 τεΙν
1253 568 1348 653 παρὰ
1365 569 1404 636 τὸ

281 677 390 758 χεῑλος
404 671 461 757 τῆς
475 673 660 757 θαλάσσης.
698 667 785 736 άλλά
800 668 868 755 μνΙν
883 669 940 735 καλ
955 667 1015 736 τὸν
1027 662 1137 736 Ἰσαάκ
1154 667 1245 757 αὐτῷ
1260 671 1403 756 χαρισά-

281 797 382 859 μενος
396 772 453 839 καλ
474 772 591 858 ὅμοιον
613 771 718 838 αὐτὸν
740 769 836 848 είδοὸς
856 770 990 838 ἐκείνου
1008 775 1055 859 τῷ
1070 771 1194 860 τρόπῳ,
1218 772 1275 838 καλ
1297 771 1406 840 αύτοὸ

283 875 473 960 ἐπεκλήθης
493 873 574 952 θεὸς
595 871 700 940 εδπιλν
713 873 855 957 Ἑσομαέ
873 889 937 938 σου
956 873 1038 950 θεὸς
1057 872 1114 938 καλ
1135 873 1197 940 τού
1214 874 1405 958 σπέρματός

247 993 264 1045 5
282 995 346 1045 σου
360 973 443 1062 μετά
456 977 501 1043 σέ.
527 976 584 1041 καὶ
598 979 659 1040 τού
671 973 797 1060 πατρὸς
807 976 825 1015 *
835 971 932 1060 ἡμῶν
941 972 1057 1059 Ἰακύβ
1070 974 1125 1042 ἐπὶ
1135 979 1405 1059 Μεσοποταμίαν

282 1078 517 1164 στελλομένου,
541 1078 651 1157 δείξας
671 1075 732 1142 τὸυ
746 1075 891 1163 χριστόν,
915 1074 960 1141 δι’
983 1072 1089 1142 αὐτού
1110 1076 1277 1161 έλάλησας
1298 1077 1405 1144 είκεὸν
1466 1077 1471 1088 ’

278 1179 365 1247 Ἰδού
394 1180 460 1264 ἐγά
487 1183 553 1263 είμι
578 1177 662 1263 μετὰ
693 1178 757 1243 σού
784 1176 840 1243 καλ
862 1174 997 1256 αύξανοὸ
1023 1193 1062 1242 σε
1090 1175 1148 1242 καλ
1174 1179 1344 1261 πληθυνεῖ
1365 1197 1404 1245 σε

283 1280 427 1367 σφόδρα.
472 1282 530 1346 καλ
553 1277 658 1357 οὕτως
677 1275 772 1356 εἶπας
789 1281 808 1319 *
833 1277 917 1364 πρὸς
939 1278 1093 1363 Μωύσῆν
1114 1277 1174 1344 τὸν
1196 1278 1319 1345 πιστὸν
1348 1280 1404 1346 καλ

282 1382 380 1467 ἅγιόν
399 1399 463 1450 σου
484 1381 682 1468 θεράποντα
699 1381 755 1446 έπλ
776 1380 836 1465 τῆς
857 1378 1017 1456 ὀπτασίας
1036 1383 1098 1446 τοῦ
1111 1380 1220 1464 βάτου
1237 1379 1323 1464 ’hym‘
1338 1385 1405 1466 είμι

236 1482 302 1552 ιοὸ
334 1481 399 1568 ύν,
436 1483 535 1550 τούτό
569 1505 626 1568 μοι
659 1480 764 1566 ὄνομα
790 1483 808 1522 *
838 1481 978 1548 αέάνιον
1004 1479 1061 1548 καλ
1094 1481 1317 1567 μνημόσυνον
1346 1507 1404 1568 γε-

283 1598 375 1664 νεαίς
392 1586 529 1671 γενεάν.
575 1581 745 1669 ύπέρμαχε
766 1583 887 1668 γένους
910 1582 1076 1668 Ἀβραάμ,
1106 1579 1286 1668 εὐλογητὸς
1305 1582 1336 1650 εἶ
1357 1587 1404 1662 είς

282 1685 361 1764 τούς
378 1687 511 1765 αδύνας.
532 1698 536 1767 Ι
558 1685 736 1772 εὐλογητὸς
756 1681 800 1770 εἶ,
829 1684 925 1770 κύριε
946 1687 1088 1770 βασιλεύ
1107 1688 1177 1752 τεὸν
1204 1685 1356 1770 αίιάνων,
1386 1685 1451 1758 ὸ34

283 1788 339 1855 διὸ
360 1793 498 1876 χριστοῦ
519 1789 661 1875 ποιήσας
685 1786 726 1853 τά
747 1787 808 1854 ὅλα
830 1785 887 1853 καλ
910 1785 957 1852 δι’
978 1783 1084 1852 αὐτοῦ
1108 1785 1146 1852 έν
1166 1784 1255 1872 ἀρχῇ
1277 1789 1405 1874 κοσμή-

283 1907 344 1968 σας
365 1889 406 1955 τὸ
420 1889 708 1973 άκατασκεύαστα,
732 1887 751 1958 ὸ
770 1891 971 1976 διαχειρίσας
984 1883 1092 1954 ὕδατα
1110 1885 1246 1954 ύδάτων
1259 1891 1405 1976 στερεά

236 2009 267 2060 λε
282 2015 361 2076 ματι
381 1991 437 2057 καλ
463 1993 595 2075 πνεῦμα
622 1989 761 2071 ζωτικὸν
785 1990 917 2067 τούτοις
938 1987 1112 2074 έμβαλιάν,
1138 1985 1157 2056 ὸ
1175 1989 1240 2073 γῆν
1260 1989 1406 2074 ἑδράσας

283 2091 340 2156 καὶ
355 2089 504 2178 οὐρανὸν
517 2092 668 2169 ἐκτείνας
682 2092 738 2158 καλ
753 2089 816 2178 ττΙν
833 2091 977 2160 ἑκάστου
991 2089 1059 2158 τοῖν
1074 2091 1266 2176 κτισμάτων
1280 2090 1406 2178 άκριβῆ

282 2192 434 2274 διάταξιν
467 2194 651 2280 κοσμήσας·
682 2199 726 2281 σῇ
756 2193 821 2280 γάρ
850 2191 1053 2279 ένθνμήσει,
1085 2194 1247 2275 δέσποτα,
1280 2193 1407 2278 κόσμος

283 2297 543 2382 πεφαέδρυνται,
570 2294 715 2380 ούρανὸς
728 2298 765 2362 δὲ
787 2294 831 2374 ιλς
845 2296 981 2382 καμάρα
995 2295 1206 2380 πεκηγμένος
1226 2292 1407 2380 εΙγλάισται

283 2397 417 2482 ἄστροις
437 2397 553 2465 ἕνεκεν
576 2401 794 2486 παραμυθίας
815 2401 877 2464 τοῦ
896 2396 1054 2480 σκότους,
1078 2399 1150 2480 φάς
1172 2397 1210 2462 δὲ
1233 2396 1290 2462 καλ
1311 2397 1407 2482 ἥλιος

232 2515 266 2567 20
285 2501 331 2576 είς
349 2496 474 2586 ἡμέρας
493 2507 511 2547 *
533 2505 675 2588 καρπῶν
694 2501 797 2584 γονῆς
815 2499 1029 2584 γεγένηνται,
1056 2497 1179 2583 σελήνη
1201 2500 1238 2566 δὲ
1263 2502 1311 2576 είς
1329 2523 1406 2564 και-

284 2604 355 2685 (miv
382 2600 512 2686 τροπην
537 2601 686 2682 αὔξουσα
707 2600 764 2667 καὶ
784 2601 979 2686 μειουμένη,
1007 2601 1025 2640 *
1053 2599 1110 2664 καὶ
1131 2598 1192 2679 νύξ
1214 2597 1406 2686 τὸνομάζετο

284 2700 341 2768 καλ
369 2697 476 2787 ἡμέρα
510 2703 795 2791 προσηγορεύετο,
836 2710 852 2746 *
884 2703 1054 2788 στερέωμα
1085 2703 1124 2768 δὲ
1155 2701 1212 2768 διὸ
1243 2705 1357 2787 μέσων
1388 2707 1405 2742 *

283 2801 444 2888 άβύσσων
473 2803 649 2871 ἐδείκνυτο
677 2804 734 2871 καλ
767 2799 862 2881 εἶπας
890 2809 1103 2889 συναχθῆναι
1135 2801 1175 2870 τὸ
1208 2801 1317 2870 ύδατα
1348 2805 1406 2872 καλ

285 2901 436 2991 ὀφθῆναι
456 2903 519 2991 τὴν
542 2906 655 2993 ξηράν.
700 2903 809 2991 αὐτὴν
836 2908 874 2972 δὲ
900 2905 963 2991 τὴν
985 2906 1166 2974 θάλασσαν
1193 2905 1264 2982 πῶς
1289 2904 1334 2972 ἄν
1354 2931 1407 2984 τις

233 3025 266 3076 2ο
286 3006 503 3094 έκφράσειενς
523 3007 596 3092 ἥτις
616 3011 746 3094 ἔρχεται
767 3009 831 3093 μὲν
844 3006 910 3075 άπὸ
933 3007 1101 3091 πελάγους
1121 3009 1157 3091 *,
1183 3009 1410 3092 παλινδρομεῖ

182 3150 187 3158 ,
284 3110 322 3176 δὲ
343 3111 361 3150 *
384 3107 451 3177 άπὸ
478 3109 616 3196 ψάμμου
644 3109 685 3196 τῇ
713 3113 758 3196 σῇ
786 3100 960 3196 προσταγῇ
982 3109 1194 3194 κωλυομένη·
1223 3105 1319 3186 εἶπας
1339 3108 1406 3193 γάρ

352 3281 1352 3350 ιυεηνοοειιΛΙιοαινε,τες-ιειιοειοεε,ιι.
1375 3285 1406 3334 15

354 3365 1015 3432 laneum14Gen1,61230en1‚9

284 3519 339 3570 2³
357 3511 560 3586 δωρησάμενος
577 3527 625 3586 yut
640 3518 675 3588 14
694 3535 745 3572 σου
762 3527 817 3586 αττ,
839 3533 884 3574 σοι
901 3537 919 3586 y
935 3520 939 3583 Ι
954 3521 970 3572 θ
989 3513 1022 3572 δὲ
1039 3519 1074 3586 -Ι-
1090 3535 1125 3585 γι
1140 3517 1177 3580 Ιὸ
1194 3515 1371 3586 στελλομένι
1388 3539 1406 3572 x

285 3601 288 3665 Ι
316 3602 594 3671 θκαλρτίαε>γτ
621 3606 627 3670 Ι
652 3602 823 3672 8καλ-Ι-γ
848 3607 853 3670 Ι
879 3597 1102 3672 9τῆςβάτυυι
1129 3605 1134 3667 Ι
1162 3597 1407 3672 mlum-{qut

286 3686 310 3756 Ιλ
327 3687 369 3756 γλ]
388 3689 392 3754 Ι
410 3691 440 3740 11
460 3684 647 3757 δραχωρήσας
663 3708 694 3755 x,
713 3691 765 3742 εοδ-
781 3692 840 3756 ρίιι
857 3707 869 3742 ι
886 3695 1021 3742 mutatum
1038 3691 1162 3748 videtur,
1181 3682 1363 3756 διαχωρῆσας
1374 3697 1406 3756 5⁸

287 3767 337 3842 [ὸχ
348 3771 376 3841 y]
393 3771 398 3842 Ι
415 3773 446 3826 15
459 3767 590 3840 έμβάλων
598 3791 617 3841 γ
632 3775 636 3841 Ι
654 3776 684 3826 17
698 3769 858 3842 ένθνμήιει
867 3793 894 3840 x,
908 3772 1032 3842 δυνάμει
1040 3779 1098 3841 γει,
1112 3767 1144 3826 έν
1155 3767 1232 3826 ἄλλα
1245 3768 1405 3841 ἐνθυμήτει

284 3865 408 3927 margot
429 3865 433 3920 Ι
454 3861 484 3910 17
502 3854 643 3927 κὸτμουτ
663 3865 668 3921 Ι
691 3861 722 3912 18
739 3859 954 3926 πεφαίδρυνται
972 3877 1004 3924 x,
1023 3858 1220 3926 πεφαίδροται
1239 3865 1264 3922 t,
1283 3856 1405 3926 συνέστη

283 3961 316 4011 γε
337 3942 341 4010 1
365 3943 395 3995 18
413 3940 594 4012 πεπηγμένος
611 3951 650 4009 xt,
668 3939 822 4012 τεταμένος
839 3961 872 4012 γι
899 3945 904 4010 Ι
930 3943 965 3996 20
981 3940 1031 3996 καλ
1048 3943 1082 4010 -Ι-
1098 3951 1145 4010 γτι
1163 3945 1168 4007 Ι
1188 3943 1224 3994 20
1240 3938 1354 4009 καρπὸν
1371 3961 1407 4010 yx

286 4033 289 4094 Ι
309 4030 344 4081 20
361 4023 448 4095 γονάς
466 4035 478 4080 t
493 4027 497 4097 Ι
512 4029 546 4080 20
563 4025 714 4096 γεγένηται
731 4047 775 4095 γτ,
794 4024 981 4096 γεγέννηνται
994 4035 1006 4080 t
1020 4030 1024 4094 Ι
1040 4028 1075 4080 20
1091 4023 1120 4080 τλ
1133 4045 1158 4093 y,
1178 4043 1208 4079 τε
1228 4047 1242 4080 τ
1258 4030 1307 4092 121
1323 4045 1408 4095 μιστ-

283 4113 356 4181 μένη
374 4131 392 4166 1
407 4117 411 4180 Ι
426 4116 457 4166 21
478 4107 524 4166 διὸ
542 4113 576 4180 -Ι-
593 4129 626 4178 γπ
643 4115 693 4178 121
712 4107 875 4180 ω’νόματται
892 4131 927 4180 γε
948 4114 952 4177 Ι
972 4115 1005 4165 22
1023 4106 1235 4180 προσηγὸριυτο
1254 4129 1279 4176 x,
1298 4129 1408 4180 προση-

284 4193 413 4266 γορεύθη
430 4215 464 4266 yn
488 4200 492 4263 Ι
515 4200 549 4249 22
566 4187 639 4249 άλλὸ
657 4195 708 4250 καλ
724 4198 758 4265 -Ι-
775 4215 809 4264 γι
829 4202 834 4264 Ι
853 4203 887 4252 22
906 4195 938 4250 δὲ
955 4198 990 4262 >
1005 4214 1040 4264 γτ
1059 4196 1065 4264 Ι
1084 4197 1117 4248 22
1135 4197 1223 4264 μέσον
1241 4204 1253 4248 λ
1273 4198 1278 4260 Ι
1296 4199 1333 4248 22
1350 4199 1409 4250 τόν

283 4282 317 4346 ·Ι-
335 4287 347 4332 t
366 4281 370 4348 Ι
390 4283 424 4335 23
442 4275 590 4336 ἐδείκνυτο
607 4279 657 4334 καλ
676 4289 718 4348 xt,
737 4275 831 4351 πήξας
847 4299 882 4349 γε
903 4283 907 4346 Ι
926 4283 960 4334 25
977 4277 1139 4349 μαινομένη
1155 4281 1191 4348 -Ι-
1207 4288 1255 4347 γει
1270 4288 1274 4344 Ι
1289 4283 1326 4333 26
1346 4273 1380 4333 δ’
1398 4291 1411 4334 ε

284 4364 318 4416 26
336 4359 426 4426 εύθὸς
443 4367 477 4433 -Ι-
494 4385 521 4432 γ,
542 4357 635 4434 εύθὴς
651 4366 685 4433 -Ι-
703 4383 717 4418 τ
732 4365 737 4434 Ι
751 4366 786 4419 2θ
802 4359 859 4420 ὸπὸ
876 4383 911 4434 γτ
926 4366 931 4434 Ι
945 4366 980 4419 20
997 4359 1108 4428 ελπεςλ
