3160 4976
117 369 166 438 88

108 540 267 599 πιστεῦσαι,
288 537 311 590 εί
330 539 376 606 μὲν
396 545 560 612 τεκνοτρορεῖ
579 541 621 594 καί
641 539 785 614 ἀφίσταται
802 545 849 596 τοῦ
869 541 997 598 δεσπότου
1017 537 1099 603 αὐτῆς
1119 537 1137 603 ἦ
1155 539 1228 610 αύτῷ
1240 541 1314 609 μόνῳ

109 628 215 680 σύνεστι
234 629 326 697 γάμῳτ
351 628 469 682 ἀκουέτω
489 631 533 681 καί
552 628 730 701 βαπτιζομένη
751 635 908 686 κοινωνείτω
927 639 974 694 τῆς
993 637 1153 704 προσφορᾶς.
1175 630 1196 683 εί
1216 631 1245 682 δὲ
1264 633 1311 698 μή,

109 717 159 788 [υ]
173 717 383 788 ἀποβαλλέσθω.
398 719 573 791 ἀρρητοποιός
585 720 602 782 ἦ
617 723 708 790 μάντις
720 723 738 785 ἢ
749 725 831 792 μάγος
845 723 1047 795 ἦνεκρόμαντις,
1059 717 1132 774 οὗτοι
1145 723 1233 793 μιαροί
1243 721 1311 772 εἰσιν

109 805 169 859 οὐδὲ
184 806 222 867 είς
235 810 319 879 κρίσιν
331 807 463 880 ἔρχονται.
478 807 600 870 ἐπαοιδός
613 811 630 873 ή
644 811 806 885 ἀστρολόγος
818 813 835 874 ἦ
848 813 975 865 ἐνυπνίων
987 810 1112 883 ίρμηνείνς
1128 811 1311 882 ἦόρεύμαντις

107 897 125 960 ἢ
145 896 303 966 όχλαγωγός
322 896 339 960 ή
360 898 554 971 ἀστροθεάρων
572 899 590 960 ἧ
610 899 861 970 ἀγαλματόμαντις”
883 901 900 964 ἦ
921 901 1076 955 παυσάσθω
1096 905 1140 954 καί
1162 902 1310 968 παυόμενος
1329 909 1343 947 υ

109 985 290 1058 ἐξορκιζίσθω
304 991 347 1040 καί
359 985 551 1058 βαπτιζίσθω·
573 993 616 1042 καὶ
629 991 652 1042 εί
666 990 693 1044 δὲ
708 995 753 1060 μή,
772 991 983 1063 ἀπσβαλλέσθω.
1003 991 1077 1051 εἴτις
1091 991 1227 1051 παλλακήν
1242 988 1309 1058 ἔχει,

109 1076 204 1129 ἀνιέτω
218 1076 301 1139 αὐτὴν
314 1077 358 1130 καί
371 1081 444 1149 νόμῳ
458 1082 574 1148 γαμείτω
588 1081 633 1132 καί
645 1080 763 1134 ἀκουέτω
777 1082 856 1151 λόγον
870 1084 1054 1151 κατηχήσεως.

181 1168 225 1218 καί
238 1167 292 1236 μετ’
307 1163 394 1236 όλίγα·

112 1255 157 1308 Ἐν
172 1254 199 1308 δὲ
214 1257 251 1326 τῷ
270 1255 377 1328 ὑστάτῳ
396 1255 526 1328 σαββάτῳ
546 1257 750 1332 προελθίτωσαν
771 1260 798 1313 ἐν
814 1261 888 1312 νυκτί
906 1261 950 1312 καί
969 1259 1161 1332 ἐξορκιζόμινοι
1181 1257 1206 1310 oi
1225 1275 1308 1318 κατη-

107 1347 233 1414 χούμενσι
247 1348 326 1418 μέχρι
339 1351 385 1399 τοῦ
399 1347 540 1419 σαββάτου
555 1348 581 1402 ἐν
596 1351 668 1420 μέσῳ
682 1353 797 1410 νυκτός*
811 1387 901 1403 .....
1329 1361 1355 1398 ¹⁰

106 1435 187 1504 μηδὲν
211 1436 277 1489 ἄλλο
300 1439 530 1506 μιτενεγκοίτωσαν
552 1439 578 1492 οί
600 1441 737 1509 μέλλοντες
759 1437 956 1509 βαπτισθῆναι,
978 1436 1039 1492 ἀλλ’
1061 1434 1078 1500 ἦ
1099 1437 1178 1510 ἄρτον
1201 1436 1247 1490 ἕνα
1268 1436 1307 1496 είς

106 1524 288 1598 εὐχαριστίαν.
309 1526 536 1598 βαπτιζέσθωσαν
560 1527 588 1582 δὲ
610 1530 705 1590 οὕτως.
732 1531 940 1602 προσερχόμενοι
960 1533 997 1598 τῷ
1017 1527 1093 1582 ὕδατι
1117 1529 1201 1598 (ίστω
1224 1525 1252 1578 δὲ
1275 1529 1306 1578 τό

105 1614 179 1688 ὕδωρ
199 1619 319 1688 καθαρόν
339 1619 382 1670 καί
402 1616 496 1688 ῥυτόν)
519 1624 621 1691 πρῶτον
641 1621 731 1680 τέκνα,
754 1618 842 1670 ἔπειτα
859 1617 966 1692 ἄνδρες,
989 1617 1077 1671 ἔπειτα
1089 1623 1220 1687 γυναῖκες.
1241 1615 1263 1668 εἰ
1277 1614 1307 1668 δέ

105 1706 170 1777 [τις]
194 1704 230 1767 ὡς
247 1707 288 1768 ἐίς
306 1709 451 1779 παρθενίαν
472 1708 546 1760 θέλει
567 1709 737 1780 προσελθεῖν,
760 1703 837 1768 οὗτος
862 1713 965 1781 πρῶτος
986 1706 1160 1779 βαπτιζίσθω
1190 1705 1236 1759 διόι
1258 1707 1306 1757 τοῦ

105 1794 258 1848 ἐπισκόπου.
278 1797 306 1849 αί
326 1795 354 1850 δὲ
373 1802 492 1866 γυναῖκες
511 1795 700 1868 βαπτιζόμεναι
720 1798 768 1858 τάς
787 1800 870 1867 κόμας
892 1797 979 1850 αὐτῶν
1002 1798 1147 1850 λυότωοαν.
1168 1796 1194 1849 υί
1213 1794 1305 1855 παῖδες
1327 1809 1353 1848 ιο

104 1884 198 1946 πάντες
217 1887 242 1939 οί
260 1885 401 1955 δυνάμενοι
419 1887 599 1960 ἀποκριθῆναι
618 1888 645 1942 ἐν
663 1893 700 1957 τῷ
719 1887 897 1959 βαπτίσματι,
919 1885 1125 1958 ἀμειβίσθωσαν
1139 1889 1181 1938 καὶ
1195 1885 1304 1956 ἀποκρι-

103 1975 246 2027 νίσθωσαν
259 1979 324 2044 μετὰ
337 1979 381 2028 τόν
396 1976 474 2048 ίιρέα.
493 1977 515 2029 εί
530 1977 557 2030 δὲ
571 1981 606 2045 μή
621 1963 755 2038 δύνανται,
770 1977 795 2030 οί
805 1979 912 2049 πατίρες
923 1976 1010 2030 αὐτῶν
1022 1976 1078 2028 ἀντ’
1090 1974 1177 2028 αὐτῶν
1189 1975 1305 2044 ἀμειψό-

105 2067 218 2116 σθωσαν
236 2064 253 2126 ἦ
271 2083 310 2124 τις
328 2064 356 2117 ἐκ
374 2071 426 2118 τῶν
445 2064 549 2118 οἰκιῶν·
562 2065 659 2119 αὐτῶν.
679 2065 892 2138 καταβαινόντων
910 2065 938 2118 δὲ
957 2072 1010 2118 τῶν
1023 2065 1223 2138 βαπτιζομένων
1240 2065 1305 2132 μετὰ

105 2155 134 2204 τό
149 2153 327 2226 ἀποκριθῆναι
345 2157 388 2206 καί
406 2154 499 2216 εἰπεῖν,
520 2157 650 2208 σκοπείτω
665 2156 678 2208 ὁ
693 2157 848 2219 ἐπίσκοπος,
867 2160 965 2226 μήποτε
979 2155 996 2226 ᾗ
1009 2174 1048 2214 τις
1062 2155 1088 2208 ἐν
1102 2155 1192 2215 αὐτοῖς
1204 2153 1222 2216 ή
1236 2153 1304 2224 ἀνὴρ

106 2242 177 2312 ἔχων
191 2242 331 2296 δακτύλιον
345 2247 465 2316 χρυσοῦν
477 2243 494 2306 ἦ
507 2248 573 2313 γυνή
587 2244 690 2314 ἐχουσα
704 2245 744 2316 ἐρ’
759 2246 855 2307 ἑαυτῆς
867 2247 979 2318 χρυσόν.
1000 2243 1094 2298 οὐδένα
1109 2248 1160 2317 γὰρ
1179 2242 1218 2296 δεῖ
1232 2242 1303 2310 ἔχειν
1323 2259 1352 2294 νυ

104 2350 128 2384 τι
141 2333 202 2401 μεθ’
217 2332 314 2386 ἑαυτοῦ
334 2333 361 2386 ἐν
375 2339 412 2404 τῷ
427 2333 504 2387 ίίδατι
518 2334 669 2410 ἀλλότριον,
687 2335 758 2388 ἀλλά
776 2334 945 2408 παραδιδότω
964 2340 1018 2395 τοῖς
1037 2335 1115 2403 ε’γγίνς
1132 2329 1207 2386 οὖσιν
1218 2332 1302 2400 αὐτῷ.

176 2424 220 2474 καί
233 2423 287 2492 μετ’
302 2421 389 2492 όλίγα·

103 2512 135 2564 oi
147 2512 285 2585 ἐρχόμενοι
299 2514 335 2574 είς
350 2515 467 2568 ἑστίασιν
482 2515 552 2586 [νυ]
567 2515 722 2584 καλούμενοι
739 2517 775 2584 μή
795 2513 994 2585 ἐπιβαλέτωσαν
1011 2520 1090 2586 χεῖρα
1101 2515 1149 2586 πρό
1169 2518 1221 2564 τῶν
1241 2531 1303 2586 πρε-

104 2599 248 2675 σβυτέρων,
272 2603 342 2656 ἀλλά
363 2603 472 2673 ἔσχατοι
490 2605 655 2658 ἐσθιέτωσαν
679 2608 722 2658 καί
736 2610 835 2676 πρῶτοι
848 2605 1038 2658 παυίσθωσαν.
1062 2603 1087 2657 οί
1109 2603 1245 2661 ἐσθίοντες
1265 2604 1302 2669 μή

103 2691 379 2754 σκανδαλισθήτωσαν
398 2695 485 2764 λόγῳ,
504 2694 564 2748 ἀλλ’
580 2694 606 2748 ἐν
624 2695 729 2764 ἡσυχίᾳ
749 2693 921 2747 ἐσθιότωσαν.
939 2692 1000 2746 όιλλΙ
1016 2693 1039 2745 εί
1058 2711 1117 2745 τινα
1128 2691 1231 2754 θέλιιῆ
1246 2690 1304 2744 ἐπί·
1321 2705 1350 2744 2²5

107 2800 204 2844 σκοπος
222 2783 240 2845 ἦ
261 2781 436 2856 πρεσβύτερος
450 2783 564 2856 ἐρωτᾶν,
587 2782 784 2856 ἀποκρινέσθω.
808 2783 924 2843 εἰπόντος
943 2781 971 2836 δὲ
991 2787 1037 2834 τοῦ
1057 2783 1201 2836 ἐπισκόπου
1220 2783 1300 2850 λόγον

104 2871 212 2933 ἕκαστος
231 2875 317 2946 η’ρέμα
330 2871 452 2938 δοξάζων
472 2873 591 2944 ήσυχίαν
611 2873 752 2947 αἱρείσθω,
772 2872 822 2934 ἕως
843 2873 873 2926 ἂν
890 2873 969 2926 πάλιν
984 2872 1120 2945 ἐρωτηθῇ.
1139 2873 1163 2925 εἴ
1181 2891 1220 2932 τις
1239 2891 1303 2944 καρ-

104 2965 168 3023 ποὺς
186 2963 203 3026 ἦ
224 2966 460 3036 πρωτογεννήματα
479 2962 585 3036 όπόιρας
604 2969 684 3024 ποιεῖ,
704 2966 750 3023 τὰς
771 2962 898 3035 ἀπαρχὰς
916 2964 1083 3036 προσρερότω
1102 2967 1140 3031 τῷ
1160 2963 1304 3030 ἐπισκόπῳ.

103 3053 184 3113 εἴτις
211 3051 347 3126 ἐξέρχεται
371 3051 399 3104 ίκ
423 3056 470 3105 τοῡ
493 3055 590 3121 κόσμου
613 3053 630 3116 ή
650 3052 774 3112 πιστόςῆ
795 3055 874 3114 πιστή
894 3051 1000 3121 ἔχοντες
1020 3052 1111 3115 υἱούς,
1132 3053 1166 3104 τά
1185 3056 1304 3120 κτήματα

103 3142 190 3195 αὐτῶν
211 3142 358 3196 διδότωσαν
373 3151 404 3214 τῇ
420 3143 561 3212 ἐκκλησίᾳ,
580 3142 622 3195 ίνα
637 3143 654 3204 ἡ
671 3143 796 3204 ἐκκλησία
811 3143 945 3214 μεριμνῲη
962 3147 1014 3194 τῶν
1032 3141 1097 3195 υίών
1111 3141 1199 3194 αὐτῶν
1213 3143 1256 3194 καί
1277 3141 1304 3193 ἐκ
1323 3157 1350 3194 3ο

103 3237 155 3283 τὼν
176 3229 349 3303 ὑπαρχόντων
368 3231 458 3292 αὐτοῖς
480 3234 586 3294 πένητες
606 3232 808 3294 ἀναπαύωνται,
836 3231 879 3284 ίνα
894 3229 933 3300 δῷ
950 3231 963 3282 ό
980 3234 1044 3292 θεός
1067 3230 1140 3291 ἔλεος
1159 3237 1215 3290 τοῖς
1236 3231 1304 3290 υίοίς

104 3319 253 3373 αὐτῶνκαὶ
273 3320 423 3374 ἀνάπαυσιν
442 3329 497 3381 τοῖς
510 3325 686 3390 κοιμηθείσιν.
708 3321 729 3374 εί
749 3320 777 3374 δὲ
798 3320 903 3382 άτεκνός
924 3319 980 3373 ἐστί
999 3339 1052 3382 τις,
1073 3321 1247 3389 πολυκτήμων
1267 3323 1303 3390 μή

103 3409 184 3470 ἔστω,
206 3410 278 3462 ἀλλά
296 3415 329 3462 τὰ
348 3411 455 3464 πλείονα
473 3418 525 3464 τῶν
545 3415 683 3481 κτημάτων
704 3409 765 3471 δοὺς
780 3416 835 3470 τοῖς
849 3411 941 3472 πὲνησι
955 3413 1047 3480 καὶτῷ
1061 3409 1249 3482 δεσμωτηρίῳ,
1271 3413 1304 3463 τὰ

103 3497 196 3551 δέοντα
208 3499 251 3550 καί
266 3499 396 3570 ἀρκοῦντα
407 3499 479 3570 αύτῷ
492 3502 570 3570 μόνον
584 3503 732 3564 κεκτήσθω.
752 3501 826 3559 εἴτις
842 3499 897 3569 ἔχει
911 3508 1029 3568 κτήματα
1046 3502 1090 3552 καί
1099 3502 1172 3552 θελει
1187 3499 1223 3560 είς
1237 3519 1304 3571 παρ-

102 3591 195 3642 θενίαν
213 3589 399 3658 ἐμπλέκεσθαι,
419 3592 452 3640 τὰ
466 3593 584 3658 κτήματα
597 3591 678 3644 αύτοῠ
693 3591 778 3644 πάντα
791 3595 846 3648 τοῖς
859 3589 951 3651 πίνησι
971 3587 1061 3648 διδοὺς
1081 3592 1303 3663 προσκαρτερείτω
1323 3607 1349 3644 οὐ

103 3679 146 3732 καί
167 3681 332 3752 προσμενέτω
352 3687 383 3752 τῇ
399 3679 540 3744 ἐκκλησίᾳ,
562 3686 723 3753 προσευχαῖς
744 3685 943 3752 προσκαρτερῶν
963 3683 1006 3732 καί
1026 3678 1168 3748 εὐλογίαις.

177 3770 221 3821 καί
235 3768 289 3838 μετ’
304 3768 392 3838 όλίγα·

108 3858 265 3920 Ἐπίσκοπος
283 3861 467 3932 παρακαλείτω
485 3857 625 3930 κηρύσσειν
643 3861 733 3926 μήτις
750 3859 861 3928 γεύηταί
873 3878 950 3920 τινος,
966 3857 1016 3920 ἕως
1029 3857 1061 3910 ἂν
1074 3858 1188 3930 τελεσθῇ
1209 3858 1226 3919 ἡ
1241 3877 1305 3930 προ-

104 3952 190 4022 σρορά
209 3951 253 4003 καί
273 3957 323 4003 πᾶν
343 3953 371 4002 τό
387 3955 465 4018 σῶμα
485 3955 532 4010 τῆς
546 3947 685 4009 ἐκκλησίας
703 3947 775 4020 λάβη
793 3953 892 4020 τρυφήν
912 3951 1012 4011 καινήν.
1030 3949 1087 4000 τότε
1104 3948 1150 4000 ἀπ’
1164 3945 1245 4010 αύτής
1260 3954 1305 4009 τῆς

103 4037 215 4112 ἑσπέρας
239 4038 264 4091 οἱ
286 4037 474 4109 βαπτιζόμενοι
497 4037 724 4109 βαπτιζέσθωσαν
748 4037 802 4106 μετ’
824 4038 977 4106 ἀνάγνωσιν
999 4040 1071 4108 μίαν.
1096 4036 1119 4090 εί
1143 4036 1170 4090 δὲ
1191 4040 1238 4110 πρό
1257 4041 1303 4089 τοῦ
1323 4055 1350 4091 ευ

104 4131 318 4201 προσενεχθῆναι
337 4131 381 4180 καὶ
400 4127 493 4198 λαβεῖν
511 4135 556 4189 τῆς
576 4126 746 4200 εὐχαριστίας
767 4126 852 4199 ἕτερόν
871 4147 895 4180 τι
915 4128 1000 4180 ἐσθίει
1020 4145 1067 4190 τις,
1089 4127 1189 4200 ἥμαρτε
1209 4131 1252 4180 καί
1272 4125 1303 4178 ού

103 4219 295 4285 λογισθήσεται
305 4217 377 4286 αύτῷ
392 4219 409 4279 ή
424 4220 532 4278 νηστεία
545 4218 636 4270 αὐτοῦ.
651 4218 859 4286 κατηχουμένοις
873 4217 1063 4286 ἀπολυομίνως
1076 4219 1136 4290 χείρ
1150 4217 1304 4270 ἐπιτίθεται.

185 4342 226 4386 5*
242 4345 283 4382 hoc
300 4345 433 4383 vocabulum
449 4349 496 4394 ίμευ
513 4349 610 4386 formare
625 4357 693 4384 ιιιεευε
709 4357 757 4384 suin
774 4346 802 4384 ei.
820 4345 929 4393 Porphyr.
951 4346 978 4383 ιίο
997 4345 1139 4394 μίιίίσιομίιίο
1160 4356 1187 4384 ex
1208 4344 1304 4382 οταευίίο

104 4419 229 4458 haurientia
248 4417 284 4456 od.
301 4417 329 4456 G.
343 4416 412 4454 Wolff
426 4429 448 4466 p.
465 4419 590 4457 iou—¹213.
608 4439 632 4446 »-
650 4421 674 4456 10
689 4413 701 4440 *
717 4411 805 4455 videtur
821 4419 902 4466 pagina
917 4418 1066 4456 intercidisse.
1083 4428 1132 4454 nam
1149 4417 1194 4452 n'iii
1208 4429 1231 4467 p.
1247 4418 1264 4452 i·
1281 4417 1305 4452 10

104 4495 138 4530 οει
158 4490 254 4538 primum
277 4488 410 4526 vocabulum
431 4489 523 4536 paginae
543 4491 589 4528 iiii.
606 4509 631 4517 -
653 4487 701 4526 18³
716 4501 786 4538 μαοιιυ
803 4493 887 4528 certum
903 4489 991 4527 videtur
1006 4487 1095 4528 οἰκείων
1111 4489 1231 4536 legendum
1245 4498 1303 4536 αεεο,

104 4562 164 4612 quod
179 4573 192 4600 ει
206 4559 268 4608 Syris
284 4570 325 4609 per
340 4563 407 4598 ivm
422 4561 486 4598 reddi
502 4563 564 4599 solet.
583 4583 586 4588 ι
601 4585 605 4588 -
622 4562 648 4600 2³5
663 4559 814 4600 πταιεάτωσαν
829 4559 920 4615 iamsi?
