2994 4972
79 397 126 450 εὖ
1140 401 1199 466 129

78 567 136 632 καί
157 563 297 650 γυναικὶ
317 564 374 630 καί
394 565 524 641 τέκνοις
545 563 602 630 καί
622 563 766 649 κτήμασι
791 563 847 630 καί
868 564 1037 648 σύμπαντι
1058 570 1106 654 τῷ
1124 570 1199 655 βίμ,

79 667 162 734 ὁταν
183 657 205 753 ή
221 691 251 733 τι
265 665 395 732 τούτων
415 665 555 750 κώλυμα
570 665 653 750 πρὸς
667 665 850 752 εὐσέβειαν.
896 667 948 732 δεῖ
967 666 1032 751 γάρ
1055 668 1200 750 προσεύ-

77 775 200 853 χεσθαι
221 769 285 852 μέν
306 765 391 853 ἡμᾶς
410 769 468 833 ἵνα
489 767 533 853 μή
555 769 762 851 εἰσέλθωμεν
784 772 830 845 εἰς
853 767 1039 854 πειρασμόν
1046 817 1056 852 ,
1079 767 1141 835 έάν
1163 771 1200 834 δὲ

78 874 264 956 κληθῶμεν
284 873 331 946 εἰς
350 869 550 957 μαρτύριον,
577 868 660 955 μετά
684 870 871 948 έυστάσεως
894 867 1071 955 ὁμολογεῖν
1092 870 1131 936 τό
1150 875 1202 937 τί-

77 997 158 1057 μιον
179 969 297 1055 ὄνομα.
333 971 389 1036 καί
417 970 478 1037 έάν
505 973 628 1038 τούτου
648 973 749 1057 χάριν
770 976 1004 1057 κολασθῦμεν,
1032 981 1234 1058 χαίρωμεν5

78 1073 123 1151 ῦς
146 1072 203 1140 ἐπὶ
228 1071 423 1140 ἀθανασίαν
447 1074 659 1150 σπεύδοντες.
707 1075 907 1158 διωκόμενοι
930 1073 974 1159 μή
998 1074 1201 1158 ξενιζόμεθα

78 1177 164 1261 μηδὲ
187 1172 415 1260 ἀγαπήσομεν
436 1176 496 1242 τόν
521 1180 587 1241 νῦν
609 1179 715 1242 αἰῦνα
737 1177 820 1261 μηδὲ
847 1174 924 1253 τοῦς
951 1175 1041 1261 παρά
1062 1175 1201 1260 ἀνθρύ-

79 1303 155 1344 πων
184 1277 346 1354 ἐπαίνους
374 1279 457 1362 μηδὲ
485 1276 548 1362 τήν
573 1282 642 1343 τῦν
670 1276 977 1364 ἀρχόντωνδόξαν
1005 1278 1062 1344 καί
1088 1280 1199 1364 τιμήν,

78 1379 238 1466 καθάπερ
261 1377 318 1444 καί
341 1381 430 1456 τινές
447 1384 517 1444 τῶν
535 1378 719 1464 Ἰουδαίων,
742 1381 973 1465 θαυμάζοντες
994 1383 1056 1446 τοῦ
1078 1385 1200 1465 κυρίου

77 1480 137 1558 τὰς
158 1481 341 1564 ἐνεργείας,
365 1478 427 1546 οὐκ
448 1480 628 1548 ἐπίστευον
650 1485 696 1559 εἰς
718 1481 821 1562 αὐτόν
839 1482 935 1569 φόβῳ
957 1507 1003 1569 τῳ
1023 1481 1106 1566 πρὸς
1123 1480 1201 1559 τούς
1221 1497 1252 1548 10

78 1582 248 1667 ἀρχιερεῖς
268 1583 325 1648 καί
354 1580 431 1658 τοῦς
460 1581 597 1660 λοιπούς
623 1589 692 1649 των
714 1582 901 1669 ἀρχόντων·
932 1583 1113 1668 ἠγάπησαν
1135 1583 1200 1668 γάρ

77 1685 141 1769 τήν
165 1685 270 1764 δόξαν
287 1689 355 1750 τῶν
372 1683 567 1769 ἀνθρώπων
587 1690 717 1770 μᾶλλον
734 1684 819 1770 ήπερ
834 1685 896 1770 τήν
910 1685 1013 1765 δόξαν
1027 1690 1089 1751 τοῦ
1102 1690 1199 1752 θεοῦ.

78 1783 349 1871 ὁμολογήσαντες
363 1788 408 1864 ,δὲ
430 1785 493 1871 τήν
513 1786 621 1872 καλήν
644 1785 836 1872 ὁμολογίαν,
867 1786 908 1854 οὐ
927 1788 1035 1872 μόνον
1062 1785 1202 1864 ἑαυτούς

79 1888 241 1974 σώζομεν,
270 1887 356 1954 ἀλλά
377 1887 432 1954 καί
453 1887 531 1965 τούς
554 1894 801 1974 νεοφωτίστους
821 1894 1026 1975 βεβαιοῦμεν
1044 1889 1101 1955 καὶ
1123 1887 1202 1966 τοῦς

79 1992 353 2076 κατηχουμένους
378 1991 677 2076 πισιοποιούμεθα.
730 1994 761 2057 εἰ
783 1993 820 2058 δὲ
850 1993 1062 2077 καθυφῦμίν
1086 2015 1117 2058 τι
1143 1996 1201 2078 τῆς
1221 2009 1252 2058 15

79 2092 271 2176 ὁμολογίας,
296 2092 559 2177 έξαρνησοίμευοι
584 2092 647 2177 τήν
679 2091 853 2178 εὐσέβειαν
879 2091 936 2159 διά
956 2094 1092 2178 γνωμης
1118 2118 1201 2178 χαυ-

78 2195 205 2278 νότητα
226 2192 283 2260 καὶ
305 2194 416 2280 φόβον
436 2195 646 2280 βραχυτάτης
665 2199 843 2281 τιμωρίας,
869 2193 910 2260 ού
932 2197 1039 2281 μόνον
1062 2193 1202 2273 ἑαυτούς

79 2295 336 2380 ἀποστεροῦμεν
352 2301 410 2381 τῆς
425 2299 565 2362 αἰωνίου
581 2297 689 2382 δόξης,
709 2295 785 2361 ἀλλ’
806 2295 870 2381 ήδη
892 2296 948 2362 καί
963 2297 1086 2383 ἑτέροις
1101 2303 1202 2362 αἰτιοι

80 2397 250 2475 ἀπωλείας
275 2399 489 2484 γενησόμεθα
517 2399 574 2463 καί
596 2400 797 2482 διπλοτέραν
817 2395 1003 2482 ῦποίσομεν
1017 2401 1080 2483 τήν
1101 2403 1200 2482 τίσιν,

80 2497 125 2576 ιὸς
144 2497 297 2576 ὑποψίαν
318 2499 486 2576 δαίσαντες
513 2498 569 2564 διά
597 2504 656 2584 τῆς
683 2499 871 2584 ἀρνήσεως,
902 2500 1033 2584 πλάνης
1060 2499 1203 2586 διδαχήν
1219 2517 1253 2568 ²0

82 2598 170 2666 εἶναι
191 2599 254 2686 τήν
276 2603 355 2667 ποτὲ
377 2598 438 2687 ἀφ’
461 2598 557 2686 ἡμῶν
578 2602 803 2687 δοξαζομένην
825 2600 998 2686 ἀλήθειαν.
1044 2600 1097 2668 διδ
1120 2603 1202 2687 μήτε

81 2703 255 2788 πρόχειροι
271 2693 362 2788 ύμεν
383 2703 439 2769 καὶ
454 2704 708 2787 ήιψοκίνδυνοι·
738 2704 826 2788 λέγει
847 2702 912 2790 γάρ
934 2702 952 2768 ό
973 2703 1089 2788 κύριος
1108 2711 1202 2792 Προ-

82 2806 246 2889 σεύχεσθε
268 2803 312 2889 μή
336 2806 493 2890 ἐμπεσεῖν
516 2809 563 2882 εἰς
585 2805 786 2890 πειρασμόν·
813 2803 851 2871 τὸ
881 2808 943 2890 μὲν
965 2811 1096 2890 πνεῦμα
1118 2807 1203 2891 πρό-

81 2914 208 2991 θυμον,
230 2903 251 2991 ή
275 2907 313 2972 δὲ
333 2906 415 2991 σάρξ
437 2906 603 2992 ἀσθενής
632 2906 715 2993 μήτε
736 2907 816 2992 μήν,
844 2907 1047 2992 ἐμπεσόντες
1076 2910 1201 2995 δειλίη,

81 3008 359 3094 καταισχύνωμεν
391 3007 454 3093 τήν
485 3005 676 3094 ὁμολογίαν.
735 3012 766 3075 εἰ
792 3008 857 3093 γάρ
890 3009 1122 3094 ἀρνησάμενός
1153 3033 1202 3085 τις
1219 3026 1252 3075 25

81 3109 143 3194 τήν
164 3110 288 3176 ἑαυτοῦ
311 3111 443 3194 ἐλπίδα,
467 3109 503 3187 ὅς
525 3110 618 3176 ἐστιν
636 3110 761 3196 Ἰησοῦς
783 3109 801 3175 ὁ
822 3115 883 3175 τοῦ
902 3114 988 3175 θεοῦ
1009 3109 1092 3190 υίός,
1116 3107 1203 3174 ἀπο-

81 3217 174 3298 λυθῇ
197 3215 258 3278 τοῦ
280 3217 490 3298 προσκαίρου
510 3213 676 3296 θανάτου,
702 3210 823 3295 αύριον
840 3213 877 3276 δὲ
898 3211 953 3276 ἐπὶ
972 3215 1089 3294 κλίνης
1112 3210 1203 3298 νόσῳ

82 3315 246 3400 περιπέσῃ
281 3313 423 3400 ὀξυτάτη
452 3319 581 3392 κοιλίας
608 3309 628 3398 ή
656 3313 826 3398 στομάχου
856 3308 880 3396 ή
912 3316 1061 3397 κεφαλῆς
1086 3311 1109 3396 ή
1135 3336 1202 3377 τινι

148 3473 166 3523 3
183 3471 276 3522 Matth
294 3470 318 3534 θ,
340 3471 371 3523 13
390 3470 395 3539 Ι
416 3471 447 3522 11
466 3472 516 3524 Ioh
536 3472 575 3531 12,
594 3471 628 3522 43
643 3471 647 3535 Ι
664 3469 696 3522 13
714 3471 776 3521 Tim
796 3487 814 3520 α
832 3469 863 3532 ό,
883 3470 915 3519 12
931 3469 935 3532 Ι
950 3471 983 3520 22
1001 3469 1091 3520 Matth
1109 3468 1149 3528 26,
1168 3470 1200 3520 41

86 3611 96 3658 l
117 3601 260 3674 κτήμασιν
278 3625 294 3658 x
315 3610 319 3667 Ι
342 3608 354 3658 1
374 3599 470 3659 πάντα
489 3603 539 3658 τὸν
556 3606 624 3674 βίον
641 3624 665 3655 w
681 3603 685 3673 Ι
700 3608 717 3656 4
735 3597 954 3672 ὁμολογήσωμεν
971 3621 1005 3670 γε
1021 3602 1025 3671 Ι
1041 3603 1057 3655 θ
1075 3595 1123 3656 ἀπ’
1141 3621 1174 3668 yz
1197 3601 1201 3672 Ι

82 3693 98 3742 θ
115 3689 293 3752 σπεύδοντες
310 3698 378 3756 th,
397 3687 569 3759 καλούμενοι
587 3709 621 3757 γι
647 3693 651 3759 Ι
677 3693 692 3741 7
711 3685 785 3758 μηδὲ
802 3693 878 3758 prius
896 3708 951 3752 wx,
971 3683 1010 3758 μή
1028 3695 1075 3754 yzt
1095 3690 1099 3752 Ι
1119 3688 1136 3739 8
1155 3683 1201 3740 δό·

84 3775 135 3840 ξαν
152 3774 205 3830 καὶ
222 3778 257 3842 >
273 3793 292 3842 y
308 3775 312 3842 Ι
328 3777 362 3828 10
378 3795 416 3844 τῳ
434 3778 578 3828 indefinite
597 3779 619 3828 L
635 3776 639 3837 Ι
656 3778 688 3826 14
701 3775 933 3842 νεοφοτίστουςγ
949 3777 953 3837 Ι
970 3775 1001 3825 15
1020 3773 1203 3841 καθυφσόμέν

83 3880 108 3914 τι
125 3871 190 3927 yzt,
207 3863 243 3926 >
260 3880 296 3922 w,
315 3853 459 3930 καθύμῦν
476 3857 557 3927 μέντι
576 3879 592 3912 x
612 3862 616 3927 Ι
640 3862 679 3912 15.
695 3861 795 3929 Ῑδτής
813 3852 968 3927 ὁμολογίας
986 3866 1060 3924 xyzt,
1080 3853 1130 3911 διά
1151 3853 1203 3925 φό-

82 3947 134 4013 βον
151 3967 176 3998 w
193 3947 197 4015 Ι
215 3947 248 3998 19
265 3937 404 4006 ἀπολείας
422 3963 461 3996 ιιτ
483 3945 487 4012 Ι
509 3947 541 3996 19
559 3945 733 3998 διπλασίονα
751 3963 784 4012 yz
806 3947 810 4010 Ι
835 3945 865 3996 19
882 3937 1040 4010 ἀνοίσομεν
1057 3939 1110 4011 τήν
1128 3945 1203 3996 τίσιν

81 4041 135 4084 τιτι
154 4025 332 4101 [ἀνοίσομεν
349 4049 386 4094 w,
410 4022 569 4100 ῦποίσυμεν
587 4035 623 4095 ιΙ,
646 4024 700 4098 τήν
724 4029 810 4095 δίκην
833 4022 998 4096 ύποίσωμεν
1015 4045 1048 4094 γε
1069 4029 1073 4092 Ι
1097 4024 1202 4079 2015&-

81 4133 182 4177 σαντες
200 4136 233 4181 w,
254 4109 394 4176 θύσοντες
412 4135 437 4180 x,
458 4111 556 4174 δόντες
573 4133 606 4181 γε
626 4109 744 4181 [δόντες
761 4113 820 4182 ΖῖΙ,
840 4133 898 4182 γρφ
917 4109 1051 4171 δόσοντες
1069 4127 1163 4176 margo
1174 4129 1200 4175 y,

82 4199 251 4262 δόσαντεςι
278 4202 282 4267 Ι
308 4203 339 4252 21
363 4191 444 4266 ύμύν
465 4217 483 4265 y
504 4201 507 4265 Ι
528 4204 569 4254 22.
582 4201 616 4252 23
639 4193 852 4267 προσεύχεσθαι
874 4217 888 4250 z
909 4198 913 4264 Ι
933 4199 967 4250 23
986 4191 1120 4264 ἐμπεσεῖν
1138 4200 1201 4258 th,

81 4284 229 4340 εἰσελθεῖν
247 4303 281 4353 yz
308 4286 312 4352 Ι
336 4287 370 4336 24
386 4280 491 4354 μήδὲι
518 4299 522 4352 Ι
548 4289 582 4336 24
601 4284 681 4336 διλίσι
698 4289 733 4336 W
761 4285 764 4350 Ι
792 4272 914 4346 ἳῖδίΙ
935 4283 968 4334 28
986 4275 1131 4346 περιπέσω
1151 4295 1167 4328 x
1196 4277 1201 4345 Ι

79 4373 217 4442 28ρ130,
233 4373 245 4424 1
262 4365 347 4440 πύθη
366 4369 425 4422 τινῒ
443 4389 466 4422 w
