2998 4972
89 431 105 492 t
126 429 230 481 46-48
1152 437 1215 500 229

91 589 254 681 Κρήσκης
275 595 313 662 δὲ
335 598 405 662 τοῖν
426 593 510 660 κατά
525 597 695 662 Γαλατίαν
719 593 918 682 ἐκκλησιῶν,
938 595 1078 675 Ἀκύλας
1098 599 1137 664 δὲ
1158 601 1215 666 καί

91 697 245 782 Νικήτης
265 701 335 764 ταῖν
353 694 436 762 κατὰ
453 694 567 763 Ἀσίαν
588 702 792 782 παροικιῦν,
820 700 972 784 Κρίσπος
991 699 1031 764 δὲ
1051 703 1109 784 τῆς
1130 698 1215 766 κατὰ

64 815 65 818 ’
91 805 242 880 Αίγιναν
261 799 450 884 ἐκκλησίας.
494 787 624 864 οὗτοι*
646 794 707 884 ὑφ’
729 795 826 884 ἡμῶν
855 799 1134 884 έμπιστεοθέντες
1156 800 1215 879 τάς

91 901 132 966 ἐν
158 904 269 988 κυρίῳ
297 903 491 986 παροικίας,
524 890 575 965 τόν
602 901 660 985 τῆς
694 901 914 978 διδασκαλίας
944 903 1215 988 μνημονεύοντες

90 1003 238 1068 πάντοτε
267 1001 579 1086 παραφολάσσεσθε
606 1000 685 1079 τοὺς
710 999 893 1088 ἡμετέρους
919 1003 1055 1088 λόγους·
1084 1003 1140 1070 καί
1162 1011 1248 1090 είηο

91 1102 109 1170 ὁ
131 1103 252 1188 κύριος
273 1100 353 1187 μεθ’
376 1099 472 1187 ύμιῦν
494 1106 560 1168 νῦν
580 1103 693 1170 τεκαὶ
715 1106 763 1181 είς
780 1102 859 1182 τούς
873 1102 1114 1192 ἀτελευτήτους
1134 1107 1214 1192 χρό-

91 1231 186 1288 νους,
209 1201 254 1282 ὥς
274 1201 375 1281 αῦτδς
397 1211 531 1291 εἴρηκεν
552 1201 633 1289 ἡμῖν
650 1207 783 1289 μέλλων
807 1204 1109 1292 ἀναλαμβάνεσθαι
1131 1206 1215 1293 πρός

90 1306 152 1374 τόν
174 1306 298 1374 ἑαυτοῦ
323 1305 408 1373 θεὸν
431 1305 487 1372 καί
512 1307 654 1393 πατέρα·
680 1305 765 1373 Ἰδού
784 1307 866 1394 μα’ρ,
897 1311 1020 1394 φησίν,
1044 1309 1109 1394 ἐμοῦ
1132 1308 1212 1394 μεθ’

91 1408 189 1495 ύμοῐν
201 1417 220 1452 *
233 1411 300 1493 είμι
314 1409 423 1485 πάσας
434 1406 493 1485 τάς
504 1404 628 1494 ἡμέρας
642 1407 704 1486 ἕως
716 1413 776 1494 τῆς
790 1413 984 1487 συντελείας
997 1416 1058 1477 τοῦ
1073 1414 1212 1488 αίοίνος·

45 1522 80 1579 47
90 1511 193 1597 ἀμήν.
222 1513 227 1598 Ι
252 1511 334 1590 δόξα
357 1509 397 1576 έν
416 1506 570 1588 ὑψίστοις
588 1513 660 1598 θεῷ
687 1509 744 1576 καί
768 1509 823 1577 ἐπὶ
843 1515 904 1596 γῆς
924 1512 1059 1598 εἰρήνη,
1090 1512 1129 1579 έν
1151 1509 1214 1578 ἀν-
1232 1525 1265 1578 10

90 1614 246 1700 θροόποις
269 1611 415 1678 εύδοκία.
462 1612 625 1696 αίνοῦμέν
646 1628 700 1694 σε,
728 1609 901 1696 ύμνοῦμίν
923 1629 978 1696 σε,
1008 1612 1214 1698 εύλομοῦμέν

91 1733 147 1799 σε,
170 1713 434 1802 εύχαριστοῦμέν
455 1731 519 1798 σοι,
542 1715 787 1799 δοξολοχοῦμὲν
809 1731 864 1797 σε,
893 1704 1213 1801 προσκυνοῦμένσε

90 1816 149 1884 διά
176 1820 239 1883 τοῦ
265 1816 414 1900 μεχάλον
434 1813 630 1901 ἀρχιερέως,
660 1815 698 1882 σὲ
720 1815 780 1882 τόν
804 1813 884 1882 ὄντα
912 1813 999 1882 θεόν
1027 1815 1213 1902 ἀγέννητον

91 1921 152 1987 ἕνα
185 1918 371 2007 ἀπρόσιτον
396 1917 503 2002 μόνον
529 1916 586 1983 διά
610 1915 673 2003 τὴν
698 1917 849 2002 μεγάλην
876 1932 939 1983 σου
967 1917 1086 2002 δόξαν,
1116 1917 1214 2005 κύριε

91 2025 235 2108 βασιλεῦ
276 2019 459 2106 ε’πουράνιε
492 2021 553 2086 θεὲ
589 2018 698 2106 πατὴρ
730 2015 989 2106 παντοκράτωρ,
1030 2019 1128 2104 κύριε
1160 2021 1213 2086 υίὲ
1233 2034 1264 2086 15

91 2127 263 2209 μονογενῆ
277 2121 385 2207 Ἰησοῦ
403 2125 527 2206 χριστέ,
549 2121 606 2188 καί
627 2121 726 2205 ἀμιον
748 2123 892 2206 πνεῦμα,
928 2120 1025 2209 κύριε
1051 2117 1171 2199 ὁθεός
1195 2119 1214 2186 ό

91 2225 197 2311 ἀμνὸς
217 2228 280 2289 τοῦ
298 2227 401 2308 θεοῦ,
426 2219 535 2300 ὁνίδς
555 2227 618 2289 τοῦ
638 2223 781 2308 πατρός,
804 2219 823 2288 ὁ
844 2228 951 2307 αίριον
972 2221 1031 2300 τὰς
1051 2221 1215 2308 ἁμαρτίας

91 2327 153 2394 τοῦ
175 2327 323 2410 κόσμου,
351 2325 490 2411 ἐλέησον
506 2321 609 2410 ἡμᾶς·
641 2323 788 2409 ὁαίρων
806 2321 865 2401 τάς
888 2319 1051 2411 ἁμαρτίας
1070 2327 1132 2390 τοῦ
1154 2324 1214 2389 κό·

92 2449 197 2515 σμου,
226 2429 406 2512 πρόσδεξαι
432 2425 495 2512 τήν
516 2427 632 2514 δέησιν
657 2422 769 2511 ἡμῶν·
798 2422 816 2491 ό
837 2425 1031 2510 καθήμενος
1058 2424 1098 2491 ἐν
1119 2426 1213 2512 δεξιᾷ

90 2535 153 2598 τοῦ
175 2528 318 2616 πατρός,
350 2529 490 2614 ἐλέησον
506 2524 606 2613 ἡμᾶς·
637 2525 688 2593 ότι
717 2524 760 2593 σύ
779 2521 810 2593 εἶ
835 2526 939 2611 μόνος
972 2526 1083 2612 ἀηιος,
1117 2524 1161 2593 σύ
1183 2521 1215 2592 εί
1230 2541 1264 2592 20

91 2635 195 2719 μόνος
216 2632 333 2717 κύριος
343 2629 469 2716 Ἰησοῦς
483 2629 615 2717 χριστός
630 2636 647 2673 *
660 2632 708 2706 είς
722 2628 826 2709 δόξαν
844 2632 930 2696 θεοῦ
946 2630 1088 2714 πατρός·
1111 2627 1211 2716 ἀμήν.

44 2739 97 2822 48Ι
121 2738 259 2817 αίνεῑτε,
275 2734 403 2817 παῖδες,
422 2731 555 2818 κύριον,
573 2734 698 2798 αίνεῐτε
713 2730 752 2798 τό
772 2727 878 2816 ὄνομα
891 2735 908 2772 *
923 2735 1056 2817 κυρίου.
1095 2734 1213 2797 αίνοῦ-

91 2839 153 2922 μέν
175 2853 233 2919 σε,
264 2830 437 2919 ύμνοῦμέν
458 2851 507 2917 σε,
530 2831 736 2917 εύλομοῦμέν
755 2850 794 2900 σε
815 2831 871 2898 διά
891 2829 954 2917 τήν
973 2833 1125 2918 μεμάλην
1149 2849 1213 2898 σου

91 2939 212 3022 δόξαν,
243 2935 338 3024 κύριε
368 2938 510 3020 βασιλεῦ
541 2933 559 3001 ό
585 2932 694 3020 πατὴρ
721 2939 783 3001 τοῦ
813 2939 952 3022 χριστοῦ
983 2937 1045 3001 τοῦ
1072 2932 1213 3018 ἀμύμου

90 3041 220 3128 ἀμνοῦ,
250 3035 287 3116 ὃς
307 3045 395 3122 αι’ρει
419 3035 482 3122 τήν
502 3033 670 3123 ἁμαρτίαν
689 3041 751 3103 τοῦ
769 3037 913 3120 κόσμον·
940 3033 995 3102 σοί
1019 3035 1139 3122 πρέπει
1159 3029 1212 3099 αἶ-
1230 3047 1263 3100 25

159 3264 178 3315 8
196 3263 286 3315 Μειιθ
303 3261 346 3323 28,
364 3259 423 3331 201
445 3261 477 3312 11)
493 3263 552 3314 Luc
570 3261 599 3325 2,
621 3259 653 3310 14
674 3259 678 3324 Ι
700 3259 798 3312 171011
818 3259 842 3324 1,
860 3257 895 3310 29
909 3254 914 3325 Ι
929 3258 963 3309 22
980 3257 1074 3311 ΡεεΙο]
1096 3255 1152 3321 113,
1172 3259 1186 3309 l
1206 3255 1211 3324 Ι

159 3348 262 3401 251011
282 3348 308 3411 1,
328 3347 361 3399 29
381 3346 386 3414 Ι
406 3345 652 3410 251³sa1m65,2
816 3365 820 3370 ·

92 3555 105 3606 l
125 3554 246 3620 αρίσκης
263 3568 296 3617 yz
321 3551 325 3616 Ι
349 3553 365 3602 2
382 3543 508 3619 κρήοπος
526 3567 559 3614 w,
577 3549 704 3618 κρῆσπος
721 3565 739 3600 x
760 3548 765 3613 Ι
785 3547 801 3601 3
819 3545 927 3616 αίηραν
944 3565 961 3599 x
979 3543 986 3616 Ι
1009 3546 1026 3600 3
1043 3541 1074 3599 αι’
1089 3545 1123 3610 -Ι-
1139 3553 1188 3613 yzt
1206 3545 1211 3614 Ι

91 3639 108 3691 3
126 3629 365 3696 όνπιστεοθέντες
383 3653 407 3686 w
427 3641 432 3696 Ι
451 3637 467 3685 4
484 3623 524 3686 ἀν
541 3635 576 3699 >
593 3653 617 3686 w
636 3634 641 3698 Ι
661 3635 678 3686 5
696 3627 978 3701 παραφολάοσεσθαι
996 3650 1020 3684 w
1035 3631 1040 3699 Ι
1060 3632 1077 3684 6
1094 3625 1162 3692 τοῦς
1178 3633 1213 3698 >

91 3739 145 3790 17¹
172 3721 177 3785 Ι
200 3720 217 3772 8
239 3715 350 3785 πατέρα
371 3716 422 3772 καί
445 3709 1213 3787 θεόννΙθφησιιιΙθίχά>α19έχύψα

95 3808 98 3872 Ι
121 3807 152 3858 111
170 3799 244 3870 δόξα
310 3806 378 3857 V111
397 3805 429 3858 15
447 3805 485 3856 fin
502 3805 537 3869 >
554 3821 577 3855 w
598 3805 602 3868 Ι
623 3804 655 3876 10
671 3797 816 3870 προσευχὴ
841 3793 951 3868 ίαθινή
974 3804 1050 3854 inser
1072 3820 1108 3869 ιχ
1135 3793 1163 3870 [ἕ
1179 3801 1210 3868 y]

98 3892 102 3960 Ι
120 3894 153 3944 12
172 3883 396 3958 εῦχαριστοῦμέν
414 3904 458 3942 σοι
470 3890 504 3954 >
516 3891 546 3952 ιΙ
563 3889 595 3940 12
612 3902 643 3940 σε
655 3891 766 3940 tertium
777 3887 813 3952 >
822 3904 857 3954 γε
872 3885 877 3955 Ι
894 3886 925 3940 15
943 3879 1034 3953 κάτερ
1050 3880 1212 3950 παντοκρά-

93 3992 143 4042 τορ
160 3982 192 4043 yt
218 3976 225 4036 Ι
252 3976 283 4028 15
301 3969 347 4027 οίὲ
413 3975 445 4026 17
463 3967 607 4041 ἀμαρτίας
624 3990 654 4039 x,
679 3965 694 4025 δ
712 3965 783 4032 θεὸς
801 3963 816 4024 ὁ
838 3965 933 4038 πατὴρ
954 3971 1006 4024 τοῦ
1027 3970 1145 4038 χριστοῦ
1160 3969 1213 4024 τοῦ
1269 3945 1381 4014 ‹Mn-

92 4057 213 4128 ἀμύμον
225 4051 322 4128 ἀμνοῦ
333 4047 366 4120 ὃς
377 4057 455 4126 αίρει
473 4053 527 4126 τὴν
538 4049 684 4124 ἁμαρτίαν
694 4063 726 4123 yt
739 4055 745 4125 Ι
761 4056 793 4108 18
811 4049 928 4126 ἐλέησον
993 4049 1101 4122 κόσμου
1111 4055 1145 4119 >
1156 4059 1187 4118 yt
1205 4051 1209 4119 Ι

95 4147 127 4199 19
144 4140 177 4200 έν
243 4145 278 4196 20
295 4137 373 4211 ἡμᾶς
389 4161 416 4209 x,
436 4136 484 4197 ίπλ
501 4143 558 4196 τῶν
574 4139 727 4212 χερονβείμ
741 4148 773 4209 yt
792 4141 941 4211 [χερονβίμ
959 4139 982 4209 t]
1000 4139 1053 4202 120
1071 4132 1100 4190 εί
1110 4143 1211 4190 utrum·

93 4247 146 4298 que
164 4232 198 4296 >
216 4236 248 4296 μί
271 4230 276 4294 Ι
296 4231 327 4280 21
346 4228 398 4282 τοῦ
416 4228 493 4281 θεοῦ
509 4224 603 4296 κοίτης
621 4227 760 4296 χεννητῆς
778 4224 890 4294 φύσεος
907 4226 959 4278 τοῦ
976 4218 1113 4292 βασιλέως
1130 4214 1213 4290 τΙμῦν

92 4315 126 4382 -Ι-
142 4321 174 4382 yt
193 4312 329 4384 [γενητής
347 4314 434 4380 11121
456 4307 499 4372 είς
564 4303 643 4382 ἀμήν
659 4329 686 4373 x,
704 4299 804 4388 Q
820 4326 863 4364 σοι
883 4304 955 4376 δόξα
972 4301 1039 4376 τιμή
1057 4304 1107 4359 καὶ
1125 4301 1211 4374 σέβας

91 4407 122 4466 yt
136 4401 141 4466 Ι
156 4401 190 4452 22
209 4391 358 4464 ίσπερινός
375 4400 450 4450 inser
467 4415 493 4460 x,
512 4389 659 4465 έσπερινός
675 4390 766 4465 ῦμνος
783 4399 860 4450 inser
875 4413 894 4463 y
909 4392 962 4464 122
980 4383 1070 4446 αύτοῦ
1086 4391 1120 4458 -Ι-
1138 4393 1160 4444 Υ
