3052 4974
303 425 344 487 36
1291 413 1309 482 μ
1329 413 1429 466 ιο-ιο

303 583 439 668 ποιμήν.
470 585 488 622 *
515 581 628 668 ὥσπερ
657 581 695 647 δὲ
723 585 770 669 τῷ
793 583 886 669 καλῷ
914 585 1047 664 ποιμένι
1068 579 1106 644 τό
1133 579 1177 665 μή
1207 578 1428 646 ἀκολουθοῦν

303 683 474 769 πρόβατον
494 685 609 760 λύκοις
631 687 775 748 ἔκκειται
797 685 843 758 εἰς
863 682 1071 767 διαφθοράν,
1096 679 1201 758 οῦτως
1221 685 1269 768 τῷ
1287 685 1426 770 πονηρῷ

303 786 436 870 ποιμένι
450 785 487 851 τό
502 785 722 850 ἀκολουθοῦν
737 785 909 869 πρόδηλον
921 787 987 867 ἔχει
1002 781 1062 848 τὸν
1077 782 1240 866 θάνατον,
1257 782 1308 848 ὅτι
1324 807 1426 848 κατα-

303 888 462 973 τράξεται
484 885 576 952 αύτό.
606 885 659 952 διό
674 887 840 970 φευκτέον
862 883 928 949 άπὸ
943 889 1011 949 τῶν
1032 884 1194 969 φθορέων
1216 887 1400 968 ποιμένων.
1420 887 1425 972 Ι

269 989 363 1054 οτδν
385 989 448 1072 μὲν
476 991 618 1072 ποιμένα
645 987 704 1053 τὸν
731 984 865 1070 ἀγαθὸν
896 983 1050 1062 όλαίκός
1077 985 1219 1070 τιμάτω,
1250 983 1425 1068 ἀγαπάτω,
1439 997 1489 1057 20

303 1093 479 1175 φοβείσθω
502 1086 546 1165 οῦς
567 1093 709 1172 πατέρα,
737 1085 782 1164 άς
804 1087 942 1174 κύριον,
967 1089 985 1126 *
1008 1083 1052 1164 τός
1074 1083 1229 1172 ἀρχιερέα
1248 1091 1354 1170 θεοῦ,
1386 1084 1431 1164 ὦς

304 1191 510 1255 διδάσκαλον
534 1188 719 1275 εὐσεβείας·
744 1187 841 1274 όγάρ
864 1186 999 1254 ἀκούων
1022 1185 1127 1254 αύτού
1139 1192 1278 1273 χριστοῦ
1298 1189 1430 1272 ἀκούει,

303 1297 360 1357 καί
387 1287 529 1357 δαύτόν
555 1291 689 1357 ἀθετεῖν
709 1289 847 1375 χριστόν
868 1289 1000 1373 ἀθετεῖ,
1029 1289 1084 1355 καί
1109 1287 1204 1356 ότῦν
1225 1289 1366 1375 χριστὸν
1383 1289 1429 1374 μιΙ

304 1394 482 1478 δεχόμενος
503 1393 544 1458 ού
561 1394 689 1478 δέχεται
710 1391 770 1458 τόν
792 1389 899 1456 αύτοῦ
921 1391 1005 1456 θεὸν
1033 1391 1088 1458 καὶ
1110 1395 1245 1478 πατέρα.
1291 1390 1431 1477 δύμτῦν

256 1508 286 1558 10
303 1494 386 1580 γάρ,
410 1499 530 1580 φησίν,
553 1493 690 1559 ἀκούων
712 1493 796 1578 έμού
819 1493 952 1576 ἀκούει,
982 1491 1038 1558 καὶ
1061 1491 1079 1558 ό
1106 1490 1191 1578 ὑμᾶς
1212 1491 1349 1559 ἀθετεῖν
1371 1495 1431 1577 ἐμὲ

293 1593 429 1680 ἀθετεῖ,
445 1595 501 1661 καὶ
516 1593 534 1661 ό
550 1595 606 1680 ἐμὲ
623 1593 755 1660 ἀθετεῖν
770 1594 888 1660 ἀθετεῖ
897 1593 956 1660 τὸν
970 1592 1215 1660 ἀποστείλαντά
1229 1619 1279 1680 με.
1306 1591 1432 1679 ὁμοίως

303 1699 321 1736 *
341 1696 358 1763 ό
379 1700 559 1774 ἐπίσκοπος
580 1693 624 1774 οῦς
645 1699 745 1762 τέκνα
766 1695 844 1774 τοῦς
863 1694 1001 1772 λαίκούς
1021 1694 1193 1780 ἀγαπάτω,
1215 1697 1351 1780 θέλγων
1371 1695 1431 1760 καί

303 1805 501 1885 θερμαίνων
528 1804 571 1884 τῇ
598 1801 732 1884 σπουδῇ
755 1805 814 1883 τῆς
842 1797 973 1882 ἀγάπης
998 1795 1043 1874 ἀς
1065 1793 1115 1886 ςόά
1137 1802 1184 1875 είς
1211 1803 1430 1882 περιποίησιν

304 1905 468 1982 υοσσίωυ,
495 1895 518 1984 ἢ
539 1896 583 1976 ως
605 1905 726 1965 νοσσία
748 1897 1005 1984 ἀγκαλιζόμενος
1027 1903 1074 1977 είς
1097 1903 1312 1985 περιποίησιν
1332 1898 1431 1985 ὀρνί-

255 2015 286 2065 15
304 2007 393 2065 θων·
427 2001 555 2077 πάντας
579 2005 771 2084 νουθετοῦν,
806 2001 887 2066 πᾶσι
918 2013 988 2078 τοῖς
1015 2005 1226 2086 πληκτισμοῦ
1255 1999 1432 2085 δεομένοις

306 2101 523 2186 ἐπιπλήσσων
547 2099 633 2166 ἀλλά
646 2099 690 2185 μιΙ
713 2101 884 2187 πλήσσων,
905 2103 923 2142 *
945 2099 1132 2183 ύποπιέζων
1148 2106 1194 2180 είς
1211 2101 1393 2188 ἐντροπήν,
1411 2105 1432 2141 *

304 2204 481 2269 νουθετοῦν
504 2205 550 2280 είς
573 2202 799 2289 ἐπιστροφήν,
827 2203 988 2287 ἐπιτιμῶν
1011 2206 1057 2280 είς
1081 2203 1267 2286 διόρθωσιν
1290 2202 1346 2269 καὶ
1370 2203 1432 2269 εύ-

303 2304 433 2390 θύτητα
451 2308 600 2390 πορείας·
618 2303 655 2370 τὸ
672 2303 811 2389 ίσχυρδυ
826 2303 1024 2390 φυλάσσων,
1043 2303 1134 2370 τοῦτ’
1152 2309 1222 2372 ἐστι
1237 2305 1275 2371 τδ
1290 2305 1432 2390 ἑδραῖον

303 2409 345 2491 τῇ
366 2411 475 2472 πίστει
497 2405 647 2492 ἀσφαλὲς
663 2411 787 2492 τηροῦν,
809 2403 870 2470 τὸν
889 2404 972 2471 λαὸν
992 2409 1168 2492 εἰρηνικῶς
1189 2411 1396 2491 ποιμαίνων,
1415 2411 1429 2494 ΙΙ

253 2506 341 2571 20τό
364 2507 609 2591 ἐνοχλούμενον
637 2507 820 2592 ἐνισχύων,
850 2505 942 2572 τοῦτ’
967 2511 1035 2573 ἔστι
1058 2506 1096 2572 τό
1118 2509 1358 2593 πειραζόμενον
1389 2509 1485 2580 ένοιο

305 2611 346 2692 τῇ
361 2613 524 2694 νουθεσίᾳ
541 2613 787 2695 στερροποιῶυ’
807 2607 845 2674 τό
864 2607 1063 2695 άρρωστοῦυ
1079 2609 1229 2694 ίοόμενος,
1248 2609 1338 2676 τοῦτ’
1356 2613 1430 2676 ἔστι

304 2707 342 2772 τὸ
371 2711 498 2773 νοσοῦν
528 2709 565 2773 ἐκ
597 2713 655 2792 τῆς
684 2714 826 2786 πίστεως
854 2709 893 2775 ἐν
918 2711 1070 2798 διχονοίᾳ
1093 2712 1149 2776 διά
1178 2717 1236 2797 τῆς
1262 2713 1430 2779 διδασκα-

372 2914 465 2964 οτιιι
487 2915 526 2978 ιο,
547 2915 578 2964 ιο

306 3101 317 3152 1
342 3098 391 3152 καὶ
413 3092 521 3152 ούδὲνα
541 3098 625 3166 λόγον
644 3094 770 3168 ἐμαυτοῦ
788 3099 925 3169 ποιοῦμαι
946 3104 1115 3172 [πεποίημαι
1135 3104 1175 3174 εΙ,
1198 3095 1263 3158 ἀλλ’
1281 3097 1297 3158 δ
1314 3100 1431 3174 ποιμὴν

304 3177 408 3248 ὄψεται
421 3183 471 3238 καὶ
485 3177 571 3246 αύτός
583 3180 670 3252 μόνος
689 3181 933 3253 είσπραχθησεται
952 3183 1005 3254 τὴν
1023 3183 1095 3252 ύπ1ρ
1114 3182 1186 3254 ἐμοῦ
1198 3190 1284 3258 δίκην
1300 3189 1334 3257 -Ι-
1350 3197 1402 3256 yzt
1422 3190 1428 3258 Ι

306 3270 318 3318 1
334 3265 423 3332 δέκα,
438 3263 561 3336 γάργτλζ
579 3269 761 3337 1ποιμαίνιιτ
776 3273 780 3334 Ι
799 3265 864 3337 1τὸΙ
877 3271 942 3322 τοῖιν
957 3274 959 3336 Ι
976 3265 1190 3334 Ιάκολονθόνυ
1206 3274 1211 3340 Ι
1226 3269 1406 3341 strumum
1421 3277 1426 3340 Ι

304 3343 406 3403 2ούτω
418 3359 467 3417 yzt
481 3353 485 3418 Ι
501 3355 517 3404 3
535 3355 668 3420 ποιμαίνι
682 3373 715 3420 ιν,
734 3351 856 3420 ποιμένη
876 3373 889 3405 z
906 3356 909 3420 Ι
926 3357 941 3408 3
962 3347 1135 3410 ἀκολουθοῦν
1152 3377 1176 3410 τι
1197 3357 1201 3424 Ι
1220 3361 1236 3409 4
1254 3353 1429 3424 κατατρόξε·

304 3451 352 3486 ται
370 3453 384 3484 z
406 3435 409 3500 Ι
429 3427 574 3488 -1αύτιόπ
594 3437 599 3504 Ι
619 3443 635 3490 4
654 3439 812 3505 φευκταίον
830 3457 853 3489 w
874 3438 879 3507 Ι
898 3442 914 3490 1
933 3436 1070 3506 φθορέων
1087 3449 1165 3508 xyzt,
1190 3443 1271 3508 φθορ
1294 3459 1309 3495 ο
1333 3443 1428 3495 ποιάν

304 3535 328 3568 w
347 3519 453 3570 duabus
472 3521 562 3572 literis
581 3525 677 3586 erasis,
698 3525 726 3574 in
744 3527 867 3591 margine
885 3543 903 3590 γ
921 3519 979 3576 ἀπὸ
998 3525 1054 3577 τάν
1071 3527 1262 3593 φθοροποιοῦν
1279 3523 1428 3594 ποιμένων

304 3603 309 3667 Ι
334 3602 351 3650 5
369 3597 465 3667 μέντοι
478 3611 508 3668 yt
523 3607 527 3668 Ι
543 3606 558 3655 5
571 3608 713 3673 ποιμαίνει
724 3627 747 3661 w
762 3606 768 3676 Ι
783 3611 799 3660 5
809 3605 916 3676 τιμάτω
926 3600 1066 3676 ἀγαπάτω
1078 3619 1150 3676 xyzt,
1169 3612 1362 3679 πειθαρχείτω
1374 3609 1427 3664 καλ

304 3701 328 3735 w
343 3683 348 3752 Ι
363 3685 380 3736 6
397 3677 434 3746 ἀς
452 3683 561 3752 πατέρα
578 3691 612 3754 >
631 3697 641 3741 t
661 3691 665 3752 Ι
685 3691 701 3742 ό
718 3685 755 3752 ιύς
775 3687 917 3760 δεσπότην
935 3693 968 3760 -Ι-
985 3701 1032 3760 yzt
1052 3695 1056 3760 Ι
1077 3697 1091 3744 7
1111 3686 1270 3763 εύσεβίαςγ
1286 3695 1290 3762 Ι
1306 3687 1428 3748 λαύτού

304 3761 476 3836 α’κούωνγτὶ
496 3775 500 3836 Ι
524 3774 553 3823 12
571 3771 621 3825 καλ
639 3774 672 3841 -Ι-
690 3793 713 3825 w
734 3781 738 3836 Ι
760 3779 790 3828 12
810 3772 923 3844 θέλγων
940 3793 995 3842 wx,
1020 3775 1142 3830 θάλπων
1160 3780 1229 3845 yztl
1253 3779 1283 3832 18
1301 3781 1426 3847 θερμαί-

305 3871 363 3906 νων
375 3871 428 3916 wx,
448 3853 571 3923 στέργων
582 3865 628 3925 yzt
643 3858 647 3926 Ι
667 3859 695 3910 15
714 3861 801 3913 πᾶσιν
813 3881 830 3914 x
846 3860 851 3930 Ι
869 3865 898 3914 15
912 3863 1140 3931 διαπληκτισμοῦ
1150 3881 1184 3929 yz
1205 3861 1235 3931 Ιά
1248 3864 1278 3931 y]
1295 3867 1300 3928 Ι
1318 3865 1349 3916 15
1363 3858 1425 3917 lm-

306 3935 454 4007 δεομένοις
472 3947 483 3991 t
504 3943 507 4008 Ι
531 3943 560 3992 111
577 3943 686 4010 μᾶλλον
705 3940 736 3996 δὲ
754 3947 788 4011 -Ι-
806 3963 829 3996 w
845 3945 849 4013 Ι
873 3947 903 3998 16
920 3939 1087 4012 ῦποπιάζων
1103 3954 1158 4014 yzl
1177 3947 1206 3999 16
1228 3939 1300 4000 ἀλλά
1324 3945 1363 4016 μή
1383 3944 1429 4010 είς

304 4016 472 4092 ἀνατροπὴν
494 4025 527 4092 -Ι-
545 4035 591 4092 γτ1
611 4027 615 4094 Ι
638 4029 667 4079 17
692 4027 741 4081 καὶ
844 4031 873 4082 19
896 4032 990 4098 τηρῶν
1012 4033 1046 4096 >
1069 4049 1093 4082 w
1117 4032 1120 4100 Ι
1150 4033 1179 4083 18
1203 4029 1310 4099 πορέας
1332 4050 1346 4084 τ
1367 4032 1371 4100 Ι
1395 4035 1428 4084 18

305 4103 451 4176 φυλάττον
475 4111 511 4173 x!
531 4111 560 4161 18
582 4107 657 4165 ἐστιν
680 4131 712 4164 xz
734 4113 791 4180 Ι-111
814 4117 937 4180 τυροῦντ
958 4117 962 4181 Ι
991 4117 1020 4168 19
1044 4113 1179 4185 ποιμένεν
1205 4119 1250 4178 W,
1275 4112 1428 4185 ποιμένων

304 4197 352 4258 w!
379 4197 412 4244 20
435 4189 512 4246 ἐστιν
529 4215 546 4246 x
573 4205 576 4266 Ι
601 4192 797 4250 2011οτὸνιν
822 4199 827 4266 Ι
851 4201 885 4251 20
903 4193 934 4252 ἐν
951 4201 986 4264 >
1003 4219 1026 4250 w
1053 4201 1057 4262 Ι
1082 4203 1112 4252 21
1133 4195 1251 4268 στερρόν
1271 4205 1370 4253 ποιεῖν
1391 4219 1426 4270 w,

304 4273 471 4342 στεροποιόν
490 4297 506 4331 x
527 4280 531 4346 Ι
554 4282 585 4331 21
606 4276 682 4333 ἐστιν
700 4299 716 4333 x
742 4285 746 4346 Ι
770 4285 803 4335 22
820 4278 870 4336 τὸν
888 4283 940 4350 [ita
959 4286 1042 4337 etiam
1061 4283 1087 4352 τΙ
1109 4286 1249 4338 νοσοῦντα
1266 4285 1312 4354 τῆι
1331 4285 1427 4341 πίστει

304 4377 327 4411 w
347 4359 352 4430 Ι
373 4366 405 4414 22
430 4357 461 4416 ἐν
481 4365 611 4431 διχονοίᾳ
629 4367 662 4430 >
680 4385 704 4417 w
