3120 4980
117 345 187 400 VIII

115 517 171 603 qui
188 518 229 582 ab
241 516 423 605 Hippolyto
439 538 574 584 romano
591 519 808 606 conscriptum
826 531 859 586 et
874 532 995 608 postea,
1013 543 1110 609 quum
1127 543 1192 586 non
1208 535 1311 608 pauc'e
1399 585 1403 596 ,

114 626 232 690 inferta
253 627 406 709 luissent,
434 626 475 690 sd
496 626 739 692 constitutiones
762 630 955 714 apostolicas
977 629 1122 694 additum
1147 649 1217 694 esse
1242 651 1309 694 crc-

115 734 240 798 derent.
281 755 459 823 provocare
483 735 588 800 solent
610 735 651 798 ad
672 736 748 801 libri
772 737 875 802 octavi
900 740 1035 802 formam
1059 759 1146 819 eam,
1171 759 1268 823 quana
1293 759 1310 802 e

117 840 233 908 Grabii
254 843 452 930 apographo
465 842 588 930 primus
611 842 655 906 A.
674 843 842 909 Fabricius
863 844 978 927 edidit,
1008 867 1069 932 ego
1093 845 1126 909 in
1143 845 1205 912 hoc
1220 844 1310 909 volu'·

115 951 203 1015 mine
227 973 245 1016 e
268 950 352 1016 libro
375 951 561 1016 monacensi
584 973 703 1036 grecam
728 953 811 1033 380,
839 975 1038 1018 summorum
1055 955 1195 1019 virorum
1213 955 1309 1018 bene·

114 1059 256 1126 volentia
271 1059 349 1122 milri
366 1058 540 1146 permisso,
569 1059 705 1148 repetivi
730 1060 770 1148 (Ι.
787 1061 848 1148 ΙΙ).
885 1061 942 1126 sod
969 1060 1069 1126 libros
1087 1059 1308 1128 vindobonen-

114 1190 194 1249 sem,
217 1167 455 1248 barocciaarim,
479 1189 706 1232 monacensem
731 1189 769 1232 ex
788 1191 852 1233 uno
869 1169 1049 1256 eademque
1068 1171 1156 1234 fonte
1179 1153 1309 1234 fluxisse

115 1285 240 1340 eertum
268 1284 317 1338 est
343 1275 535 1340 lectionibus
564 1275 614 1363 (ut
640 1286 762 1342 ceteras
790 1277 928 1365 taceam)
960 1277 1180 1342 insulsissimis
1205 1276 1308 1341 hisce:

115 1390 148 1448 τὸ
166 1397 222 1457 τῆς
239 1385 397 1457 ἐκκλησίας
414 1396 519 1457 σκεῦος
543 1383 692 1450 editionis
709 1406 800 1449 meae
820 1386 940 1474 pagina
956 1387 988 1468 b,
1007 1388 1038 1469 5,
1069 1369 1166 1474 quum
1183 1407 1312 1472 semper

117 1494 247 1579 ἐκλογῆς
263 1505 369 1566 σκεῦος
384 1491 505 1557 Paulus
521 1501 664 1574 vocetur,
684 1503 848 1580 aavapopst
868 1518 900 1581 p.
918 1496 949 1577 8,
967 1496 1021 1576 33,
1040 1497 1138 1580 δήμου
1156 1518 1186 1580 p.
1201 1495 1232 1574 8,
1257 1495 1308 1556 26.

114 1600 142 1664 si
165 1600 266 1686 igitur
289 1601 382 1665 unius
405 1599 524 1666 codicis
548 1622 589 1664 cx
613 1601 803 1666 octateucho
825 1602 881 1666 illa
905 1602 1207 1691 pseudoapostolico
1231 1601 1310 1664 hau·

113 1708 194 1772 sisse
216 1727 251 1772 se
272 1708 422 1774 librarius
445 1708 539 1790 dicit,
569 1709 665 1772 etiam
687 1708 829 1795 reliquos
851 1733 963 1781 omues
984 1733 1049 1775 non
1072 1711 1209 1776 sormam
1235 1709 1310 1772 libri

115 1816 219 1880 octavi
242 1817 406 1904 puriorem
422 1817 617 1898 servavisse,
643 1816 701 1880 sed
718 1839 757 1880 ex
776 1829 890 1882 octavo
906 1819 989 1884 libro
1006 1841 1089 1906 quae
1105 1819 1158 1882 vel
1173 1815 1309 1882 Iohanni

114 1925 306 1990 scholastico
335 1925 388 1989 vel
415 1924 531 1990 Photio
558 1947 618 2013 pro
646 1926 770 1990 consilii
801 1925 927 1990 ratione
959 1926 1101 1992 maxime
1131 1925 1312 1990 arrisissent

114 2031 284 2097 credemus
312 2031 574 2119 transscripsissc.
620 2043 652 2097 et
678 2053 714 2096 se
745 2055 786 2098 ex
817 2034 1096 2100 constitutionibus
1128 2032 1311 2122 apostolicis

115 2150 294 2205 mutuatum
320 2163 391 2206 esse
414 2141 584 2228 profitetur
602 2141 722 2207 codicis
743 2143 945 2208 menacensis
966 2143 1116 2208 librarius
1141 2141 1191 2208 cd.
1216 2142 1311 2206 huius

113 2271 145 2336 p.
164 2250 203 2313 ll
221 2249 336 2314 media
369 2248 457 2314 credi
474 2259 581 2314 nmen
598 2259 705 2337 potest
720 2250 919 2338 patriarchas
935 2251 1008 2314 illos
1026 2249 1310 2338 constantinopoli-

113 2365 217 2440 tanos,
232 2380 311 2443 quos
331 2357 412 2424 haec
429 2357 621 2422 delibavisse
638 2358 817 2445 suspicatus
833 2381 914 2439 sum,
929 2357 1087 2444 quaedam
1104 2359 1137 2422 in
1153 2357 1217 2422 suis
1235 2379 1310 2422 con-

116 2464 316 2530 stitutionum
335 2465 499 2531 codicibus
519 2489 584 2531 uon
601 2465 761 2548 habuisse,
788 2488 870 2553 quae
887 2489 945 2532 nos
961 2466 1117 2552 legimus,
1143 2466 1219 2530 lieet
1240 2487 1310 2528 eam

117 2575 159 2638 ob
185 2596 313 2639 causam
337 2574 399 2639 hoc
423 2575 491 2640 veri
514 2573 624 2639 simile
634 2597 698 2639 non
715 2574 885 2656 videatur,
904 2575 990 2662 qued
1008 2576 1113 2663 capita
1127 2597 1192 2640 non
1208 2595 1311 2660 pauca

115 2685 156 2746 ab
172 2681 235 2746 illis
248 2704 313 2746 non
330 2681 491 2768 exscripta
506 2681 539 2744 in
557 2681 680 2746 oriente
695 2681 832 2746 inveniri
849 2705 923 2746 mox
940 2681 1130 2747 videbimus.
1149 2703 1254 2768 neque
1269 2701 1309 2744 ex

116 2789 244 2854 dicendi
261 2789 384 2854 ratione
403 2787 577 2876 quidquam
599 2788 694 2854 facile
710 2789 751 2853 de
769 2801 900 2855 auctore
923 2790 1196 2855 extricaverimus.
1235 2812 1310 2854 narn

115 2897 315 2986 Hippolytus
338 2897 545 2962 redimendas
569 2897 708 2986 primum
726 2907 776 2962 est
796 2919 814 2962 e
831 2897 1061 2964 monachorum
1079 2898 1216 2978 catenis,
1241 2897 1310 2984 qui-

115 3006 175 3070 bus
191 3006 370 3072 miserrime
387 3005 567 3070 lancinatus
583 3015 616 3069 et
632 3026 736 3092 paene
751 3005 784 3069 in
802 3005 903 3068 frusta
919 3005 1077 3070 dissectus
1093 3006 1147 3070 vix
1163 3005 1308 3094 spiritum

115 3115 222 3178 trahit.
267 3125 302 3179 ut
332 3127 381 3180 est
412 3115 553 3202 paedore
582 3116 728 3179 obtectus
756 3107 986 3202 vermibusque
1017 3137 1145 3179 arrosus
1176 3125 1310 3202 propter

116 3247 269 3310 magnam
296 3245 384 3288 suem
410 3223 551 3288 iudicum
575 3223 789 3288 reverentiam
814 3245 922 3287 coram
946 3223 1098 3287 tribunali
1124 3245 1311 3310 comparere

116 3330 259 3396 nondum
275 3332 381 3396 audet.
415 3333 552 3396 multum
567 3355 646 3398 voro
664 3334 763 3415 abest,
781 3343 817 3395 ut
832 3331 911 3396 mihi
928 3333 1006 3397 velit
1021 3330 1230 3420 respondere.
1254 3331 1307 3418 qui

115 3462 181 3504 non
197 3439 294 3503 iudex
311 3441 389 3521 sim,
418 3440 476 3504 scd
492 3463 606 3506 causae
623 3440 796 3529 apparitor.
836 3441 964 3505 videtur
980 3450 1087 3506 tamen
1103 3441 1308 3506 consideran-

116 3548 191 3611 dum
209 3567 292 3628 csse,
318 3548 449 3634 regulas
465 3550 524 3612 sub
541 3547 715 3636 Hippolyti
738 3549 869 3614 nomine
891 3549 1090 3614 circumferri
1112 3548 1222 3612 solitas
1244 3569 1309 3612 non

114 3655 253 3738 Romae,
270 3655 377 3720 sedin
394 3655 517 3720 oriente
533 3655 714 3744 Hippolyto
732 3657 888 3738 adscribi,
911 3657 956 3720 ita
972 3657 1054 3720 utin
1071 3655 1193 3721 oriente
1213 3655 1309 3719 etiam

115 3765 250 3852 scriptas
273 3785 343 3829 csse
360 3763 427 3828 veri
444 3763 547 3828 simile
563 3764 612 3827 sit.
643 3765 706 3828 iam
723 3765 749 3828 si
772 3764 904 3830 eaedem
921 3763 1140 3851 apostolorum
1157 3763 1308 3828 constitu·

114 3872 217 3938 tiones
234 3883 400 3952 vocantur,
426 3872 580 3959 sequitur,
608 3882 645 3936 ut
668 3872 779 3938 similis
796 3873 977 3960 Hippolyto
1001 3871 1047 3936 illi
1067 3893 1140 3935 eum
1157 3869 1309 3958 apostolis

115 3981 288 4045 necessitas
304 3979 523 4045 intercessisse
541 3979 664 4044 credita
679 3981 735 4062 sit,
756 4003 851 4066 quam
869 3979 1029 4045 Clementi
1046 4000 1190 4044 romano.
1227 3977 1308 4065 Ilip-

114 4090 264 4177 polytum
286 4111 363 4155 vcro
388 4096 541 4177 γνώριμον
564 4102 625 4154 τῶν
649 4091 826 4153 ἀποστόλων
851 4089 1050 4152 nominatum
1073 4087 1252 4152 invenimus
1275 4084 1309 4148 in

114 4195 315 4286 Aegypto¹).
341 4197 398 4262 scd
415 4209 544 4286 practer
561 4196 803 4262 constitutiones
820 4197 1011 4284 apostolicas
1028 4207 1101 4262 octo
1119 4218 1202 4260 nunc
1218 4193 1309 4259 libris

196 4413 213 4464 ¹)
228 4411 250 4454 ia
259 4442 264 4452 .
272 4441 277 4452 .
285 4443 290 4454 .
298 4411 424 4468 βιβλιὸαρίῳ
439 4412 616 4470 ἐπιγιγραμμένῳ
625 4411 752 4456 “tanatem
762 4414 801 4455 aab
811 4413 924 4468 γνωρίμου
933 4411 979 4454 τῶν
990 4409 1120 4454 &nandium
1134 4410 1199 4464 ιῠρον
1213 4409 1310 4464 διήγημα

115 4485 223 4527 τοιοῦτον.
248 4488 361 4527 l'altadlm»
376 4487 455 4527 histor.
470 4489 570 4528 lausiaca
585 4499 606 4537 p.
620 4489 658 4527 125
673 4487 707 4526 ed.
720 4489 803 4527 Meurs.
815 4499 835 4526 a.
848 4489 908 4526 toto.
934 4487 1022 4526 I'abrlc.
1041 4485 1096 4526 bibl.
1112 4497 1187 4533 graec.
1201 4491 1254 4524 tom.
1264 4483 1308 4524 vu

114 4569 137 4608 ρ.
151 4559 189 4598 107
204 4571 226 4599 n.
242 4561 268 4598 80
283 4561 318 4598 ed.
335 4559 424 4598 tranas.
