3128 4972
648 468 860 528 ..39-

151 635 318 701 vavorint:
343 637 506 700 Joannem
529 642 564 699 et
584 635 775 720 Philippum
798 636 979 719 spostolus,
1001 636 1222 719 Polycarpum
1243 637 1355 720 Smyr·

150 778 288 822 nensem
312 765 346 820 et
369 757 559 833 Thraseam,
582 756 740 839 Sagarem
763 763 798 820 et
818 754 985 838 Papirium
1009 761 1043 820 et
1065 754 1261 819 Melitonem
1281 757 1355 819 Sar-

56 869 66 880 *
151 877 300 942 densem.
335 874 521 960 Apolinarii
537 883 648 940 autem
664 897 783 939 nomen
800 875 905 940 deest.
939 873 1046 958 Atqui
1062 875 1226 958 quomodo
1244 875 1355 958 apolo-

151 1004 266 1081 getam
288 994 538 1060 celeberrimum
557 995 711 1060 omittere
726 994 838 1079 potuit
854 995 881 1058 si
898 994 939 1058 ab
955 993 1058 1079 ipsius
1074 1002 1168 1078 parte
1184 992 1356 1058 stetisset?

151 1117 257 1180 Nullo
273 1115 373 1180 modo
389 1114 461 1179 fieri
480 1117 544 1178 hoc
565 1114 687 1200 potuit.
726 1115 822 1179 Unde
843 1122 995 1198 apparet,
1021 1113 1249 1199 Apolinarium
1271 1113 1357 1177 occi·
1448 1172 1449 1175 ,
1482 1090 1489 1098 ’

152 1236 322 1300 dentalem
346 1257 443 1298 usum
466 1244 617 1298 seoutum
640 1257 778 1318 eamque
802 1235 844 1299 ob
868 1257 1000 1298 causum
1023 1235 1234 1319 aP‘olycrste
1258 1233 1357 1298 omis·

152 1379 226 1420 sum
250 1377 340 1433 esse;
366 1354 399 1418 id
424 1356 511 1439 quod
534 1361 623 1418 recte
643 1357 770 1434 Bsuu¹,
791 1355 1000 1433 Wrsssnus²,
1021 1355 1268 1427 H11.osursrn³,
1290 1373 1356 1418 ves

151 1477 318 1540 Lusuwus·
326 1477 348 1554 ⁴,
362 1477 556 1540 Scuoarss⁶
564 1475 811 1559 judicaverunt.
839 1475 922 1537 Cum
939 1473 1042 1558 igitur
1053 1473 1266 1558 Apoliuarius
1283 1495 1357 1536 curn

153 1595 417 1660 occidentalibus
434 1594 577 1672 steterit,
592 1617 657 1658 non
675 1603 736 1673 est,
751 1595 838 1658 unde
856 1593 1063 1676 colligamus,
1078 1615 1145 1672 eos,
1162 1617 1243 1676 quos
1255 1616 1357 1677 oppu-

153 1715 318 1800 gnaverit,
333 1714 641 1798 quartodecimanos
658 1738 676 1778 a
693 1713 867 1779 catholicis
882 1697 1180 1797 quartodecimanis
1194 1711 1295 1776 fuisse
1309 1712 1357 1775 di·

155 1858 279 1900 versos.
301 1836 412 1899 Quare
422 1843 512 1899 recte
522 1833 638 1919 opinor
648 1842 845 1913 statuemus,
857 1834 932 1898 illos
943 1856 1057 1898 revera
1066 1833 1168 1896 fuisse
1180 1832 1279 1896 Asiae
1291 1831 1358 1915 epi-

153 1979 274 2039 scopos
290 1964 391 2038 atque
408 1955 575 2018 ecclesias.
587 1992 628 2001 -
645 1957 730 2019 Sane
747 1954 774 2018 si
790 1953 1014 2038 Apolinarius,
1027 1953 1201 2038 episeopus
1217 1951 1354 2015 Hiera·

153 2076 386 2161 politanus,
410 2099 507 2164 usum
530 2081 664 2138 secutus
689 2081 741 2138 est
764 2072 1014 2152 occidentalem,
1040 2074 1161 2157 liquet,
1187 2072 1358 2156 episcopos

155 2196 299 2260 Asianos
322 2218 389 2259 non
413 2196 454 2259 ad
477 2218 577 2258 unum
602 2216 716 2258 omnes
740 2216 818 2258 suae
846 2194 1004 2258 ecclesiae
1030 2193 1130 2257 ritum
1158 2191 1355 2256 defendisse.

155 2317 309 2380 Quocum
332 2315 467 2380 minime
491 2315 667 2399 discrepat,
689 2315 775 2397 quod
792 2314 956 2378 Eusebius
976 2314 1118 2391 narrat&
1136 2311 1241 2376 totius
1259 2311 1358 2375 Asiae

156 2435 314 2500 ecclesias
344 2435 430 2498 diem
460 2443 613 2518 quartum
643 2434 807 2498 decimum
835 2435 1038 2498 observasse.
1085 2432 1182 2496 Licet
1210 2431 1296 2494 enim
1325 2430 1358 2494 in

155 2555 345 2620 universum
368 2555 582 2619 ecclesiarum
604 2553 800 2618 Asianorum
820 2553 931 2631 fuerit,
954 2556 1041 2617 hunc
1063 2552 1149 2623 diem
1171 2553 1356 2630 observare,

156 2682 269 2740 tamen
293 2675 346 2739 hio
371 2683 405 2738 et
428 2674 485 2738 ille
509 2675 667 2738 desedere
690 2673 843 2766 potuita
867 2681 1050 2738 ceterorum
1075 2671 1324 2736 consuetudine.

242 2799 273 2860 3.
307 2794 546 2859 Gravissimum
579 2793 720 2877 denique
752 2802 984 2877 argumentum
991 2843 1001 2872 ,
1035 2815 1099 2876 quo
1132 2814 1204 2870 eos,
1239 2791 1295 2876 qui
1325 2791 1359 2854 in

158 2915 354 2998 fragmentis
386 2912 533 2978 chronici
566 2913 732 2998 paschalis
768 2922 1017 2997 oppugnantur,
1051 2911 1359 2996 quartodecimanos

158 3057 233 3099 vere
257 3034 440 3099 catholicas
463 3026 563 3098 ¹Asiae
588 3032 744 3098 ecclesias
768 3033 869 3097 fuisse
892 3033 1068 3116 probetur,
1094 3055 1135 3096 ex
1156 3032 1294 3096 Eusssn
1318 3033 1358 3095 de

158 3157 316 3240 paschate
337 3153 441 3218 libro⁷
464 3153 644 3238 petendum
665 3161 727 3232 est,
751 3174 848 3236 quem
869 3151 969 3215 miror
987 3152 1085 3235 piane
1106 3152 1213 3214 adhuc
1235 3151 1360 3235 fugisse

158 3274 302 3338 virorum
326 3274 499 3338 doctorum
522 3272 706 3336 scientiam.
743 3253 834 3335 xCum
857 3277 969 3336 autem
992 3272 1079 3334 hunc
1104 3270 1223 3334 librum
1248 3273 1360 3357 paucis

160 3394 200 3458 ad
221 3417 356 3458 manum
381 3415 452 3457 esse
476 3393 605 3478 opiner,
636 3414 674 3456 ea
697 3393 767 3476 ejus
792 3390 917 3475 capita,
949 3413 1031 3474 quae
1055 3391 1097 3455 ad
1120 3405 1267 3456 nostram
1291 3415 1362 3457 rem

161 3512 405 3595 dijudicandam
428 3513 607 3597 plurimum
630 3520 712 3597 puto
737 3513 856 3590 valere,
882 3511 935 3575 hio
958 3511 1089 3595 integra
1112 3513 1274 3577 exscribo.

246 3754 256 3786 ¹
276 3752 376 3816 Theol.
394 3753 535 3827 Jahrbo„
555 3761 649 3831 1848,
666 3779 694 3837 p.
716 3757 787 3818 278.

246 3838 432 3904 'ltsurna's
448 3839 675 3920 separarum,
693 3845 752 3903 vol.
770 3847 823 3916 64,
841 3865 870 3921 p.
888 3842 959 3903 127.

246 3925 257 3957 ³
282 3924 383 3987 ideal.
404 3925 551 3998 Jahrbb„
577 3933 675 4003 1849,
699 3950 727 4008 p.
750 3932 821 3990 243.
846 3932 908 3988 249
929 3950 973 4006 sq.
995 3962 1034 3971 -
1060 3928 1153 4000 1857,
1176 3950 1205 4007 p.
1228 3925 1299 3986 527.
1321 3958 1363 3968 -

159 4007 353 4082 Paschustr„
371 4037 400 4094 p.
418 4018 490 4075 255.
508 4018 579 4075 256.
597 4019 727 4075 271-
745 4011 906 4083 Zeitschr„
926 4017 1019 4087 1861,
1035 4036 1064 4093 p.
1082 4018 1143 4074 808
1160 4034 1203 4091 sq.

246 4096 257 4127 ⁴
273 4101 321 4160 De
336 4102 426 4162 sacris
442 4102 644 4180 paschalibus,
664 4123 693 4180 p.
711 4106 760 4161 55.

246 4181 258 4213 ³
274 4181 338 4244 Hei
354 4203 400 4246 ev.
417 4204 497 4244 noar
512 4182 598 4256 Jon,
617 4209 645 4266 p.
664 4191 713 4248 16.
731 4190 803 4248 415.

246 4267 259 4300 ⁶
274 4273 316 4330 H.
332 4273 370 4332 E.
386 4275 423 4345 V,
440 4269 491 4345 23,
508 4275 536 4332 l.

246 4352 355 4430 'Man
372 4359 451 4418 Nov.
468 4365 546 4437 patr.
563 4357 638 4417 bibl.
655 4359 709 4430 IV,
726 4360 905 4418 209-216.
