3120 4980
331 499 368 552 18
396 492 526 564 ἀληθές.

331 609 368 661 19
396 605 457 664 ἀπὸ
475 618 584 670 mm.

328 717 378 770 19.
394 717 435 768 20
460 715 509 772 καί
525 714 649 794 χριστός
665 709 707 782 είς
724 737 761 772 τυ.

328 825 369 878 26
395 823 466 903 ὅπερ
483 823 526 902 μὴ
543 819 629 902 έχειί
646 854 688 864 -
707 819 874 892 ἀπολέσας.

325 933 367 988 28
392 925 517 1010 έλαβον,
535 923 585 988 διὰ
602 935 689 988 τοῦτο
705 933 888 1013 περιέμεινα.
910 947 985 990 mox
1002 947 1047 988 vs·
1067 933 1107 988 30
1126 930 1282 1010 αἱρέσεων.

326 1041 364 1096 81
392 1025 488 1106 uda
504 1034 564 1114 δεῖ,
589 1033 702 1098 δίκαιόν
719 1039 793 1114 έστι,
817 1036 964 1114 καθήκειρ
988 1033 1043 1098 vix
1059 1055 1200 1119 unquam
1216 1041 1356 1119 κέκριται.

257 1139 300 1205 53
348 1149 366 1204 2
395 1139 577 1230 [πρό]δηλον
603 1147 661 1221 †.

348 1258 365 1312 3
392 1258 464 1323 τοὺς
479 1259 553 1314 ante
570 1251 723 1324 ἐλθόντας
736 1272 780 1313 vs.
796 1258 814 1310 4
829 1249 957 1336 ponitur
974 1259 1006 1315 et
1022 1248 1300 1314 ἀπολλυμένων
1316 1250 1438 1314 abesse.

350 1367 365 1420 1
391 1361 470 1424 θεοῦ
486 1364 604 1445 πατρός
620 1367 670 1424 καί
686 1364 751 1432 ένάς
771 1359 882 1430 Ἰησοῦ.

347 1475 366 1529 8
391 1478 466 1531 ω
478 1467 521 1530 22
534 1467 668 1539 Num]
685 1465 801 1548 scribo,
814 1477 849 1531 ut
865 1466 921 1530 sit:
939 1475 988 1530 καί
1004 1475 1060 1550 μία
1073 1469 1211 1540 ἐκκλησία
1224 1473 1285 1532 ε’στί
1296 1475 1346 1530 καί
1360 1471 1389 1530 ἓν
1404 1467 1437 1550 β.

391 1597 467 1640 mox
483 1597 530 1639 vs.
551 1583 568 1638 9
586 1597 650 1639 non
671 1575 818 1654 λύεσθαι,
842 1573 900 1639 sed
923 1573 1150 1661 ἀποδοκιμάσαι
1171 1582 1255 1659 ἡμᾶς
1274 1573 1367 1662 [Mth.
1384 1576 1441 1638 xxi

391 1683 434 1747 42
463 1696 516 1756 ssss:
540 1681 627 1747 Petr.
651 1707 672 1747 α
693 1682 716 1746 ii
740 1681 774 1772 4]
793 1682 845 1746 vel
867 1685 1023 1755 ἀθετῆσαι
1044 1689 1129 1768 ἡμᾶς
1148 1679 1236 1770 [Gal.
1262 1682 1295 1746 iii
1315 1681 1369 1772 15]
1388 1683 1439 1746 vel

395 1790 595 1868 έξουθενόσαι
617 1799 647 1865 ἡ.
666 1789 754 1880 [Aet.
771 1791 803 1855 iv
821 1790 875 1880 11]
892 1790 945 1856 vel
967 1797 1124 1879 ἀκυρῶσαι
1140 1799 1171 1866 ἡ.
1191 1790 1303 1881 [Mare.
1322 1791 1363 1854 vii
1382 1790 1435 1880 13]

388 1900 441 1966 vel
457 1903 654 1966 ἀπείπασθαι
671 1907 701 1973 ἡ.
722 1897 811 1988 [Cor.
829 1900 850 1985 β
867 1899 899 1963 iv
917 1898 951 1989 2]
973 1931 1010 1956 =
1029 1878 1200 1972 dnh.

329 2017 366 2071 12
392 2015 577 2097 πράττοντες
593 2017 664 2083 τοὺς
680 2013 806 2092 ἀνόμως
822 2016 920 2096 παρὰ.

326 2127 365 2180 14
391 2117 581 2202 βαπτίσματι
599 2119 798 2204 βαπτίσωμεν
814 2124 864 2182 καί
880 2119 961 2182 ένθα
976 2165 983 2180 .
1000 2167 1008 2180 .
1024 2167 1032 2181 .
1047 2117 1180 2198 δέδοται,
1197 2120 1409 2204 ἀριασθιῖισιν.

239 2259 250 2290 ι
327 2235 365 2288 18
390 2219 557 2298 0111851111)
577 2229 637 2292 ἀπὸ
655 2219 799 2298 ὑπανίει.
815 2247 891 2290 mox
907 2248 952 2290 vs.
975 2235 1013 2288 19
1033 2233 1104 2315 ὅπερ
1120 2229 1193 2311 ph?

323 2343 364 2396 24
391 2337 537 2421 Ουίκτωρ,
561 2343 598 2398 ut
612 2333 748 2414 videtur,
767 2340 828 2399 ἀπὸ
847 2333 1015 2418 Ὀκτάβου.
1034 2357 1080 2398 vs.
1099 2343 1140 2396 26
1158 2340 1315 2421 αίοέσεως.

325 2451 367 2506 28
391 2444 474 2516 Δὴλη
502 2449 553 2522 †.
586 2466 661 2508 mox
690 2451 730 2506 29
760 2448 857 2532 ἀπόρ.
887 2446 921 2517 ὃς
948 2445 1130 2516 ἀποστείλας
1157 2467 1182 2508 τ.
1208 2449 1233 2508 ε’.
1254 2446 1440 2516 ἀποστόλους

392 2557 506 2624 αὐτοῖς.

324 2668 364 2722 30
389 2663 549 2746 έπέτρτψεν
568 2658 657 2749 [†]‚
674 2661 728 2734 οἷς.

324 2777 362 2831 81
388 2776 586 2843 πιστεύοντας
602 2779 635 2832 et
648 2789 724 2833 mox
741 2777 781 2832 32
800 2778 853 2842 τὴν
871 2770 1025 2844 ἐκκλησίαν
1042 2776 1176 2856 ἔχοντες.

253 2878 298 2942 54
348 2888 360 2940 1
388 2887 441 2951 τὴν
457 2877 594 2956 ἐξουσίαν
611 2879 720 2942 οὐδένα
736 2879 907 2964 βαπτίζειν.

345 2995 363 3050 5
388 3009 441 3075 χρ.
457 2996 499 3072 μὴ
517 2987 754 3072 βαπτισθέντες.
773 2997 807 3053 et
821 2992 980 3075 ἀμαρτιῶν
997 2987 1046 3076 (6)
1063 2994 1163 3052 αὐτῶν
1181 2996 1223 3072 μὴ
1239 2987 1399 3072 λαβόντες.

348 3105 363 3157 7
390 3100 507 3183 ἀμαρτ.
541 3101 642 3164 αὐτῶν
671 3095 801 3180 ἔλαβον,
830 3099 878 3161 ὅτι
899 3097 1143 3184 προσδεχόμεθα
1169 3103 1241 3169 τοὺς
1272 3100 1436 3183 αίρετικοὺτ

391 3209 492 3291 χωρίς
507 3217 560 3268 τοῦ
576 3217 633 3278 τῆς
649 3206 806 3278 έκκλησίας
823 3205 1048 3290 βαπτίσματος.
1107 3233 1112 3243 ·

345 3321 362 3374 9
389 3313 541 3400 ὀφείλουσι
556 3326 717 3378 κοινωνεῖν.

325 3429 363 3482 12
389 3425 482 3507 όγὰρ
500 3421 596 3506 λέγων

325 3537 363 3590 17
389 3531 524 3603 Μιὴτιος.
548 3528 582 3592 id
598 3529 683 3594 enim
699 3529 837 3595 voluisse
853 3528 979 3594 videtur
994 3527 1019 3596 S
1036 3547 1176 3602 111121κό
1189 3553 1255 3596 suo.

326 3637 792 3727 wwm†dfflssffi

325 3756 363 3811 19
389 3773 455 3813 τινα
472 3749 634 3834 βαπτίσαι,
652 3759 686 3813 ut
700 3748 837 3814 videtur.
855 3787 897 3798 -
914 3750 1033 3838 τυφλῶν
1052 3754 1153 3815 αὐτῶν
1171 3755 1275 3814 ὄντων.

321 3864 360 3919 21
388 3875 476 3928 tvm.
497 3897 539 3906 —-
555 3865 663 3946 παρὼν
681 3865 917 3946 συναρέσκομαι.
937 3857 1053 3923 deinde
1069 3863 1088 3941 ᾖ
1105 3857 1156 3924 πδ.
1174 3860 1322 3943 Πόμπιος.

320 3971 361 4026 22
386 3969 479 4031 Λεπτ.
489 3967 581 4032 εἶπον·
590 3968 687 4056 Ὅπερ
696 3968 955 4052 ένετείλαντονόμίυ
965 3972 993 4032 οἱ
1002 3973 1133 4054 πατέρες
1146 3971 1358 4050 ἡμῶνσιέιματι
1368 3975 1433 4052 μὲν.

318 4079 358 4134 23
385 4082 491 4157 πνείομ.
511 4076 544 4139 δὲ
560 4099 634 4163 παρ.
652 4075 693 4138 ml
717 4089 807 4144 τοῦτο
822 4085 872 4140 καί
888 4085 1034 4163 κρίνομεν.

321 4187 362 4242 24
388 4187 475 4266 ἡμῶν
492 4188 620 4271 ἔκριναν,
637 4190 762 4258 πάντως
778 4193 860 4258 τοὺς.

322 4297 362 4351 26
386 4289 500 4377 regula
521 4300 570 4356 est
590 4291 632 4356 86
652 4291 737 4380 apud
760 4291 890 4380 Syrum.
925 4297 944 4376 ξ
962 4292 1004 4358 85
1026 4291 1155 4378 Diogae
1175 4291 1274 4356 verba
1295 4291 1435 4355 continet

385 4397 405 4461 i.
424 4421 450 4462 ο.
468 4397 581 4464 eadem
598 4409 646 4465 est
662 4423 744 4486 quae
760 4401 957 4488 octogesima
973 4411 1086 4487 quarta
1102 4400 1238 4487 κρήιον.

321 4515 360 4568 27
386 4510 600 4594 χωριζόμεθα.
