2994 4972
74 417 205 485 153-59
1145 419 1188 483 89

32 585 279 666 ωνόσκοντος,
307 581 351 666 μή
381 583 679 667 προσωποληκτιόν
706 584 891 666 καταλίπῃς
920 580 983 665 τὴν
1009 582 1188 648 διακονίαν

73 690 128 752 τοῦ
154 685 280 770 λόγου,
311 687 368 750 ἵνα
396 683 535 769 διατάξη
557 680 649 768 αὐτῷ
671 685 873 767 προεδρίαν,
896 680 982 747 άλλά
1003 683 1081 766 με’νε
1103 680 1185 767 ‚5⁶15-

73 811 137 872 χιος
168 785 213 871 μή
247 785 444 852 διακόπτων
472 802 536 851 σου
568 782 628 850 τόν
665 783 768 868 λόγον
795 780 902 868 ἢτήν
926 782 1050 867 άκοήν,
1088 784 1124 849 οἱ
1149 784 1187 850 δὲ

73 887 208 974 άδελφολ
234 887 295 954 διὰ
316 891 385 953 τόν
408 886 578 952 διακόνων
601 885 909 970 παραδεχέσθωσαν
936 883 1050 952 αὐτόν.
1095 888 1127 952 εί
1150 887 1188 951 δὲ

74 991 166 1068 τόκος
187 988 254 1056 οῦκ
277 993 386 1073 ἐστιν,
406 987 425 1055 ό
443 987 616 1070 διάκονος,
636 987 696 1054 τόν
714 990 845 1071 μᾶλλον
867 987 1035 1074 νεώτερον
1057 986 1222 1072 ἐγείραςο

74 1090 148 1175 μετά
164 1093 271 1176 λόγου
288 1090 375 1158 άλλά
391 1090 435 1177 μὴ
458 1089 541 1176 μετά
557 1087 669 1175 ὀργῆς,
691 1088 825 1155 ἐκεῖνον
842 1089 1031 1156 καθισάτω·
1054 1090 1189 1156 δίκαιον

75 1195 106 1258 δέ
122 1197 220 1259 τοῦτο
241 1191 300 1260 καλ
318 1190 380 1277 ἀφ’
398 1193 520 1259 ἐαυτοῦ
537 1188 597 1256 τόν
617 1188 768 1275 ἀδελφόν
784 1187 829 1268 ός
847 1190 1061 1275 φιλάδελφον
1080 1204 1189 1258 ποιεί-

75 1302 163 1360 σθαι·
179 1295 243 1361 ἐὰν
249 1292 484 1380 δέ*άνανεόη,
493 1290 733 1378 ἐγείραςαότδν
744 1291 972 1376 ἀναγκαστῶς,
985 1290 1091 1360 ὀπίσω
1101 1295 1189 1360 πάν-

76 1419 136 1461 των
153 1400 302 1482 στῆσον,
326 1398 384 1463 ἵνα
402 1397 615 1462 παιδευθῶσι
637 1394 693 1460 καλ
712 1393 749 1460 οἱ
765 1395 877 1460 λοιποὶ
899 1391 1189 1482 άντικαραγωρεῑν

76 1511 136 1575 ιοίς
148 1497 383 1583 ἐντιμοτέροις.
410 1499 441 1562 εί
450 1497 489 1562 δὲ
502 1495 630 1580 πτωχός
644 1493 804 1581 ίθαγενής
815 1491 838 1580 ἢ
850 1495 943 1574 ξένος
955 1495 1095 1562 ἐπέλθοι
1106 1519 1187 1581 πρε·
1209 1515 1239 1566 10

77 1599 190 1685 σβότης
209 1597 233 1686 ἢ
252 1600 331 1677 νέος
351 1597 414 1685 τήν
433 1597 570 1685 ἡλικίαν
588 1597 645 1664 καὶ
663 1599 765 1675 τόπος
779 1595 839 1682 οὐχ
854 1595 1015 1682 ὑπάρχοι,
1038 1599 1095 1665 καλ
1109 1599 1188 1664 τοῦ·

78 1725 138 1779 τοις
157 1702 265 1768 τόπον
293 1702 426 1786 ποιήσει
449 1701 484 1781 ἐξ
506 1700 584 1785 ὅλης
604 1687 662 1786 τῆς
684 1701 825 1783 καρδίας
853 1697 958 1765 αὐτοῦ
978 1697 997 1764 ό
1019 1699 1187 1784 διάκονος,

79 1805 128 1868 ἳνα
152 1802 195 1889 μή
225 1803 312 1890 πρὸς
341 1801 528 1887 ἄνθρωπον
561 1799 667 1868 αὐτοῦ
693 1803 829 1886 γένηται
857 1798 877 1886 ἠ
916 1801 1187 1887 προσωπόληφις,

80 1902 156 1971 ἀλλὰ
170 1905 256 1993 πρός
271 1903 393 1992 θεόνὴ
409 1907 564 1972 διακονία
579 1911 598 1950 *
615 1901 801 1987 εὐάρεστος.
839 1900 877 1968 τό
899 1899 932 1968 δ’
957 1900 1039 1968 αὐτό
1054 1907 1188 1970 ποιείτω

80 2004 171 2093 καλή
201 2009 366 2085 διάκονος
396 2019 469 2085 ταῖς
496 2007 734 2091 ἐπερχομέναις
760 2003 916 2088 γυναιξὶν
943 2017 1087 2090 πτωχαίς
1114 2005 1188 2092 ἤτοι
1207 2023 1239 2074 15

42 2117 73 2176 511
81 2113 255 2188 πλουσίαις.
278 2113 282 2197 Ι
302 2109 476 2176 διδάσκων
495 2109 544 2192 δέ,
568 2099 595 2174 τό
618 2106 795 2190 ἐπίσκοπε,
818 2107 934 2192 κέλευε
956 2107 1013 2172 καλ
1031 2112 1188 2192 παραίνει

80 2213 118 2294 τῷ
138 2215 206 2299 λαῷ
225 2213 276 2288 είς
296 2209 360 2296 τήν
376 2207 559 2295 ἐκκλησίαν
581 2209 798 2294 ἐνδελεχίζειν
818 2206 948 2296 ὄρθρου
969 2207 1026 2274 καὶ
1047 2208 1188 2295 ἑσπέρας

81 2311 209 2398 ἑκάστης
223 2311 352 2398 ἡμέρας
373 2313 430 2378 καί
449 2309 493 2396 μή
514 2311 760 2379 άπολείπεσθαι
780 2307 817 2376 τὸ
837 2310 985 2376 σύνολον
999 2309 1086 2376 άλλά
1100 2328 1188 2377 συν-

80 2413 226 2496 έρχεσθαι
253 2417 436 2501 διηνεκῶς,
465 2412 522 2480 καὶ
550 2411 594 2499 μὴ
623 2410 686 2498 την
703 2412 887 2496 ἐκκλησίαν
915 2415 1083 2497 κολοβοῦν
1108 2411 1184 2478 ἑαυ-

80 2513 132 2580 τόν
150 2513 374 2602 ὑφαιροῦντα,
395 2514 450 2582 καλ
478 2514 569 2601 παρά
592 2517 691 2599 μέλος
717 2525 827 2579 ποιεῖν
849 2509 888 2578 τό
910 2517 1006 2597 σῶμα
1031 2517 1093 2579 τοῦ
1114 2539 1188 2599 χρι-
1205 2531 1239 2582 20

81 2622 167 2682 ατοῦ·
190 2617 232 2684 οὐ
248 2617 317 2704 γάρ
338 2615 446 2701 μόνον
465 2616 543 2702 περὶ
561 2616 678 2702 ίερέων
701 2614 841 2701 ἐρρήθη,
862 2613 948 2680 άλλά
971 2615 1027 2681 καλ
1049 2615 1188 2693 ἕκαστος

82 2722 140 2783 τόν
166 2724 295 2788 λαικῶν
320 2717 395 2804 περὶ
423 2719 546 2785 ἑαυτοῦ
569 2717 718 2784 άκουέτω
745 2717 955 2802 λογιζόμενος
981 2715 1031 2784 ότι
1060 2725 1188 2804 είρηται

82 2818 138 2884 ὑπό
150 2827 210 2888 τοῦ
225 2826 349 2906 κυρίου
364 2820 414 2888 ὄτι
431 2819 466 2887 Ὁ
478 2818 523 2906 μη
539 2815 589 2886 όν
603 2817 675 2905 μετ’
693 2819 776 2904 ἐμοῦ
787 2816 857 2884 κατ’
871 2819 954 2904 ἐμοῦ
970 2818 1073 2903 ἐστιν,
1094 2818 1150 2885 καί
1170 2818 1190 2885 δ

81 2919 118 3005 μή
132 2923 289 3008 συνάγων
303 2922 375 3007 μετ’
393 2923 478 3008 ἐμοῦ
492 2925 671 3007 σκορπίζει.
702 2920 747 3007 μὴ
763 2911 827 2987 οῦν
844 2920 983 2999 ἑαυτοὺς
1000 2919 1094 2999 ’όντες
1105 2922 1187 3007 μέλη

81 3029 248 3108 *χριστοῦ
270 3029 480 3108 σκορπίζετε,
506 3023 551 3109 μή
575 3022 891 3110 συναθροιζόμεναι·
921 3021 1058 3107 χριστόν
1080 3047 1188 3108 κεφα-
1204 3037 1238 3089 κο

82 3123 136 3208 λήν
155 3129 286 3211 ἔχοντες
305 3126 390 3192 κατά
417 3124 479 3212 τὴν
502 3125 705 3211 ἐπαγγελίαν
724 3123 831 3191 αῦτοῦ
852 3125 1000 3190 συνόντα
1024 3125 1081 3190 καλ
1103 3141 1187 3190 συν-

140 3300 171 3352 23
187 3301 276 3354 Matth
297 3301 342 3360 12,
360 3298 394 3353 30

86 3447 278 3522 Ιιιαταλείπης
295 3471 313 3506 x
328 3454 364 3517 12
382 3469 477 3520 margo
488 3469 506 3518 γ
518 3468 576 3519 γρφ
589 3451 747 3520 προσεδρία
762 3451 767 3515 1
782 3450 799 3502 6
816 3443 879 3519 μετ’
896 3456 944 3517 yzt
958 3449 994 3520 16
1011 3441 1104 3520 ὀργῆς
1122 3469 1136 3503 τ
1151 3450 1188 3520 16

84 3530 213 3590 ιαθιτότο
231 3555 271 3590 ιττ
298 3535 303 3606 1
329 3527 493 3602 Ἰάδελφδν
510 3530 548 3597 ὥς
564 3537 599 3602 >
615 3542 663 3603 yzt
688 3538 693 3601 1
719 3537 744 3588 7.
762 3535 779 3587 8
797 3535 915 3604 ποιῆσαι
934 3543 946 3588 1
966 3535 970 3600 Ι
990 3537 1007 3587 8
1025 3530 1063 3604 μὴ
1082 3536 1116 3605 -1-
1133 3555 1157 3588 w
1181 3534 1186 3606 1

84 3610 291 3688 δάναγιιάστως
309 3627 375 3674 ante
393 3613 507 3688 ἐγείρας
524 3640 548 3672 ιτ
570 3627 575 3684 1
593 3621 610 3673 9
628 3619 794 3675 πεδενθοῖαι
811 3639 849 3683 w,
873 3620 1075 3674 παιδευθῶσιν
1092 3641 1109 3673 x
1130 3622 1134 3678 Ι
1157 3623 1188 3674 10

87 3691 241 3775 ἧθαγενῆς
259 3723 301 3759 wx
326 3705 356 3774 [η
374 3707 421 3776 x]‚
445 3695 465 3775 ἢ
488 3701 632 3774 ἐθαγενής
654 3724 702 3772 γε,
725 3697 746 3774 ἢ
767 3698 902 3775 άγενὴςλ
928 3707 932 3770 1
960 3706 992 3757 10
1010 3698 1120 3774 ἐπέλθη
1139 3725 1156 3758 x
1181 3706 1185 3774 1

88 3787 110 3836 ΙΙ
126 3789 159 3854 ιη’
172 3784 271 3858 ἡλικία
288 3793 401 3858 γτ1111
420 3784 543 3859 ῦκάρχει
561 3796 651 3856 wxyzt
671 3792 674 3854 1
696 3792 728 3844 13
745 3789 988 3857 προσωποληψεία
1006 3793 1043 3854 Υ,
1061 3784 1136 3856 ”φία
1152 3809 1187 3858 γε

87 3869 134 3934 114
150 3865 178 3941 ἧι
194 3877 227 3943 -1-
244 3875 289 3944 w!
306 3877 394 3929 1416
411 3871 442 3930 δ’
459 3871 530 3930 αότό
548 3893 595 3942 γε,
615 3875 652 3928 τό
666 3869 694 3928 δ’
708 3867 786 3928 αῦτῦ
803 3882 828 3927 τι
853 3867 885 3928 ἐν
902 3867 998 3936 άλλως
1016 3871 1049 3929 τὸ
1068 3870 1098 3927 δ’
1116 3869 1188 3928 αότό

85 3971 167 4024 margo
184 3966 195 4010 t
214 3963 218 4024 1
241 3964 271 4013 14
288 3959 397 4029 ποιήτα
415 3980 432 4013 x
451 3960 456 4029 1
482 3961 513 4013 15
530 3957 645 4028 γυναιξὶ
662 3967 710 4027 γει
729 3960 734 4029 1
755 3961 787 4012 15
804 3953 867 4028 ἤτοι
884 3966 954 4024 αττ,
972 3950 993 4028 ἢ
1010 3957 1060 4012 καλ
1076 3977 1110 4026 γε
1130 3961 1135 4023 1
1155 3962 1186 4011 11

86 4032 127 4091 τὸν
142 4038 208 4096 λαόν
225 4063 249 4096 w
269 4048 273 4111 1
297 4045 328 4098 18
345 4044 416 4114 μήτε
432 4063 466 4112 γτ
486 4049 491 4112 1
512 4045 544 4098 18
561 4036 759 4098 άπολέπεσθαι
776 4048 807 4112 11
830 4045 861 4098 19
878 4043 928 4098 καὶ
945 4047 980 4111 >
995 4062 1030 4111 yz
1045 4043 1050 4112 1
1068 4045 1099 4097 111
1115 4040 1186 4113 μήτε

85 4125 195 4194 111120
211 4130 350 4183 ποιοῦντα
369 4148 393 4182 ιτ
418 4129 423 4199 1
449 4132 481 4182 21
501 4125 608 4197 ἐρρέθη
626 4137 673 4196 γει
699 4131 703 4196 1
730 4133 762 4182 22
781 4125 995 4198 λογιζόμενοςγ
1015 4133 1044 4181 in
1061 4131 1186 4196 margine

86 4211 179 4264 *tntum
193 4215 246 4278 123
263 4215 315 4267 τοῦ
331 4217 365 4280 >
383 4234 400 4268 x
421 4216 425 4280 1
444 4217 478 4268 23
496 4205 539 4267 ότι
556 4215 591 4280 >
607 4219 655 4281 γτ1
675 4222 679 4276 1
698 4215 731 4268 23
750 4210 807 4269 ἐστι
825 4209 1028 4284 γτλ121μέλη
1046 4205 1185 4280 όντεςγκ,

86 4287 147 4360 λὲἐη
162 4288 244 4360 ὄντας
262 4305 273 4352 1
291 4303 296 4366 1
316 4301 350 4352 25
367 4299 419 4352 τοῦ
436 4300 471 4364 -1-
487 4307 533 4366 γει
552 4298 610 4368 125
626 4295 890 4368 συναθροιζόμεναι
908 4319 933 4351 w
953 4301 956 4361 1
975 4299 1009 4350 26
1027 4293 1103 4365 ἐγετε
1120 4315 1155 4365 γε
1181 4298 1185 4367 1

85 4375 114 4426 26
123 4369 332 4449 ἐπαγγελείανα
347 4385 352 4450 1
367 4385 498 4452 2111111111
512 4383 702 4438 συνοικοῦντα
712 4381 782 4452 ὑμῖν
793 4403 843 4446 αι,
855 4382 1050 4437 κοινωνοῦντα
1060 4375 1131 4452 ἡμῖν
1139 4389 1186 4450 γει
