3052 4974
113 417 254 484 μου-ει
284 389 290 400 ’
1196 421 1236 482 59

112 587 178 668 μέν
197 581 362 668 δἈαροόν
380 581 475 647 ἐστιν
495 578 701 662 ὁδιόκονος,
724 585 875 664 Μωϋσῆς
891 582 929 646 δὲ
951 577 970 646 ό
985 581 1181 658 ἐπίσκοπος·
1208 585 1240 647 εί

112 676 179 752 οὖν
195 685 326 770 ἐρρήθη
345 687 496 767 Μωυσής
509 679 576 748 ὑπὸ
592 687 715 768 κυρίου
728 683 825 765 θεός,
850 683 868 722 *
888 681 945 747 καλ
965 681 1046 765 ὗμλν
1062 680 1080 748 ὁ
1099 683 1233 748 έπίσκο

112 809 178 865 ειυς
196 789 244 864 είς
261 785 347 852 θεὸν
362 785 552 870 τετιμήσθω
575 780 667 850 καλό
688 785 846 860 διάκονος
864 779 909 860 ὥς
926 783 1100 870 προφήτης
1119 780 1234 850 αὐτοῦ.

112 885 160 966 ὥς
179 887 247 973 γὰρ
266 885 285 953 ὁ
303 885 437 973 χριστὸς
455 884 539 952 ἄνευ
560 889 621 951 τοῦ
639 883 764 972 πατρὸς
784 882 887 952 οὐδέν
906 897 1012 969 ποιεί,
1036 884 1142 962 οὕτως
1156 883 1236 952 οὐδὲ

113 989 132 1056 ὁ
152 991 314 1067 διάκονος
333 987 416 1056 ἄνευ
433 991 496 1054 τοῦ
513 987 719 1054 έπισκόπου·
746 986 802 1053 καλ
816 985 962 1073 ὥσπερ*
982 985 1056 1065 υλδς
1074 985 1158 1054 ἄνευ
1175 993 1237 1053 τοῦ
1253 1005 1271 1056 ό

112 1089 242 1176 πατρός
261 1089 324 1157 οὐκ
349 1093 459 1173 ἔστιν,
492 1087 599 1166 οὕτως
620 1087 702 1155 οὐδὲ
726 1089 884 1165 διάκονος
905 1085 989 1156 ἄνευ
1010 1093 1073 1154 τοῦ
1098 1088 1237 1156 ἐπισκό-

112 1217 200 1260 που·
219 1192 276 1259 καὶ
290 1189 403 1277 ὥσπερ
419 1187 583 1278 ὑπόχρεως
597 1193 615 1232 *
631 1189 704 1268 υίὸς
717 1195 828 1275 πατρί,
851 1189 956 1268 οὕτως
969 1191 1026 1258 καλ
1042 1195 1107 1269 πᾶς
1119 1191 1235 1258 διάκο-

113 1319 174 1372 νυς
194 1295 383 1384 έπισκόπφ·
416 1293 472 1360 καὶ
487 1291 600 1379 ὥσπερ
619 1289 638 1359 ὁ
655 1290 729 1370 υίδς
742 1288 883 1378 ἄγγελός
905 1292 975 1358 έστι
990 1293 1047 1358 καλ
1062 1293 1237 1379 προφήτης

111 1401 176 1463 τοῦ
195 1397 331 1481 πατρός,
350 1394 456 1474 οὕτως
471 1395 527 1462 καλ
544 1391 563 1461 ό
576 1394 735 1472 διάκονος
749 1394 888 1480 ἄγγελός
905 1393 1046 1461 ἐστικαὶ
1062 1395 1236 1480 προφήτης

111 1503 177 1564 τοῦ
199 1498 397 1566 ἐπισκόπου.
438 1495 492 1564 διδ
512 1496 570 1564 καλ
592 1497 702 1563 πάντα
723 1495 764 1563 τὰ
789 1495 1031 1581 ἐπιτελούμενα
1051 1492 1110 1562 ὑπ’
1131 1493 1237 1564 αὐτοῦ
1256 1517 1289 1570 ιο

113 1604 162 1678 είς
186 1599 264 1668 τινδ
278 1601 425 1686 ’ἐμφανῆ
446 1603 493 1687 τῷ
520 1598 692 1686 έπισκόπφ
716 1598 864 1682 γινέσθω
890 1597 948 1664 καὶ
973 1595 1023 1663 δι’
1049 1595 1155 1664 αὐτοῦ
1181 1622 1236 1664 τε-

57 1719 97 1779 3]
112 1701 299 1784 λειοόσθω,
319 1703 325 1789 Ι
343 1703 451 1786 μηδὲν
465 1701 503 1767 δὲ
515 1703 649 1767 ποιείτω
664 1699 703 1766 τό
724 1700 905 1766 σύνολον*
921 1699 1004 1765 ἄνευ
1018 1703 1079 1764 τοῦ
1101 1700 1237 1766 ἐπισκό-

112 1827 183 1871 που
198 1805 284 1889 μήδε’
295 1827 362 1870 τινι
382 1801 502 1868 διδότω
517 1827 549 1868 τι
569 1801 653 1868 ἄνευ
668 1806 726 1886 τῆς
747 1801 882 1868 ἐκείνου
902 1801 1046 1887 γνοόμης.
1089 1800 1150 1868 ἐὰν
1170 1801 1235 1888 γὰρ

112 1903 159 1984 ὥς
171 1907 381 1991 θλιβομένου
398 1902 490 1982 τινός
507 1905 619 1991 λάθρα
639 1909 700 1972 τοῦ
722 1903 908 1970 ἐπισκόπου
923 1903 1046 1970 διδότω
1062 1927 1130 1970 τινι
1144 1906 1173 1988 *,
1190 1907 1237 1982 είς

113 2010 290 2092 λοιδορίαν
305 2009 367 2074 τοῦ
383 2007 568 2073 ἐπισκόπου
584 2005 696 2087 διέσει,
715 2007 771 2072 καλ
785 2007 960 2092 διαβάλλει
975 2004 1079 2073 αὐτὸν
1095 2003 1140 2084 ὥς
1154 2005 1234 2091 ἀμε-
1256 2027 1288 2078 ιε

111 2114 241 2175 λοῦντα
266 2114 335 2175 ταῖν
358 2111 584 2195 θλιβομένων.
633 2105 708 2176 ὅδὲ
736 2109 922 2175 ἐπίσκοπον
944 2104 969 2194 ή
994 2104 1124 2197 λόγφή
1149 2112 1237 2196 ἔργῳ

112 2215 313 2297 κακολογῶν
326 2215 398 2300 θεῷ
414 2214 624 2297 προσπταίει,
641 2208 703 2276 οὐκ
718 2209 867 2288 ἀκούσας
882 2213 944 2277 τοῦ
962 2211 1114 2288 είπόντος
1130 2209 1237 2288 Θεούς

112 2312 155 2380 οὐ
173 2313 427 2400 κακολογήσεις·
452 2309 573 2397 οὐγὰρ
588 2312 665 2398 περὶ
680 2308 828 2398 λίθωνή
848 2311 959 2391 ξύλων
981 2312 1234 2398 προσοχθισμοί-

112 2439 184 2482 των
209 2414 420 2500 ἐνομοθέτει,
442 2417 672 2500 βδελυκτολν*
696 2413 753 2480 διὰ
769 2412 833 2499 τήν
856 2415 1116 2499 φευδωνυμίαν,
1149 2411 1235 2479 ἀλλὰ

113 2518 193 2603 περὶ
207 2522 277 2584 τοῖν
292 2519 410 2602 ἱερέων
425 2517 481 2597 κμλ
496 2521 566 2582 τῶν
582 2521 717 2604 κριτῶν,
742 2508 791 2594 οἷς
806 2515 862 2582 καὶ
878 2512 972 2582 εἶπεν
986 2514 1037 2582 ὅτι
1059 2519 1143 2583 Θεοί
1160 2517 1234 2582 ἐστε
1252 2535 1286 2587 κο

57 2635 100 2697 32
113 2621 171 2688 καὶ
193 2619 264 2687 νίολ
284 2615 437 2698 ὑψίστου.
458 2623 462 2706 Ι
483 2622 514 2686 εί
528 2609 591 2685 οὖν
606 2619 793 2704 γινώσκεις,
810 2607 836 2685 ό
852 2618 1007 2703 διάκονε,
1028 2619 1236 2704 θλιβόμενόν

112 2746 209 2805 τινα,
228 2718 426 2807 ὑπομνήσας
442 2720 503 2787 τὸν
520 2721 725 2804 ἐπίσκοπον,
748 2718 853 2798 οίλιως
868 2722 983 2787 δίδου·
1013 2719 1099 2790 ἀλλὰ
1114 2719 1158 2806 μή
1175 2725 1235 2787 λα-

110 2828 243 2910 θραίως
267 2827 313 2918 είς
341 2825 516 2908 λοιδορίαν
543 2821 649 2890 αὐτοῦ
669 2847 702 2889 τι
725 2823 884 2907 ἐπιτέλει,
914 2825 972 2890 ἵνα
997 2821 1042 2909 μή
1069 2845 1234 2908 καταγωγ-

111 2923 246 3012 γυσμδν
263 2927 395 3012 ἐγείρῃς
415 2923 488 2992 κατ’
513 2923 627 2992 αὐτοῦ.
665 2923 706 2992 οὐ
722 2922 788 3012 γὰρ
803 2924 877 2992 κατ’
894 2923 999 2991 αὐτοῦ
1015 2923 1236 3010 δγογγυσμδς

184 3067 215 3118 17
233 3067 312 3118 Exod
330 3069 371 3130 22,
389 3067 422 3118 27
438 3063 442 3133 Ι
457 3067 491 3116 20
508 3067 603 3117 Psalm
620 3065 661 3125 82,
680 3065 697 3114 9

113 3193 1236 3271 16όαρώνμένγτ115ρι1ωαιυ>ιιΙ1λστιν>ινΙ1μωσήςεΙ2

112 3281 210 3356 έρήθη
228 3307 261 3352 ιι,
282 3279 389 3354 ἐρρέθη
407 3293 454 3353 yzt
476 3287 480 3351 Ι
499 3291 515 3338 2
533 3285 647 3354 μωόσής
665 3292 744 3352 wyzt,
764 3277 835 3353 ὑμῖν
852 3304 868 3337 x
889 3285 893 3354 Ι
914 3289 929 3337 2
948 3283 997 3337 καλ
1016 3276 1031 3337 ὁ
1050 3275 1148 3352 αἀριδκ
1165 3303 1233 3351 προ·

112 3369 302 3442 φήτης-Ι-γτ,
325 3375 381 3425 nisi
399 3374 470 3440 quod
488 3364 504 3425 ὁ
522 3389 577 3424 non
593 3373 680 3424 habet
697 3389 711 3422 τ
727 3373 731 3436 Ι
747 3371 763 3423 3
781 3370 938 3438 τετιμίσθω
949 3389 981 3435 w,
1002 3371 1173 3438 τετιμείσθω
1191 3389 1207 3422 x
1228 3371 1231 3438 Ι

111 3457 193 3511 5κα1
204 3461 238 3523 >
250 3477 274 3510 w
289 3459 293 3521 Ι
308 3459 325 3508 5
343 3451 358 3510 ὁ
377 3458 411 3523 -Ι-
428 3475 442 3508 τ
458 3459 462 3522 Ι
478 3457 495 3508 11
513 3448 582 3508 οόδὲ
599 3462 682 3522 wxyt,
700 3449 775 3508 καλό
790 3473 804 3508 τ
820 3457 825 3521 Ι
845 3458 860 3506 7
879 3447 1025 3524 ὑπόχρεως
1042 3463 1089 3523 yut
1103 3457 1139 3522 17
1158 3450 1235 3510 ἔστιν

111 3545 148 3609 -Ι-
164 3562 198 3610 yn
214 3544 219 3608 Ι
234 3545 250 3595 7
268 3533 352 3595 ov‘Jwt
371 3559 403 3602 w,
422 3531 496 3594 οὕτω
513 3548 560 3609 yzt
578 3541 582 3608 Ι
603 3535 705 3604 8ὁ>
723 3539 798 3608 ιτ18
817 3535 892 3594 ἐστιν
910 3559 927 3592 x
943 3542 947 3608 Ι
966 3542 984 3593 9
1001 3530 1085 3595 υότωι
1103 3559 1141 3603 w,
1160 3532 1235 3595 οὕτω

111 3647 147 3694 γτ
164 3629 200 3694 19
217 3625 267 3680 καλ
284 3630 360 3695 prius
376 3628 411 3691 >
428 3645 444 3678 x
461 3625 498 3690 Ι9
515 3619 591 3678 ἔστιν
608 3645 635 3692 x,
655 3618 714 3678 έστλ
730 3630 793 3693 post
810 3619 961 3694 προφήτης
977 3633 1024 3692 γττ
1039 3627 1043 3689 Ι
1061 3628 1089 3677 11
1110 3622 1152 3688 είς
1169 3623 1234 3682 τινὰ

111 3717 148 3778 >
167 3717 219 3775 Υτ,
237 3713 324 3764 habet
340 3728 360 3777 y
376 3715 450 3764 inter
468 3727 563 3764 versus
584 3711 588 3778 Ι
609 3713 638 3762 11
658 3710 707 3763 καλ
779 3705 953 3764 τελειοόσθω
969 3713 1004 3775 >
1020 3729 1037 3762 x
1057 3713 1062 3776 Ι
1083 3713 1122 3764 11.
1143 3714 1174 3765 12
1190 3729 1235 3766 τε·

113 3795 243 3850 λιπέσθαι
261 3816 285 3848 w
306 3798 309 3863 Ι
333 3797 363 3848 12
381 3789 396 3850 ὁ
415 3791 552 3858 διάκονος
569 3797 603 3862 -Ι-
621 3813 645 3846 w
665 3797 668 3862 Ι
690 3798 722 3847 14
740 3790 856 3849 διδότωι
874 3813 911 3860 w,
938 3796 978 3848 δῶ
996 3813 1044 3862 yx,
1065 3797 1138 3849 διδῶ
1155 3805 1167 3849 t
1182 3800 1185 3862 Ι
1203 3799 1235 3850 14

113 3899 141 3935 τι
159 3883 193 3950 Ι-
210 3901 244 3944 w,
262 3873 337 3934 ἄνευ
353 3882 404 3949 τῆς
423 3875 537 3934 ἐκείνου
554 3875 668 3949 γνώμης
684 3881 718 3947 -Ι-
736 3899 753 3932 x
768 3879 773 3948 Ι
790 3883 821 3932 15
839 3881 995 3947 λοιδορίαν
1012 3899 1036 3932 w
1056 3882 1060 3948 Ι
1082 3883 1114 3934 15
1132 3881 1234 3935 δίδωσι

112 3985 138 4020 τι
153 3967 158 4028 Ι
176 3967 206 4020 15
224 3966 391 4034 διαβαλεῖν
407 3966 412 4034 Ι
428 3967 461 4017 16
479 3961 550 4032 ἔργω
567 3955 589 4033 ή
605 3959 678 4034 λόγω
695 3983 729 4031 yn
744 3967 749 4033 Ι
767 3968 796 4016 17
814 3966 866 4018 τοῦ
884 3983 934 4032 wx,
954 3961 1044 4020 αότοῦ
1062 3973 1109 4032 yut
1123 3969 1128 4031 Ι
1143 3967 1176 4018 19
1189 3959 1232 4019 έκ-

112 4047 195 4105 θέτιι
212 4054 264 4116 W,
289 4044 449 4119 λυομοθέτη
467 4053 492 4102 Χ
512 4054 516 4113 Ι
543 4051 575 4102 19
593 4042 684 4103 ὄντων
700 4051 734 4119 Ι-
751 4057 799 4116 γττ
818 4061 821 4108 ι
845 4050 875 4102 19
892 4051 1095 4118 φευδοκνμίαν
1112 4056 1167 4102 th
1181 4052 1185 4115 Ι
1200 4051 1232 4102 21

113 4131 245 4204 γικόσκει
262 4153 288 4188 ετ
308 4141 313 4196 Ι
333 4137 364 4188 21
383 4123 406 4188 ό
423 4143 500 4202 xyst,
524 4129 540 4188 ὁ
558 4153 582 4186 w
602 4138 607 4200 Ι
626 4137 658 4187 21
679 4129 782 4188 διόπων
799 4137 847 4202 W,
867 4132 1003 4197 διάκονος
1020 4153 1059 4199 w,
1078 4129 1188 4187 διόπων
1205 4151 1232 4198 x,

112 4216 233 4274 διάκονε
250 4225 297 4287 yut
318 4221 372 4287 121
392 4212 583 4288 λθλιβόμενοκ
603 4237 627 4270 w
647 4223 651 4285 Ι
671 4224 705 4272 22
722 4213 796 4274 οὕτω
813 4229 860 4288 yut
880 4221 883 4288 Ι
907 4225 940 4273 22
957 4216 997 4288 μή
1015 4226 1082 4280 th,
1106 4213 1181 4285 μηδὲ
1204 4237 1231 4285 y,

111 4300 186 4374 μὴδε
209 4323 224 4358 τ
251 4307 256 4371 Ι
284 4306 372 4358 2223
388 4301 520 4372 λαθρέως
542 4324 559 4356 x
586 4305 590 4373 Ι
617 4307 650 4358 23
673 4305 828 4371 λοιδωρίαν
852 4324 875 4357 w
902 4307 906 4370 Ι
932 4306 966 4356 23
984 4298 1106 4357 ἐπιτέλει
1129 4302 1160 4354 τί
1175 4321 1200 4353 τι
1225 4306 1229 4370 Ι

112 4391 154 4444 23.
168 4393 202 4442 24
220 4383 384 4458 γογγτομδν
401 4407 434 4458 5¹
450 4391 455 4456 Ι
469 4393 503 4442 24
520 4384 679 4458 γονγυομδς
697 4407 714 4440 x
