3120 4980
307 508 348 562 28
373 515 428 574 τῆς
445 506 540 586 ἁγίοις
555 516 690 592 γραφῆς.

239 610 282 672 40
330 617 347 672 3
373 609 575 694 βουκοληθείς
592 611 664 700 (†)
681 635 727 684 τις
742 620 792 677 καί
808 611 864 690 ἔξω
882 613 1105 698 βαπτιζόμενος
1124 621 1154 676 ἐν
1173 622 1228 694 τῷ.

330 726 348 778 4
373 723 476 792 αὐτὸς.
494 719 537 783 ita
553 721 688 784 fortasse
704 720 797 784 etiam
815 720 858 785 M.
881 743 956 784 nam
973 721 990 784 i
1005 729 1038 785 et
1052 729 1086 786 τὸ
1102 731 1134 786 et
1150 727 1203 796 τίς
1218 741 1288 786 esse
1303 731 1416 810 potest.

330 833 348 888 8
373 831 403 890 ἐν
419 837 501 916 μέρει
518 829 618 902 ἐλλιπῆ
634 831 709 894 εἶναι
725 837 774 894 καί
791 835 820 894 ἐν
836 837 918 917 μέρει
936 836 987 895 ὑπ.
1006 869 1048 878 -
1065 835 1255 917 ὑπερισχὺτιν
1274 837 1324 912 -1-.

331 943 349 995 9
374 937 400 998 τί
415 938 448 1000 δὲ
464 943 516 1002 οιίκ
532 937 680 1012 ἐδυνήθη.

310 1045 628 1127 11-131κκλησίσις,
659 1052 695 1119 ἣν
717 1052 774 1111 ὑπὸ
799 1094 889 1111 ....
913 1049 1057 1134 ἀρχῆθεν
1079 1049 1158 1134 λέγει
1182 1053 1287 1124 ἑνικῶς
1306 1055 1356 1112 καί
1377 1058 1418 1131 μὴ

373 1151 587 1226 πληθυντικῶς
602 1156 862 1239 τιθεμιλιῶσθαι.
887 1162 938 1219 καί
953 1157 1005 1221 διὰ
1021 1160 1081 1220 κτί.

311 1267 350 1320 14
375 1261 507 1346 ἀδόκιμα
529 1262 777 1344 †.0f.42,11.

311 1377 348 1433 15
374 1375 423 1434 καί
440 1375 557 1452 αἱρετὸν
573 1401 608 1434 ιν.
627 1377 713 1459 παρὰ
729 1382 773 1454 τῷ
790 1380 881 1460 κυρίῳ
897 1377 917 1444 ἢ
934 1383 1022 1437 τοῦτο
1038 1378 1057 1444 ἦ
1075 1371 1148 1440 ἀλλο
1164 1387 1224 1437 τῶν
1241 1371 1304 1437 ὑπ’.

311 1487 350 1540 16
377 1483 471 1542 αὐτοῦ
484 1478 574 1556 ἔδειξε
586 1481 682 1568 λέγων
695 1485 736 1545 ἐν.
751 1497 820 1547 νου
831 1489 1045 1568 παρεστήσατο
1057 1478 1175 1546 Euseb.
1189 1479 1319 1568 theoph.
1334 1506 1348 1547 ι
1363 1481 1419 1544 13ι

374 1595 547 1674 παρίστησι
562 1588 637 1654 Ασί.
654 1588 665 1651 i
683 1591 719 1653 3:
736 1597 900 1662 κατέστησε
917 1587 1018 1662 Iaoer.
1043 1589 1177 1654 Damon.
1204 1588 1263 1652 49:
1287 1589 1419 1661 ἐδήλωσε

375 1694 449 1760 ibid.
472 1699 530 1760 11:
556 1696 647 1774 ἔδειξε
668 1697 739 1763 Ioh.
758 1721 801 1762 xx
826 1698 870 1762 20
891 1697 967 1762 Lue.
990 1697 1022 1760 iv
1043 1697 1063 1762 5
1084 1697 1162 1762 xxiv
1178 1697 1222 1760 40
1241 1695 1315 1760 Aet.
1336 1721 1358 1762 x
1377 1696 1418 1761 28

374 1803 453 1868 Mth.
472 1805 502 1868 iv
519 1806 538 1870 8
556 1817 614 1871 ete

310 1921 347 1975 18
373 1917 521 2001 σκορπίζιι
537 1939 585 1999 με.
610 1938 685 1980 mox
701 1917 844 2002 ἔγραψεν,
869 1936 934 1978 non
951 1917 1160 2004 προσέγραψεν
1178 1914 1210 1977 ni
1226 1913 1328 1977 fallor.

308 2029 348 2084 23
374 2031 474 2109 κυρίου
492 2028 520 2086 σι’
534 2033 582 2088 καί
599 2029 795 2113 ἀντίχριστοι.

308 2139 348 2192 24
374 2131 479 2196 δοῦναι
496 2138 525 2196 ἐν
542 2144 597 2216 τῷ.

309 2246 349 2300 25
375 2237 497 2325 ἀξίωμα
517 2245 566 2321 -Ι-.

308 2355 348 2408 26
373 2352 600 2435 χορηγοῦνττςί

308 2463 349 2519 28
376 2461 548 2544 ἀπορρῖψαι
560 2461 615 2548 ἀρ’
631 2466 727 2543 ἡμῶν.

308 2573 348 2626 30
375 2571 422 2628 ἐπί
438 2576 550 2651 γνῶσιν
567 2575 599 2630 et
615 2567 742 2655 virgula
758 2579 832 2632 ante
849 2570 952 2634 δοῦναι
969 2569 1106 2656 ponitur.

307 2681 345 2734 31
372 2677 468 2739 θειῶν
486 2675 644 2761 δυνάμεων
662 2681 816 2763 ἐκρίναμεν
832 2689 996 2766 μυστήρια.

239 2780 280 2843 41
332 2791 345 2843 1
373 2787 410 2847 K.
434 2784 529 2868 λίνειι
561 2784 617 2850 sad
639 2784 670 2848 h.
688 2785 708 2847 l.
732 2796 764 2850 et
778 2810 845 2852 sen
865 2785 909 2850 20
930 2807 995 2851 non
1017 2783 1198 2860 'av'ark‘eed
1219 2782 1419 2868 'mmeri-

374 2889 524 2956 bendum.
548 2899 618 2976 ἡμῖν
640 2915 700 2981 pro
716 2918 775 2979 μοι.
792 2917 868 2959 mox
884 2901 1079 2984 μετριότητος
1095 2901 1193 2976 ἡμῶν.
1267 2970 1271 2979 Ι

332 3007 349 3060 4
375 3004 515 3088 ἔγραψα,
541 3004 857 3090 ἀντισυλλοριζίμενσς
873 3007 914 3067 δ’.ί

330 3116 348 3169 6
373 3110 512 3192 ἐκκλησίᾳ
527 3121 571 3192 τῷ
588 3123 643 3184 τῆς
659 3114 816 3186 ἐκκλησίας
833 3111 1036 3197 βαπτίσματι.

330 3225 346 3277 7
372 3241 421 3304 γρ.
439 3229 492 3282 τοῦ
509 3225 602 3283 αὐτοῦ
622 3220 828 3305 ’ίσυβαῖανοῦ.

329 3333 347 3389 8
372 3333 442 3411 ἡμῖν
459 3326 536 3413 λέγει
553 3333 596 3392 ὅτι
613 3333 648 3392 οὐ
663 3333 753 3413 μόνον
771 3328 1007 3402 συντπευδίκησι
1022 3336 1071 3392 καί
1088 3329 1264 3413 συνηρέσθη
1283 3339 1349 3400 τοῖς
1366 3329 1421 3416 ἀρ’

373 3442 473 3520 ἡμῶν,
491 3436 581 3500 ἀλλὰ.

329 3553 347 3606 9
372 3557 427 3617 τῆς
444 3542 622 3618 ἀληθείαςῗ
639 3583 681 3594 -
705 3543 822 3610 οὖννῦν
839 3554 903 3634 περί
922 3549 1016 3610 αὐτοῦ
1032 3553 1139 3610 τούτου
1156 3551 1190 3608 τὸ
1207 3552 1244 3609 τί.

309 3661 346 3714 12
373 3662 532 3739 τυραννικὴ
551 3655 720 3719 αὐθάδεια.

309 3770 346 3823 19
372 3783 469 3848 quum
492 3762 697 3850 geographus
722 3784 786 3826 non
808 3762 877 3844 sim,
900 3761 976 3826 lieet
995 3761 1058 3826 sint
1079 3760 1133 3847 qui
1150 3782 1200 3824 me
1224 3783 1293 3824 esse
1310 3759 1419 3841 velint,

371 3869 477 3934 iacere
493 3893 557 3936 non
572 3892 718 3959 possum,
740 3882 775 3935 ut
798 3893 859 3958 quo
882 3870 953 3935 loeo
970 3869 1089 3958 oppida
1104 3869 1136 3932 in
1159 3868 1208 3932 hie
1225 3868 1303 3932 actis
1319 3868 1419 3932 nomi-

374 3988 447 4042 nata
463 3979 522 4043 sita
538 3979 655 4043 fuerint
670 4001 831 4065 quaeram.
849 3980 906 4044 sed
923 4001 1021 4065 quum
1038 3978 1150 4042 literae
1165 3976 1310 4062 syriacae
1332 3975 1420 4040 theo·

373 4087 456 4173 logis
478 4097 510 4150 et
529 4087 723 4175 geographis
745 4089 876 4175 ignotae
891 4108 960 4152 esse
982 4086 1121 4166 soleant,
1143 4083 1303 4150 hebraicis
1321 4083 1420 4148 literis

371 4195 520 4276 scribam,
549 4219 630 4282 quae
656 4193 759 4282 Syrus
780 4196 886 4260 habet.
914 4195 966 4258 hie
989 4194 1169 4278 igituruium*
1194 4211 1284 4264 'zn’n
1300 4194 1419 4266 πόλεως

371 4303 499 4390 legitur.
518 4343 559 4354 -
580 4309 608 4367 ἐν
625 4315 681 4389 μιᾷ
698 4306 845 4386 ἐκκλησίᾳ.

304 4421 343 4474 21
371 4417 430 4476 ἐκεῖ
443 4434 502 4500 pro
519 4417 625 4486 ὄντως.
643 4453 684 4462 -
703 4414 857 4485 ἀληθείας
873 4420 945 4498 post
960 4421 1060 4484 πίστις
1075 4410 1212 4496 ponitur.

305 4529 345 4584 23
371 4527 393 4587 ἐ.
412 4522 481 4586 οὐδὲ
496 4526 596 4594 πίστις
612 4523 689 4604 ἐστί,
715 4529 788 4587 ὅπου
805 4527 906 4584 πάντα
928 4519 1023 4604 ψευδῆ
1041 4523 1131 4583 ἐστιν.
