3128 4972
248 1447 299 1510 De
320 1447 553 1512 controversiis
572 1448 795 1532 paschalibus,
814 1471 896 1534 quae
913 1449 1056 1513 seeundo
1074 1450 1206 1514 saeculo
1224 1459 1365 1514 exeunte

161 1575 272 1633 totam
300 1567 369 1630 fere
402 1567 576 1632 eeclesiam
609 1568 665 1632 diu
696 1569 893 1648 movebant,
924 1568 1190 1634 doctissimorum
1222 1569 1365 1634 virorum

161 1686 333 1773 opiniones
350 1686 393 1750 ad
408 1687 603 1752 hodiernum
619 1711 723 1772 usque
740 1687 826 1752 diem
842 1687 876 1752 in
891 1676 1037 1752 diversus
1054 1687 1229 1752 discedunt
1242 1697 1364 1772 partes
1443 1681 1447 1688 ⁴

162 1807 380 1892 Disceptatur
399 1814 514 1876 ¹autem
536 1807 623 1872 inter
646 1831 702 1872 eos
726 1815 885 1872 nontam
913 1807 954 1871 de
983 1806 1239 1872 occidentalium
1269 1833 1365 1892 quam

163 1927 204 1992 de
225 1925 437 1991 orientalium
457 1929 670 1992 ecclesiarum
686 1929 753 1992 ritu
769 1927 918 2013 paschali
925 1953 934 2003 ;
960 1935 1059 2012 atque
1076 1930 1138 1992 hoo
1155 1929 1365 2012 potissimum

163 2047 348 2130 quaeritur,
378 2069 442 2130 quo
470 2048 568 2112 modo
597 2055 631 2111 et
659 2071 723 2132 qua
754 2048 794 2112 de
827 2069 926 2110 eausa
957 2049 1019 2112 hue
1051 2048 1209 2112 ecelesiae
1242 2052 1365 2134 pasohs

162 2165 414 2230 celebraverint.
468 2167 561 2231 Quae
594 2189 647 2231 res
683 2189 757 2231 oum
795 2189 853 2251 per
889 2189 923 2230 se
961 2166 1006 2229 sit
1043 2167 1183 2232 obseura
1221 2175 1254 2232 et
1292 2191 1364 2252 per-

163 2285 326 2366 difficilis,
356 2287 480 2350 nostris
510 2286 626 2351 diebus
655 2289 761 2351 muito
794 2287 895 2351 etiam
926 2287 1085 2371 mojorem
1116 2288 1245 2371 aceepit
1277 2289 1364 2352 diffi-

164 2406 335 2484 cultatem,
361 2427 435 2469 eum
459 2408 541 2470 hueo
564 2407 605 2471 de
629 2406 839 2471 orientalium
861 2407 928 2470 ritu
949 2407 1098 2490 paschali
1120 2407 1268 2492 quaestio
1286 2429 1363 2472 oon·

155 2525 357 2609 jungeretur
380 2547 454 2588 oum
478 2526 671 2609 quaestione
695 2527 735 2591 de
757 2526 895 2590 Joannei
919 2526 1083 2610 evangelii
1106 2527 1290 2606 authentia,
1315 2528 1363 2592 ita

161 2652 201 2707 nt
224 2645 264 2708 de
287 2643 347 2708 illa
369 2644 424 2709 vix
441 2646 513 2729 jam
535 2645 643 2729 possit
666 2646 837 2732 disputari,
864 2645 941 2730 quin
965 2648 1062 2730 hujus
1082 2647 1244 2711 habentur
1262 2648 1360 2712 ratio.

162 2764 280 2847 Neque
303 2765 374 2829 fieri
395 2765 517 2850 potuit,
543 2765 620 2850 quin
645 2767 760 2830 eadem
780 2765 838 2829 illo
857 2788 891 2830 re
908 2766 1014 2830 multo
1031 2768 1135 2850 major
1151 2790 1249 2850 quem
1264 2775 1362 2832 antea

163 2883 351 2948 efficeretur
379 2885 619 2950 sententiarum
647 2885 838 2962 diversitas3
869 2909 1006 2970 quarum
1035 2908 1117 2969 quae
1146 2909 1224 2952 vere
1252 2889 1296 2950 sit
1324 2895 1363 2952 ut

163 3003 402 3084 discernamus,
433 3011 511 3068 ante
535 3004 644 3069 omnia
671 2977 816 3070 breviter
845 3014 896 3069 est
924 3005 1169 3088 exponendum,
1202 3029 1361 3090 quaenam

162 3123 294 3187 omnino
318 3123 359 3187 de
382 3123 441 3188 illa
463 3146 497 3188 re
520 3125 582 3190 viri
605 3125 697 3189 docti
719 3125 910 3189 statuerint.

250 3247 279 3308 1.
305 3245 336 3306 A
358 3243 552 3308 ΜοειωΜηι
578 3244 710 3328 quidem
733 3244 938 3328 temporibus
961 3266 1065 3327 usque
1088 3244 1129 3308 ad
1149 3245 1361 3312 Nunuunuu¹

162 3371 197 3426 et
210 3363 464 3427 Rurrunnolun⁸
482 3386 594 3428 omnes
611 3363 678 3427 fere
689 3362 898 3447 judicabant,
917 3363 1052 3428 orientis
1068 3366 1122 3429 vel
1137 3366 1248 3452 potius
1262 3367 1361 3432 Asiae

162 3539 216 3546 ...-

250 3653 259 3686 ¹
286 3659 334 3718 De
358 3658 447 3717 rebus
473 3659 707 3720 christianorum
730 3664 801 3719 ante
826 3661 1062 3721 Constantinum
1085 3663 1130 3722 M.
1154 3665 1364 3724 commentarii

163 3743 218 3818 (17
223 3743 288 3818 53),
308 3766 336 3822 p.
354 3748 416 3803 435
433 3765 498 3822 sqq.

250 3824 261 3856 ²
282 3825 530 3904 Erlo'iuteruupeu
549 3825 623 3886 iiber
642 3826 673 3887 d.
697 3825 922 3905 Vernulamnup
942 3849 973 3888 u.
992 3827 1022 3890 d.
1044 3827 1290 3913 Besrhaffeulreit
1310 3830 1364 3893 der
1389 3871 1391 3876 -

164 3910 294 3972 bitetten
319 3909 665 3990 Paosabstreitipkeiteo
690 3912 724 3973 in
748 3913 801 3974 der
828 3912 946 3974 christi.
973 3911 1103 3985 Kirehe,
1135 3919 1181 3976 in:
1214 3914 1363 3977 Kircteu-

163 3995 269 4056 histor.
289 3995 401 4057 Archiv
420 4018 448 4058 o.
469 4003 671 4076 Srssunmu,
692 4005 904 4062 Tnsonrnunn
925 4020 955 4059 u.
976 4005 1102 4076 Vsrnn,
1123 4006 1220 4076 1823,
1241 4007 1311 4064 fase.
1334 4009 1363 4080 2,

163 4107 192 4164 p.
214 4088 380 4145 90-100.
402 4119 443 4128 —
468 4082 655 4162 Alipemeine
679 4084 855 4146 Gesoln'chle
875 4085 928 4145 uer
948 4083 1143 4146 christlicheu
1163 4085 1309 4167 Relipiou
1329 4110 1361 4150 u.

164 4164 293 4239 Kirohe,
316 4173 346 4244 Ι,
363 4174 382 4230 2
406 4171 535 4246 (1828),
554 4193 584 4251 p.
602 4177 790 4234 341-346.

251 4252 262 4283 ³
279 4251 345 4313 Der
357 4252 568 4315 Paschastreit
585 4255 615 4316 d.
632 4255 717 4318 alcen
730 4253 855 4326 Kirna,
871 4259 918 4318 in:
936 4251 1123 4339 Zeitsolrrf.
1137 4254 1245 4320 histor.
1262 4255 1361 4320 Ibeol.

164 4342 207 4414 11,
224 4344 242 4399 2
263 4342 388 4419 (1832),
408 4364 437 4422 p.
454 4345 612 4404 91-126.

1135 4445 1148 4494 1
