3128 4972
646 471 860 533 „09-

147 651 249 716 ἔθνεσι
265 651 347 734 μέχρι
363 651 519 716 Φοντὸνων·
542 649 625 717 ἄλλον
642 649 672 718 di
689 662 765 736 τρτῖς
781 651 930 735 σποράδην
947 653 977 719 ἐν
992 663 1057 726 τοῖς
1074 653 1106 732 ἓξ
1123 649 1140 737 ἢ
1156 654 1231 722 ἑπτὰ
1247 657 1359 737 morei-

147 803 241 845 ονονν·
264 779 291 844 oi
313 775 343 843 di
365 777 430 861 ἅμα
451 789 527 862 τρεῖς
548 780 607 864 πρὸ
626 786 677 863 τῆς
697 783 797 865 ἑορτῆς
814 783 1020 848 οννάπτοοονν·
1042 782 1071 847 oi
1087 779 1117 846 di
1134 782 1200 859 δύο,
1222 784 1263 856 ὡς
1279 785 1306 850 oi
1321 785 1360 850 τὰ

151 903 309 965 umaro
332 903 512 982 φρονοῦντες.
556 904 585 966 Ε
608 905 728 988 quibus
751 904 828 968 illos
851 905 995 990 quidem,
1023 905 1079 990 qui
1102 900 1184 984 ,uiua
1205 913 1281 987 τρεῖς
1301 904 1359 988 πρὸ

147 1023 199 1102 τῆς
216 1019 317 1102 ἑορτῆς
334 1021 557 1096 σννοὶπνονονν“,
578 1025 746 1088 Romanoa
770 1045 854 1104 esse,
878 1046 897 1090 e
919 1027 1057 1090 Socrate
1081 1025 1309 1110 eognovimus.

236 1142 304 1207 Sed
320 1142 394 1227 jem
417 1144 542 1228 egressi
565 1166 679 1209 sumus
703 1167 759 1210 eos
775 1167 858 1230 quos
874 1144 1101 1210 dissertationi
1123 1153 1256 1212 nostrae
1280 1169 1359 1212 oon·

149 1261 322 1327 stituimus
344 1263 438 1328 lines.
470 1263 589 1350 Neque
613 1263 701 1330 enim
722 1264 764 1330 de
788 1265 943 1351 antiquae
966 1265 1099 1330 omnino
1124 1265 1283 1332 ecelesiae
1299 1268 1358 1334 sed

148 1381 189 1447 de
219 1381 358 1447 seeundi
385 1390 518 1448 tantum
544 1384 669 1449 saeculi
697 1384 816 1449 ritibus
838 1385 1051 1471 paschalibus
1075 1386 1235 1453 disserere
1262 1387 1358 1453 nobis

148 1501 182 1566 in
204 1501 317 1566 animo
341 1510 424 1568 erat.
469 1504 655 1570 Redeamus
679 1504 782 1590 igitur
805 1504 847 1570 ad
869 1505 1077 1589 propositum
1099 1514 1199 1591 atque
1223 1529 1358 1593 quaera-

148 1643 237 1702 mus,
272 1644 357 1706 quae
384 1622 521 1688 tandem
548 1623 649 1688 luerit
671 1623 876 1710 jejuniorum
907 1624 1163 1710 occidentalium
1192 1649 1292 1692 eausa
1323 1635 1358 1692 et

148 1741 336 1807 eonsilium.
370 1743 446 1808 Qua
460 1744 501 1808 de
523 1765 559 1809 re
583 1744 664 1809 mihi
680 1744 811 1830 quidem
828 1766 1021 1829 persuasum
1044 1753 1107 1826 est,
1133 1745 1357 1812 occidentales

142 1862 275 1948 jejunia
302 1885 362 1927 sua
384 1886 451 1929 non
478 1863 542 1930 alio
567 1863 705 1929 oonsilio
733 1863 919 1931 instituisse
947 1873 1047 1950 atque
1071 1865 1227 1932 Asianos.
1273 1865 1357 1930 Cum

147 1983 233 2048 enim
262 1983 440 2049 sollemnia
467 2006 594 2064 eorum,
628 1983 716 2069 qnod
743 1985 786 2050 ad
813 2007 882 2050 rem
909 1984 1047 2065 attinet,
1080 2007 1213 2071 prorsus
1243 1985 1357 2052 eadem

146 2103 273 2168 fuerint
299 2111 400 2190 atque
423 2105 640 2184 Asianorum,
670 2128 689 2170 a
717 2127 793 2170 vero
822 2103 878 2168 vix
905 2105 1129 2170 aberrabimus
1157 2111 1356 2187 statuentes,

145 2224 248 2288 etism
265 2223 396 2308 jejunia
417 2247 530 2290 eorum
553 2224 671 2290 eodem
693 2224 850 2290 instituta
872 2247 944 2291 esse
968 2225 1118 2290 oonsilio.
1158 2226 1357 2290 Asianorum

144 2351 260 2410 sutem
282 2344 414 2429 jejunis
434 2345 506 2430 jam
529 2344 829 2410 demonstravimus
858 2368 924 2410 non
952 2345 1109 2411 instituta
1131 2367 1202 2410 esse
1231 2345 1265 2410 in
1288 2367 1356 2411 me·

145 2463 286 2530 moriam
296 2464 479 2530 dominicae
494 2465 669 2551 passionis.
693 2465 783 2529 Nam
798 2487 873 2528 eum
883 2464 1063 2530 Dominum
1078 2473 1229 2531 nostrum
1240 2465 1356 2551 quinto
1375 2506 1378 2559 p

146 2585 277 2651 decimo
294 2584 425 2649 demum
442 2585 494 2650 die
511 2593 678 2650 mortuum
698 2607 770 2650 esse
787 2592 985 2664 statuerent,
1004 2585 1133 2671 jejunia
1155 2593 1268 2651 autem
1284 2585 1355 2671 jam
1376 2592 1379 2643 l

146 2713 266 2790 quarto
283 2703 411 2769 deeimo
428 2704 480 2770 die
496 2706 676 2785 solverent,
701 2707 775 2770 luoe
798 2713 849 2770 est
865 2705 997 2786 elarius,
1016 2706 1147 2792 jejunia
1168 2707 1210 2771 ab
1233 2705 1272 2769 iis
1288 2728 1356 2770 non

147 2826 326 2890 observata
354 2846 427 2890 esse
455 2824 489 2890 in
516 2825 707 2890 memoriam
730 2825 866 2891 Domini
893 2825 999 2890 nostri
1022 2825 1197 2910 passionis.
1244 2825 1354 2890 Quare

141 2944 383 3031 judicavimus,
424 2967 481 3009 eos
509 2945 680 3030 jejunasse
710 2945 971 3032 praeparationis
1004 2967 1118 3025 eausa,
1158 2953 1196 3010 ut
1227 2945 1354 3009 sineero

146 3067 267 3152 pioque
294 3065 403 3130 animo
433 3066 474 3130 ad
498 3065 673 3130 sollemnia
697 3065 847 3131 laeienda
874 3065 1082 3130 secederent.
1130 3067 1242 3149 Atque
1264 3063 1354 3128 idem

148 3188 209 3250 hoo
239 3207 327 3250 nune
355 3185 530 3251 statuerim
559 3186 601 3250 de
629 3185 886 3250 oeoidentslium
910 3183 1063 3269 jejuniis,
1097 3182 1131 3246 id
1160 3183 1249 3267 quod
1280 3181 1354 3246 lon·

146 3295 231 3370 tium
252 3305 386 3390 quidem
409 3306 523 3372 relatis
547 3305 661 3370 sinon
683 3311 797 3390 aperte
817 3304 978 3389 probatur
1000 3311 1036 3368 at
1058 3310 1147 3367 certe
1169 3325 1235 3368 non
1255 3302 1354 3368 refel-

147 3425 238 3490 litur.
272 3427 345 3490 Imo
368 3424 482 3491 lavent
504 3425 582 3490 huie
605 3425 791 3490 sententiae
814 3431 959 3503 nostrae,
985 3445 1068 3508 quae
1091 3445 1133 3487 ex
1147 3423 1294 3488 Eosumo
1319 3430 1354 3487 et

149 3549 346 3611 Amnuusm
370 3569 469 3631 supra
496 3545 712 3623 attulimus¹;
741 3567 759 3611 e
783 3545 902 3628 quibus
924 3549 1034 3630 patet,
1063 3543 1197 3608 illorum
1220 3543 1353 3628 quidem

150 3667 353 3752 temporibus
377 3665 505 3752 jejunia
532 3665 707 3751 praecipue
729 3663 988 3750 praeparationis
1012 3685 1111 3728 eausa
1140 3684 1211 3727 esse
1241 3663 1354 3726 obser·

148 3795 236 3853 vata.
282 3787 328 3851 Et
351 3809 548 3872 quamquam
571 3786 660 3851 idem
681 3783 844 3848 Eusebius
868 3783 983 3863 donet,
1013 3789 1146 3867 praeter
1167 3784 1253 3847 hano
1277 3803 1353 3845 enu-

148 3931 214 3972 sam
244 3907 346 3972 etiam
373 3907 408 3971 in
431 3905 592 3993 passionis
616 3903 799 3970 dominicae
822 3903 1013 3968 memoriam
1028 3903 1221 3988 jejunatum
1244 3900 1351 3980 esse',

233 4183 244 4218 ¹
235 4099 735 4290 iie51iaidi.e.11:uapaamq
748 4177 799 4288 μὲν
812 4179 876 4264 ἡμῖν
890 4180 963 4247 ἔστω
977 4205 1099 4286 νρστενο,
1113 4178 1238 4281 πένθους
1252 4175 1352 4262 σύμβο-

148 4273 206 4348 lov,
225 4279 283 4338 τῶν
302 4274 444 4360 προτέρων
463 4269 526 4354 ἡμῖν
541 4269 624 4355 χᾶρνν
643 4267 855 4352 ἁμαρτημάτων
872 4263 921 4332 καὶ
934 4265 1042 4349 ροντ’μρς
1056 4262 1136 4330 ἕνεκα
1151 4268 1201 4328 τοῦ
1215 4263 1352 4348 οωτρρίοο

148 4359 270 4432 πάθους.
