2998 4972
283 399 344 464 182
1335 393 1402 448 ⁶²⁰

281 561 425 644 καθεξῆς
446 557 508 624 ούκ
531 557 746 641 αἰτηθέντας,
768 559 910 642 ξφυσικςό
931 555 970 620 δέ
991 555 1084 642 νόμῳ
1110 556 1315 640 κινηθέντος
1335 555 1400 642 Ιάφ’

280 662 410 728 ἑαυτῶν
437 659 660 744 προσενέγκαι
679 661 808 722 θυσίαν
832 659 905 743 θεῷ
931 654 999 723 άπὸ
1026 656 1162 741 γνιόμης
1190 655 1402 742 εὐχαρίστου,

281 762 450 848 ἐπιτρέπει
466 759 522 826 καὶ
539 763 605 824 νῦν
620 757 797 846 Ἑβραίοις,
820 756 862 824 οὐ
877 759 1100 843 προστάσσων
1121 757 1197 824 ἀλλ’
1220 761 1263 840 (εί
1276 763 1402 844 βουλη-

279 868 377 946 θῶσι)
394 865 580 946 συγχωρῶν
594 860 651 925 καὶ
666 863 707 944 Ιεί
718 857 785 925 ἀπὸ
800 857 906 946 όρθῆς
918 859 1055 944 γνοίμης
1070 863 1327 945 προσοίσουσινΙ
1348 859 1402 927 εύ-

246 981 263 1032 υ
281 968 393 1031 δοκῶν
409 963 465 1030 ἐπί
479 974 552 1038 ταῖς
571 965 709 1039 θυσίαις
730 960 853 1026 αὐτῶν.
899 959 956 1026 διά
975 958 1076 1026 τούτό
1097 978 1203 1046 φησιν
1218 963 1263 1028 Εἰ
1272 967 1402 1029 θυσίαν

283 1066 477 1147 ἐπιθυμεῖς,
501 1060 542 1128 ού
564 1063 713 1150 δεομένῳ
732 1083 790 1147 μοι
809 1066 890 1128 θῦε·
918 1059 1059 1138 ούδενδς
1078 1060 1144 1148 γάρ
1166 1064 1206 1128 ἐν
1224 1067 1322 1151 χρείη
1342 1088 1402 1130 πα-

280 1167 449 1251 θέστηκα·
476 1163 536 1249 ἐμῆ
552 1164 617 1249 γάρ
634 1163 727 1230 ἐστιν
743 1160 763 1249 ῆ
784 1165 964 1249 οἰκουμένη
981 1162 1036 1228 καί
1052 1161 1092 1228 τὸ
1106 1163 1272 1250 πλήρωμα
1287 1161 1400 1250 αὐτῆς.

282 1263 380 1334 όπότε
412 1268 450 1332 δέ
483 1268 519 1331 οἰ
546 1269 607 1332 τοῦ
640 1269 724 1330 λαοῦ
758 1264 887 1332 τούτων
918 1263 1111 1350 ἀμνήμονες
1142 1261 1314 1349 ὑπῆρξαν,
1347 1266 1402 1332 καὶ

280 1369 408 1455 μόσχον
427 1367 502 1434 άντί
521 1369 607 1432 θεοῦ
624 1365 710 1433 θεόν
732 1367 977 1434 ἐπεκαλέσαντο
999 1366 1057 1431 καλ
1077 1365 1186 1454 τούτφ
1206 1364 1270 1450 τῆν
1292 1369 1403 1434 αἰτίαν

232 1483 264 1537 10
280 1475 339 1555 τῆς
355 1470 389 1549 ἐξ
407 1465 583 1553 Αἰγύπτου
602 1473 739 1554 πορείας
757 1467 952 1554 ἐπέγραψαν
972 1468 1125 1551 λέγοντες
1148 1457 1251 1533 Ούτοι
1271 1469 1311 1532 οἰ
1326 1474 1405 1534 θεοί

280 1569 517 1656 σου,’1σραη’λ,
541 1571 578 1635 οί
594 1569 811 1655 ἐξαγαγόντες
830 1587 868 1636 σε
891 1569 929 1637 ἐκ
949 1573 1012 1654 γῆς
1033 1568 1219 1652 Αἰγύπτου,
1238 1567 1298 1634 καλ
1319 1571 1402 1636 δυτ-

281 1672 484 1758 σεβῆσαντες
506 1673 553 1748 είς
576 1666 726 1756 ὁμοίωμα
746 1672 874 1756 μόσχου
903 1669 1079 1746 ἐσθίοντος
1099 1668 1222 1754 χόρτον
1247 1667 1403 1756 άπηρνῆ-

281 1791 384 1841 σαντο
403 1771 488 1839 θεόν
517 1771 654 1838 τὸνδιὰ
676 1773 826 1849 Μωσέως
853 1771 1124 1854 ἐπισκεψάμενον
1152 1768 1274 1848 αύτούς
1301 1771 1341 1838 ἐν
1363 1778 1403 1859 τῇ

279 1879 397 1952 θλίψει
420 1871 550 1957 αὐτῶν,
578 1873 639 1939 τόν
660 1873 701 1938 τὰ
723 1884 844 1959 σημεῖα
867 1872 922 1938 ἐπὶ
942 1869 1053 1957 χειρός
1074 1872 1131 1938 καὶ
1153 1871 1284 1957 ῥάβδου
1306 1897 1402 1959 ποιη-

233 1992 263 2044 ισ
280 1976 445 2060 σύμενον,
483 1971 543 2038 τόν
576 1975 783 2058 Αἰγυπτίους
816 1973 1017 2060 δεκαπλῆγφ
1044 1973 1252 2058 πατάξαντα,
1290 1973 1354 2042 τόν
1385 1979 1401 2016 *

282 2075 436 2164 ἐρυθρὰν
467 2075 648 2141 θάλασσαν
683 2077 837 2144 διελόντα
876 2079 922 2153 είς
951 2076 1130 2160 διαιρέσεις
1159 2070 1308 2159 ὑδάτων,
1346 2077 1403 2143 τδν

281 2178 485 2263 διαγαγόντα
506 2173 629 2253 αύτούς
650 2176 688 2244 ἐν
708 2179 798 2266 μέσῳ
818 2177 941 2270 ὕδατος
963 2175 1008 2255 ῶς
1022 2179 1129 2244 ἰππον
1145 2177 1184 2245 ἐν
1203 2177 1320 2265 πεδίῳ,
1344 2179 1403 2246 τόν

281 2277 360 2357 τούς
391 2277 535 2364 ἐχθρούς
567 2276 680 2345 αὐτῶν
708 2281 765 2347 καὶ
795 2279 997 2364 ἐπιβούλους
1024 2282 1233 2363 βυθίσαντα,
1264 2279 1326 2346 τόν
1358 2284 1404 2358 εἰς

282 2380 427 2467 Μερράν
441 2380 504 2465 τῆν
518 2380 645 2468 πικράν
660 2381 772 2468 πηγῆυ
786 2382 1014 2464 γλυκάναντα,
1030 2385 1090 2446 τόν
1106 2381 1144 2448 έκ
1162 2381 1284 2466 πέτρας
1298 2380 1402 2468 άκρο-

230 2497 264 2550 20
282 2484 387 2568 τόμον
409 2483 641 2567 καταγαγόντα
662 2481 756 2568 ὕδωρ
776 2484 822 2559 εἰς
844 2482 1061 2567 πλησμονήν,
1089 2480 1149 2548 τὸν
1170 2482 1282 2570 στύλφ
1302 2485 1403 2568 νεφέ-

282 2589 342 2668 λης
363 2584 418 2648 καλ
438 2583 549 2671 στύλφ
570 2584 676 2669 πυρός
697 2585 874 2663 σκιάζοντα
894 2579 1008 2660 αὐτοῖς
1029 2581 1086 2648 διδ
1106 2584 1240 2660 θάλπος
1257 2582 1403 2669 ἄμετρον

282 2684 339 2750 καλ
353 2686 371 2725 *
386 2688 572 2769 φωτίζοντα
587 2685 644 2750 καλ
658 2682 845 2770 ὁδηγούντα
859 2682 937 2761 τοὺς
952 2681 1014 2749 οὐκ
1029 2683 1158 2761 εἰδότας
1176 2681 1263 2750 ὅπου
1277 2707 1402 2770 πορευ-

281 2790 408 2869 θῶσιν,
432 2784 493 2851 τόν
512 2785 546 2864 ἐξ
569 2782 719 2871 ούρανοῦ
739 2785 1040 2870 μαννοδοτῆσαντα
1061 2782 1175 2862 αὐτοῖς
1196 2785 1254 2850 καὶ
1277 2787 1318 2853 ἐκ
1337 2794 1401 2853 θα-

350 3028 365 3077 7
384 3027 476 3078 Psalm
495 3025 541 3092 50,
564 3025 614 3086 121
633 3025 662 3076 10
680 3025 757 3076 Exod
775 3023 821 3087 32,
841 3023 876 3090 λΙ
893 3025 1029 3076 12Ροο1αι
1046 3023 1101 3087 106,
1119 3021 1172 3092 2οΙ
1191 3023 1220 3074 17
1239 3025 1297 3090 ΙττιΙ
1316 3023 1358 3084 63,
1374 3023 1402 3078 Ῑδ

284 3246 295 3296 Ι
316 3237 367 3297 ούκ
433 3249 449 3296 2
467 3245 529 3314 θεῶ
546 3252 624 3311 xyzt,
648 3239 715 3306 τούς
732 3239 982 3311 προσενέγκαντας
1004 3236 1061 3310 άφ*
1085 3235 1195 3296 ἑαυτῶν
1218 3243 1331 3296 θυσίαν
1354 3244 1401 3295 τῶι

283 3329 355 3382 θεῶι
374 3347 397 3379 w
412 3329 416 3392 Ι
432 3333 448 3379 2
467 3322 640 3396 εύχαρίτταν
657 3333 699 3381 Y?
721 3329 726 3394 Ι
744 3330 760 3380 3
779 3321 924 3394 ἐπιτρέπει
942 3335 1015 3394 xyst,
1034 3317 1124 3388 οὕτως
1142 3343 1166 3378 w
1181 3331 1186 3388 Ι
1201 3328 1217 3380 3
1235 3321 1401 3394 προστάτιν

282 3431 306 3464 w
326 3413 331 3478 Ι
350 3415 374 3465 3.
392 3417 408 3464 4
431 3413 615 3480 βουληθῶσιν
638 3430 655 3464 x
682 3411 686 3478 Ι
713 3416 728 3463 4
753 3412 908 3479 συγχωρῶν
925 3429 942 3464 x
969 3413 973 3480 Ι
999 3415 1016 3464 4
1034 3405 1149 3479 γνύμης
1166 3411 1352 3477 προτρέπουσι
1371 3431 1400 3471 π,

282 3500 466 3562 προτείνουσι
477 3494 593 3564 γνῶμης
604 3505 651 3562 γττ
664 3497 844 3566 Ιπροτοίτωσι
855 3496 879 3563 t]
897 3497 901 3564 Ι
916 3499 933 3550 5
951 3495 1061 3549 θυσίαν
1079 3515 1131 3562 wx,
1150 3490 1239 3550 θύειν
1255 3503 1304 3562 yut
1318 3499 1323 3565 Ι
1337 3497 1355 3548 6
1371 3491 1401 3550 ἐν

282 3580 375 3648 χρείᾳ]
393 3583 488 3648 χρεῖος
505 3599 523 3631 x
538 3579 542 3647 Ι
557 3581 574 3632 8
591 3577 633 3650 οἰΙ
653 3577 671 3649 ῆ
691 3600 704 3633 τ
720 3583 724 3648 Ι
740 3583 756 3632 8
774 3575 877 3634 τούτου
894 3583 925 3645 tl
943 3581 975 3633 10
995 3580 1099 3648 πυρίας
1117 3573 1399 3648 111213άιηςνῆ-

282 3680 385 3725 σαντος
403 3683 416 3715 τ
433 3666 437 3729 Ι
454 3666 485 3717 13
503 3661 637 3732 μωύτέως
655 3685 680 3717 w
695 3669 699 3732 Ι
717 3669 747 3719 11
765 3664 882 3734 σημεῖα]
902 3667 970 3733 μεΐα
988 3668 1023 3718 W
1039 3669 1043 3732 Ι
1061 3667 1092 3718 14
1110 3658 1158 3718 ἐπλ
1175 3673 1248 3730 xyzt,
1268 3660 1319 3718 διά
1337 3683 1360 3716 ιτ
1372 3667 1399 3716 in

282 3765 380 3802 rasura
400 3753 404 3815 Ι
427 3750 457 3801 15
476 3744 526 3802 τὸν
544 3746 715 3818 δεκαπλῆγω
733 3747 903 3818 αίγυπτίους
921 3769 957 3814 w,
978 3747 1028 3802 καί
1045 3744 1112 3810 τοδς
1129 3745 1301 3816 αἰγυπτίους
1318 3749 1399 3802 δεκα-

282 3828 380 3902 πλῆγω
398 3841 409 3885 t
424 3833 428 3900 Ι
445 3836 476 3886 15
495 3829 567 3887 δέκα
584 3837 707 3903 πληγαῖς
725 3853 758 3903 γε
778 3839 782 3900 Ι
806 3837 836 3887 15
853 3835 1030 3903 μαστίξαντα
1047 3852 1081 3900 yz
1096 3835 1102 3902 Ι
1119 3835 1150 3886 15
1167 3829 1220 3902 τῆν
1237 3834 1271 3902 -Ι-
1288 3841 1335 3900 yzt
1348 3837 1353 3899 Ι
1368 3835 1400 3884 15

282 3915 417 3972 διελόντα
435 3913 589 3973 θάλασσαν
606 3927 652 3987 yzt
667 3922 671 3986 Ι
690 3921 720 3971 17
739 3920 848 3973 παιδίω
865 3923 885 3972 Ζ
901 3923 906 3985 Ι
924 3921 955 3972 18
972 3916 1145 3987 βυθῆταντα
1163 3921 1222 3970 πΖτ
1237 3919 1241 3984 Ι
1263 3919 1295 3970 18
1312 3915 1353 3978 εἰς

285 4005 316 4056 111
333 3997 517 4071 γλυκάναντα
534 4013 607 4069 xyzt,
628 3999 682 4071 τῆν
699 3999 796 4073 πηγὴν
814 3999 867 4073 τῆν
884 3998 992 4070 πικράν
1009 3999 1052 4065 εἰς
1069 4001 1169 4070 μερῶν,
1189 3997 1363 4068 γλυπύναντι
1375 4019 1398 4050 w

285 4136 287 4150 ,
308 4090 350 4141 20.
364 4090 394 4140 21
415 4083 517 4140 στύλοι
535 4083 625 4154 πυρὸς
642 4085 692 4140 καλ
710 4083 811 4142 στύλωι
830 4086 953 4156 νεφέλης
970 4107 994 4138 w
1010 4089 1013 4153 Ι
1034 4090 1066 4140 21
1086 4085 1136 4140 καλ
1153 4081 1245 4152 ττύλτμ
1262 4083 1351 4152 πυρὸς
1366 4087 1398 4150 >

282 4175 321 4224 Υι
336 4175 340 4237 Ι
355 4175 386 4225 21
408 4168 530 4237 σκιάζων
548 4191 572 4224 w
592 4175 596 4238 1
617 4175 650 4224 22
669 4169 760 4240 στόλῳ
777 4170 868 4239 πυρὸς
885 4176 919 4241 ÷
936 4191 969 4240 γτ
989 4175 994 4238 Ι
1014 4174 1047 4224 22
1066 4171 1232 4238 φωτίζοντα
1250 4189 1267 4223 x
1287 4171 1292 4237 Ι
1311 4173 1354 4223 22.
1366 4169 1398 4220 23

283 4256 471 4321 πορευθῶσιν
489 4275 522 4320 w,
542 4257 708 4323 πορευθῶσι
725 4263 773 4323 γττ
787 4261 791 4322 Ι
807 4259 840 4310 23
858 4253 1120 4326 μανναδοτῆσαντα
1139 4261 1282 4309 corrector
1298 4271 1331 4318 w,
1348 4243 1398 4316 ἆρ-

283 4356 332 4392 τον
351 4334 438 4393 δόντα
457 4335 488 4393 τό
506 4335 603 4408 μάννα
620 4361 653 4408 γτ
674 4337 763 4410 [μύνα
783 4341 806 4408 z]
824 4341 827 4410 Ι
842 4343 876 4394 23
894 4360 911 4408 p
927 4341 1010 4404 183,1
1031 4333 1178 4407 θαλάττης
1196 4357 1220 4390 w
