2994 4972
79 431 92 466 ε
115 415 216 467 12-14
1140 423 1196 484 141

77 579 245 664 περισσόν
271 585 334 646 τοῦ
362 584 515 666 πονηροῦ
543 576 629 646 εἶναι
653 581 758 665 λέγει,
785 580 878 668 πόσῳ
895 583 1025 665 μάλλον
1045 577 1202 647 ὑπόδικοι

77 687 93 720 *
111 684 148 748 οί
160 681 201 748 τά·
223 682 432 767 ψευδιόνυμα
446 679 491 760 άς
505 681 603 765 ὅρκια
619 681 846 767 ἑπομνόμενοι
868 681 925 748 καλ
945 681 985 749 τά
1003 683 1202 768 νομιζόμενα

77 783 158 850 ἀντί
185 788 254 850 τοῖν
284 782 425 868 ἀληθῶν
455 785 668 863 δοξάζουτεςς
698 780 758 862 οδς
783 780 801 850 ό
822 781 903 860 θεός
931 781 987 849 διά
1011 789 1202 869 μοχθηρίαν

33 887 282 971 13παρέδωκεν
298 890 345 964 είς
359 883 542 970 ἀβουλίαν,
564 885 715 970 ἐνεργεῖν
737 886 777 952 τά
801 883 845 970 μή
868 887 998 952 δέοντα.
1018 893 1024 968 Ι
1043 885 1102 963 τάς
1121 883 1203 970 ήμὲ-

79 1013 143 1072 ρας
171 992 241 1053 τῶν
269 989 396 1068 ἑορτῶν
424 987 632 1072 φυλάσσετε,
656 985 816 1074 ἀδελφοί·
846 988 902 1054 καί
922 987 1059 1075 πριότην
1080 1011 1119 1071 γε
1140 986 1236 1072 τήν5

77 1092 279 1174 γενέθλιον,
303 1089 374 1175 ήτις
390 1087 470 1174 ὑμῖν
487 1088 705 1156 έπιτελείσθω
721 1093 762 1175 τῇ
780 1089 887 1157 εἰκάδι
903 1092 1033 1175 πέμπτη
1047 1093 1108 1154 τοῦ
1123 1087 1202 1156 ἐνά-

78 1217 142 1258 του
174 1191 291 1277 μηνός.
335 1189 413 1275 μεθ’
442 1187 488 1275 ήν
516 1187 536 1276 ἡ
568 1191 747 1276 έπιφάνιος
778 1187 858 1276 ὑμῖν
892 1195 976 1258 έστω
1009 1191 1200 1276 τιμιωτάτη,

79 1292 164 1360 καθ’
186 1291 233 1379 ήν
259 1291 277 1358 ὁ
304 1292 419 1380 κύριος
440 1293 613 1372 ἀνάδειξιν
635 1295 653 1332 *
681 1297 739 1378 τῆς
761 1297 885 1371 οἰκείας
905 1293 1064 1377 θεότητος
1086 1293 1202 1377 έποιή-

80 1415 181 1460 σατο·
209 1396 357 1478 γινέσθω
380 1395 416 1460 δὲ
434 1393 490 1460 καί
508 1393 590 1479 αὕτη
614 1398 692 1482 ἑκτη
714 1400 774 1460 τοῦ
795 1396 940 1462 δεκάτου
959 1395 1074 1480 μηνός.
1119 1394 1202 1479 μεθ’

81 1494 126 1582 ἑήν
148 1500 167 1536 *
189 1497 362 1582 φυλακτέα
383 1493 403 1580 ή
428 1501 564 1581 νηστεία
589 1501 647 1582 τῆς
670 1501 954 1583 τεσσαρακοστῆς,
984 1497 1120 1582 μνήμην
1143 1519 1201 1562 πε-
1223 1512 1254 1562 10

81 1602 243 1686 ριέχουσα
259 1603 317 1683 τῆς
339 1601 399 1664 τοῦ
417 1601 540 1682 κυρίου
559 1603 728 1678 πολιτείας
749 1599 856 1666 τεκαὶ
877 1605 1089 1684 νομοθεσίας.
1129 1598 1202 1664 ἑπι-

82 1707 248 1769 τελείσθω
281 1702 318 1766 δὲ
339 1697 359 1785 ή
382 1704 519 1784 νηστεία
540 1700 623 1786 αὕτη
650 1700 716 1786 πρὸ
739 1707 798 1786 τῆς
820 1707 974 1787 νηστείας
997 1705 1058 1767 τοῦ
1080 1701 1201 1786 πάσχα,

81 1805 252 1889 ἀρχομένη
273 1803 336 1888 μὲν
352 1800 420 1868 ἀπὸ
437 1804 606 1888 δευτέρας,
625 1805 840 1890 πληρουμένη
857 1805 894 1870 δὲ
910 1807 956 1880 είς
971 1803 1201 1888 παρασκευήν.

82 1905 166 1991 μεθ’
199 1902 239 1982 ἀς
266 1902 577 1990 ἀπονηστεόσαντες
604 1905 753 1990 ἀρξασθε
785 1911 843 1990 τῆς
875 1902 971 1990 ἀγίας
1004 1910 1064 1972 τοῦ
1092 1905 1203 1989 πάσχα

83 2009 287 2093 ἑβδομάδος,
311 2005 529 2092 νηστεύοντες
550 2004 657 2092 αὐτήν
677 2007 800 2086 πάντες
814 2006 897 2093 μετά
911 2008 1024 2092 φόβου
1046 2007 1102 2073 καλ
1124 2006 1254 2088 rod-15

37 2121 73 2180 14
83 2135 171 2194 μου,
188 2108 453 2194 προσευχόμενοι
468 2109 507 2174 ἑν
525 2107 641 2186 αὐταῖς
656 2109 733 2194 περί
749 2115 817 2178 τάν
830 2109 1086 2194 ἀπολλυμένων.
1112 2113 1117 2195 Ι
1140 2107 1203 2193 ἤρ-

84 2217 186 2293 ξαντο
213 2211 278 2298 γάρ
305 2210 367 2294 τήν
388 2211 472 2278 κατά
494 2216 555 2277 τοῦ
577 2216 700 2296 κυρίου
723 2210 909 2297 ἐπιβουλήν
929 2219 1101 2279 ποιεῖσθαι
1123 2213 1204 2276 δευ-

84 2319 165 2402 τέρᾳ
184 2313 366 2398 σαββάτων
381 2317 462 2398 μηνί
479 2313 612 2402 πράτφ,
631 2313 667 2391 ὅς
679 2314 749 2381 ἐστι
769 2313 952 2391 Ξανθικός
977 2313 1032 2379 καί
1052 2317 1093 2397 τῇ
1108 2317 1203 2398 τρίτη

85 2421 146 2483 τοῦ
169 2415 342 2501 σαββάτου
365 2417 560 2501 παρέτεινεν
581 2413 601 2501 ή
625 2417 758 2496 σκέψις,
777 2421 818 2502 τῇ
835 2417 871 2482 δὲ
888 2415 1021 2498 τετράδι
1037 2411 1204 2497 άρίσαντο

85 2523 223 2606 σταυρῷ
251 2516 387 2584 ἀνελεῖν
417 2516 530 2584 αὐτόν.
576 2516 633 2584 καλ
650 2517 776 2596 Ἰούδας
796 2515 899 2603 γνοὺς
920 2521 1035 2601 τοῦτο,
1060 2515 1097 2582 ἑκ
1120 2521 1205 2581 πολ·
1221 2529 1255 2582 20

85 2625 149 2686 λοῦ
169 2621 234 2704 μὲν
256 2619 489 2707 διαστραφείς,
520 2621 594 2686 τότε
617 2622 654 2687 δέ
675 2619 732 2686 καί
752 2617 810 2688 ὑπ’
834 2618 1020 2687 αὐτοῦτοῦ
1042 2618 1204 2703 διαβόλου

85 2722 226 2807 βληθείς
246 2725 464 2808 φιλαργυρίᾳ,
484 2727 593 2790 καίτοι
616 2725 720 2789 πάλαι
739 2723 776 2788 τό
793 2723 1035 2807 γλωσσόκομον
1058 2721 1205 2806 ἐγκεχει-

87 2825 245 2910 ρισμένος
266 2823 323 2890 καλ
343 2823 494 2890 κλέπτων
516 2824 556 2891 τά
577 2829 645 2890 τοῖν
667 2827 833 2910 πενήτων,
854 2823 918 2891 οὐκ
939 2823 1116 2910 ἀπεβλήθη
1138 2820 1205 2888 ὑπό

86 2931 147 2993 τοῦ
168 2929 292 3009 κυρίου
315 2924 372 2992 διά
393 2929 649 3012 μακροθυμίαν·
673 2926 760 2994 ἀλλά
781 2929 837 2995 καί
858 2930 938 2994 ποτὲ
959 2930 975 2967 *
996 2927 1205 3010 ἑστιωμένων

85 3028 182 3114 ἡμῶν
210 3027 275 3094 σόν
309 3027 417 3115 αὐτῷ,
446 3030 654 3114 βουλόμενος
680 3028 737 3095 καί
763 3027 867 3096 αὐτὸν
901 3032 1112 3113 σωφρονίσαι
1148 3025 1204 3091 καλ
1221 3041 1255 3092 25

85 3131 171 3217 ἡμᾶς
200 3132 379 3196 παιδεῦσαι
399 3129 461 3216 τήν
482 3131 678 3215 πρόγνωσιν
699 3129 821 3214 αὐτοῦ,
850 3133 938 3214 λέγει
955 3127 1058 3214 Ἀμήυ
1079 3131 1097 3168 *
1119 3128 1204 3211 λέγω

37 3232 178 3319 ,οὑμῖν
195 3232 246 3298 ότι
261 3223 309 3310 είς
330 3231 364 3310 ἐξ
384 3229 480 3316 ὑμῶν
495 3234 688 3318 παραδόσει
705 3256 761 3318 με·
778 3239 792 3320 ΙΙ
807 3231 863 3299 καὶ
880 3232 1024 3298 ἑκάστου
1038 3227 1134 3315 ήμῶν
1151 3231 1205 3295 λέ-

153 3391 170 3442 3
188 3391 257 3441 Rom
277 3389 301 3452 1,
319 3390 370 3439 ιιι
385 3389 389 3454 Ι
405 3390 438 3441 ιο
456 3390 505 3442 Ioh
525 3391 566 3456 13,
584 3389 616 3442 ει

87 3545 99 3596 1
114 3539 144 3596 ολ
154 3535 273 3596 κόθικοι
292 3561 319 3606 x,
339 3545 459 3596 correxit
472 3559 568 3596 manus
581 3561 635 3596 non
654 3559 757 3612 graeca
772 3561 853 3611 quam
871 3559 1018 3610 numquam
1037 3559 1102 3594 curo
1117 3542 1121 3606 Ι
1137 3544 1153 3594 2
1167 3536 1205 3594 εί-

85 3645 132 3682 σιν
149 3629 185 3695 -Ι-
201 3645 235 3694 yz
251 3631 256 3693 Ι
272 3629 288 3676 2
306 3619 460 3694 ἑπομνόοις
478 3645 512 3692 w,
531 3630 579 3680 sed
598 3623 660 3688 όοις
677 3631 706 3680 in
724 3646 821 3682 rasura
836 3627 841 3696 Ι
856 3630 873 3680 6
890 3623 994 3696 όμάντ
1009 3627 1044 3696 Ιδ
1062 3627 1096 3694 τῇ
1113 3628 1148 3692 >
1159 3633 1206 3692 yzt

86 3715 91 3782 Ι
111 3715 128 3766 t}
146 3716 181 3768 ῐὲ
198 3731 215 3764 x
236 3712 239 3779 Ι
255 3712 272 3764 6
289 3708 387 3778 πὲμκη
405 3731 423 3779 y
438 3713 442 3778 Ι
458 3713 475 3764 6
493 3717 521 3764 in
539 3717 663 3781 margine
678 3732 697 3780 y
715 3709 790 3774 τινὲς
809 3709 841 3768 δέ
861 3711 948 3767 δεκάτ
966 3715 1041 3766 nullo
1059 3716 1138 3780 signo
1157 3713 1204 3764 ad·

86 3803 144 3850 dito
161 3800 165 3864 Ι
181 3797 206 3849 ό.
220 3799 236 3848 7
255 3790 378 3850 έννάτον
395 3815 427 3858 ιν,
448 3791 572 3850 έναότου
589 3816 603 3849 τ
620 3798 623 3865 Ι
639 3800 654 3849 7
673 3793 840 3866 τιμιωτάτηι
858 3817 882 3850 w
897 3801 902 3863 Ι
917 3800 933 3850 8
950 3791 1022 3866 ἡμῖν
1038 3799 1074 3867 -Ι-
1090 3817 1116 3862 x,
1135 3789 1206 3866 ὑμῖν

85 3885 118 3952 -Ι-
135 3889 185 3950 yzt
204 3882 209 3950 Ι
228 3883 245 3933 8
264 3879 358 3942 οίκίας
376 3901 400 3934 w
420 3886 424 3949 Ι
445 3883 461 3934 9
479 3871 566 3950 αότηι
583 3901 622 3949 w,
642 3876 714 3951 αότὴ
733 3893 744 3933 t
760 3885 764 3947 Ι
783 3886 800 3935 11
818 3879 893 3945 τινές
913 3878 945 3936 δέ
964 3877 1091 3938 ἀνθιναί
1111 3901 1205 3950 margo

84 3989 111 4036 γ,
130 3968 296 4033 νὶδεθΙῙθ
313 3956 351 4035 ἣν
369 3985 420 4033 wx,
439 3956 475 4027 ἀς
492 3975 540 4034 yzt
560 3971 565 4033 Ι
586 3971 619 4021 10
637 3964 707 4037 ιἠιίν
723 3969 758 4034 -Ι-
774 3971 840 4035 γτιΙ
863 3970 890 4022 ll
911 3985 941 4020 τε
958 3971 993 4033 >
1010 3987 1034 4020 w
1050 3970 1054 4032 Ι
1072 3968 1102 4020 13
1119 3960 1207 4020 διιόί

114 4056 146 4106 16
163 4043 369 4119 ἀπολλυμένων
387 4051 417 4120 1Ι
434 4053 465 4104 17
483 4048 591 4122 βουλὴν
609 4057 674 4120 γτίΙ
697 4055 785 4106 17.18
803 4050 939 4120 δευτέρου
957 4071 971 4106 τ
992 4056 996 4118 Ι
1019 4055 1049 4105 18
1068 4045 1144 4104 ἐστιν
1162 4070 1179 4104 x
1200 4051 1204 4119 Ι

87 4139 119 4190 19
137 4131 275 4203 τετράδηι
294 4155 318 4188 w
341 4137 346 4205 Ι
372 4139 402 4189 19
419 4130 561 4203 ἀρέσαντο
579 4157 668 4208 ιιιγτ,
687 4130 796 4205 άρισακ
814 4141 881 4194 wit
906 4139 911 4207 Ι
938 4139 969 4190 21
989 4137 1038 4191 καλ
1054 4140 1089 4202 >
1106 4139 1129 4186 Y
1150 4138 1154 4201 Ι
1174 4139 1206 4188 22

85 4216 293 4290 γλωσσόκομον
304 4241 326 4274 w
341 4221 348 4290 Ι
361 4225 395 4273 24
404 4239 472 4276 ποτε
481 4225 515 4288 >
524 4242 547 4274 w
563 4223 567 4292 Ι
583 4227 615 4276 24
628 4221 681 4292 μέν
692 4225 725 4292 -Ι-
738 4231 749 4276 1
764 4226 769 4294 Ι
784 4227 816 4278 25
829 4223 1014 4292 σωφρονῆσαι
1026 4241 1050 4274 w
1065 4221 1070 4290 Ι
1085 4221 1119 4272 211
1129 4214 1206 4288 ήμάς

84 4307 245 4362 παιδεῦσαι
265 4305 416 4374 Ιιτεδιάοαι
435 4307 470 4377 w]
491 4317 554 4374 ωτι,
573 4303 644 4378 ἡμῖν
662 4309 756 4374 δείξαι
769 4329 802 4376 yz
819 4311 823 4374 Ι
838 4311 871 4362 26
888 4302 968 4376 ἀμήν
984 4309 1018 4374 -Ι-
1035 4316 1082 4373 γει
1097 4306 1101 4372 Ι
1116 4309 1149 4358 27
1162 4298 1206 4360 ότι

82 4397 119 4460 >
136 4396 175 4444 Yz
192 4394 245 4455 127
263 4384 344 4459 ὑμῶν
361 4399 373 4444 t
388 4393 393 4457 Ι
407 4395 440 4444 27
459 4411 475 4460 p
491 4395 568 4456 142,1
588 4389 728 4461 λεγόντων
745 4413 769 4446 w
