3120 4980
111 249 211 304 XXIV

181 431 219 485 16
244 442 296 510 χρ.
315 424 393 495 ἦσαν
409 418 450 510 [l]
475 429 524 484 καὶ
544 427 629 484 αὐτοὶ
645 427 829 505 πνεύματος.

181 540 218 594 17
245 541 298 595 τοῦ
315 537 482 618 μάρτυρος.
911 519 912 522 ¹

181 649 219 702 19
244 639 374 704 rubrica
391 637 606 727 praemittitur
628 647 694 725 περὶ
716 651 822 726 καιροῦ
838 643 950 725 εὐχῶν.
967 639 1089 703 Παύλου
1112 640 1291 703 ἀποστόλου.

178 757 219 810 20
244 755 310 833 μέν,
335 753 587 835 εὐχαριστοῦντες
603 751 657 812 ὅτι.
682 769 758 811 mox
782 755 820 809 21
848 755 932 834 τρίτη
950 745 982 810 δέ
999 750 1078 834 ὥρᾳ.

177 865 217 920 23
242 867 316 945 poet
331 863 456 945 χριστὸς
477 855 606 920 additur
625 865 676 921 καὶ
691 865 831 943 νυγέντος
849 861 943 920 αὐτοῦ
961 859 990 918 έν
1007 869 1042 938 τη
1060 856 1175 943 πλευρᾷ
1199 861 1293 921 αὐτοῦ

242 965 368 1044 ἐξῆλθεν
392 966 470 1050 αἷμα
492 973 541 1029 καὶ
557 965 651 1052 ὕδωρ.
674 964 746 1030 Ιολι.
768 964 824 1028 xix
840 965 893 1030 34.
918 963 1013 1030 asir<
1023 985 1087 1028 non
1103 963 1184 1028 solet
1200 987 1292 1052 grae-

244 1096 314 1138 cum
330 1071 456 1149 ὲξῆλθεν
469 1071 616 1155 reddere,
635 1073 722 1160 quod
738 1084 786 1138 eet
800 1084 898 1138 ιω.
912 1074 1047 1138 fortasse
1061 1071 1161 1158 igitur
1175 1074 1291 1159 κατέβη

242 1180 456 1247 scribendum.
479 1187 586 1268 έννάτη
604 1183 652 1262 δέ,
678 1188 720 1248 ὅτι
738 1189 839 1247 στάντα
856 1189 897 1247 τὰ
912 1190 1064 1266 κτίσματα
1080 1205 1139 1245 xcx.

177 1299 218 1354 24
244 1293 491 1378 σταυρωθέντος.

177 1409 218 1462 26
243 1401 448 1486 μεθημερινοῦ
471 1404 575 1463 νότου.
600 1397 693 1468 facile
714 1397 846 1486 pluralis
862 1396 1046 1463 restituitur.

114 1508 155 1572 14
204 1518 218 1571 1
244 1511 283 1572 El
299 1508 331 1573 δέ
346 1518 401 1593 μή.

199 1624 216 1678 3
242 1616 373 1701 εὐσεβὴς
394 1625 426 1682 ct
452 1616 576 1700 ἀσεβῶν
600 1638 672 1680 curn
696 1612 768 1680 OV.
792 1613 979 1680 Tertullian.
1004 1614 1142 1702 defuga
1164 1616 1196 1679 in
1218 1638 1290 1704 pcr-

246 1734 344 1790 eecut.
376 1725 418 1789 14
438 1729 473 1788 az'
489 1725 642 1810 colle'pere
663 1724 807 1789 eiaterdr'a
828 1748 890 1789 τισιν
910 1739 1016 1809 ροισι,
1040 1723 1137 1788 habea
1159 1739 1288 1808 noctem,

243 1833 315 1898 luce
339 1833 468 1898 orrea·
487 1834 648 1900 ἰιιοιιοιοσσ
669 1831 839 1897 adeersum
861 1857 939 1897 ισοιι.
964 1847 1143 1918 conpotes
1165 1835 1289 1898 deiecer-

241 1965 314 2006 rere
324 1963 389 2026 per
405 1942 570 2026 ampelos:
593 1945 637 2006 sit
652 1941 717 2005 riba·
728 1955 758 2004 et
773 1946 809 2006 ιἰν
825 1941 930 2006 tridua
947 1943 1092 2006 ccclesia.

197 2057 215 2113 5
240 2062 334 2138 φεῦγε
350 2053 403 2113 ἀπ’
417 2056 525 2131 αὐτοῦ,
549 2055 656 2134 ἵναμὴ
673 2050 868 2135 βεβηλωθρς
890 2056 919 2114 έν
937 2057 1022 2134 αὐτῷ
1040 2049 1092 2116 ἀπ’
1112 2057 1225 2117 αὐτῶν.

197 2169 215 2222 6
241 2159 399 2231 ἠὼ
382 2180 467 2225 οσισι.
484 2157 693 2224 vehementer
707 2179 822 2224 vereor
843 2169 879 2223 ut
894 2163 1014 2230 τίνω
1038 2160 1079 2225 sit
1099 2160 1287 2238 semideum,

240 2267 298 2332 sed
314 2290 332 2330 a
349 2263 484 2334 Graccis
501 2275 777 2382 transsumptum
794 2290 868 2332 nam
887 2267 964 2334 Pacl
987 2280 1034 2333 est
1050 2247 1134 2334 »ἆυ
1150 2279 1185 2333 ut
1200 2249 1292 2372 <¹4

240 2399 259 2440 a
279 2383 389 2464 τέχνη,
413 2354 521 2463 «ἐξ
540 2401 559 2440 a
575 2375 677 2459 τάξις,
702 2354 847 2486 Quia
867 2401 886 2442 a
907 2380 994 2444 συλλο
981 2385 1086 2465 οόγισμ
1090 2403 1122 2459 ς,
1072 2374 1250 2444 tuh
1272 2402 1291 2441 ιι

239 2487 372 2559 τιλέος.
359 2493 440 2561 ὅσιος
462 2485 568 2551 iudice
588 2501 706 2574 eeatya
729 2507 799 2551 csse
821 2486 969 2553 debuisse
992 2488 1170 2575 expositum
1187 2497 1234 2552 est
1256 2487 1290 2552 in

239 2593 322 2658 libro
339 2615 397 2658 zur
412 2593 636 2680 urgeschichte
653 2593 711 2658 der
732 2593 906 2660 Armenicr
928 2619 960 2683 p.
979 2597 1009 2661 6.
1035 2617 1107 2659 nam
1130 2593 1289 2696 Eliadi-

239 2734 309 2775 cum
327 2732 443 2798 graece
463 2721 496 2775 ct
516 2713 593 2782 ret
609 2735 649 2802 ep
665 2721 773 2800 potest
789 2712 860 2792 dici,
880 2713 965 2778 erice
980 2735 1109 2801 semper
1129 2736 1163 2788 e,
1178 2711 1235 2802 j-
1259 2743 1289 2796 -e

241 2827 367 2912 dicitur,
389 2839 424 2892 ut
438 2825 564 2928 ῈΞ-τ
584 2839 777 2920 σρὶρρεινε
741 2835 904 2914 -Ἣρδὶιρι
929 2846 1046 2916 σοιτορσ
1067 2854 1143 2896 vero
1165 2831 1291 2920 persice

240 2967 310 3050 τρε,
329 2944 475 3036 [Spiegel
490 2946 581 3012 Parsi
599 2971 648 3035 gr.
666 2971 697 3035 p.
717 2946 788 3036 70],
809 2948 933 3035 persice
953 2946 1021 3040 .νρ
1049 2948 1135 3036 ipsc;
1159 2953 1241 3024 ὅσιος
1263 2948 1288 3012 ie

240 3065 294 3151 qui
311 3065 473 3162 suiipsius
491 3075 539 3131 est
554 3087 658 3152 neque
675 3065 769 3153 culpa
790 3065 898 3152 aliqua
917 3076 1054 3130 tenetur.
1085 3075 1197 3130 contra
1213 3071 1290 3154 ιἐρός

240 3165 384 3264 :W
404 3173 538 3262 (alacer)
557 3195 625 3238 esse
642 3173 750 3239 docuit
761 3172 803 3238 A.
822 3172 972 3239 Kuhnius
988 3173 1134 3240 zeitschr.
1152 3174 1205 3240 fiir
1219 3197 1289 3239 ver·

236 3281 354 3368 gleich.
372 3283 667 3370 sprachferschung
685 3279 802 3363 11111,
827 3281 884 3347 sed
899 3282 971 3347 lo'ce
994 3282 1035 3347 ad
1051 3306 1108 3347 sua
1124 3281 1290 3370 probanda

237 3389 425 3477 gravissimo
455 3414 529 3455 usus
557 3413 622 3457 non
651 3401 716 3456 est:
752 3391 862 3455 laudat
887 3389 1023 3455 Homeri
1046 3390 1127 3454 illud
1150 3387 1243 3453 Iliad.
1268 3415 1289 3454 τι

238 3497 302 3560 407
328 3503 406 3582 ἱερὸς
436 3501 547 3586 ἰχθῦς,
581 3499 687 3564 emisit
713 3499 855 3565 eiusdem
881 3502 1028 3587 Ἀργείων
1059 3505 1137 3586 ἱερὸς
1161 3505 1291 3586 στρατὸς

239 3611 422 3693 αἰχμητάων
451 3618 481 3672 et
509 3610 618 3674 λαθὼν
647 3614 744 3697 ἱεροὺς
774 3611 956 3695 πυλαωροὺς
978 3607 1054 3672 ibid.
1084 3633 1108 3671 ω
1133 3608 1207 3672 681.
1233 3629 1288 3672 ex·

234 3714 356 3803 plicant
385 3737 462 3780 vero
490 3714 609 3782 Gracci
637 3717 756 3803 optime
784 3723 862 3804 ἱερὸς
888 3738 948 3804 per
982 3721 1096 3806 ἄφετος
1123 3715 1285 3780 Plutarch.

236 3823 348 3887 moral.
370 3847 402 3912 p.
422 3824 484 3889 981
504 3824 544 3889 D.
562 3849 636 3889 nam
658 3821 780 3921 {lieet
801 3831 916 3890 ἱ-έναι.
946 3825 986 3890 de
1006 3825 1162 3890 vocabulo
1183 3823 1289 3889 indice

235 3955 264 3995 v.
283 3930 583 4019 Bochtlinglr-Roth
600 3931 685 3996 WB.
703 3932 721 3996 Ι
736 3958 767 4021 p.
786 3934 861 3998 827.
881 3935 955 3999 828.
981 3939 1070 4021 ἅγιος
1087 3933 1225 4020 denique
1242 3943 1290 3996 est

234 4040 435 4106 venerandus
457 4067 476 4106 a
498 4041 605 4107 radice
620 4039 689 4142 4λῖ
703 4046 795 4117 ᾶζειν.
826 4043 942 4107 dicitur
963 4047 1084 4116 ἀνόσιος
1105 4053 1136 4107 et
1159 4048 1288 4129 ἀνίερος,

233 4149 290 4215 sed
306 4173 469 4237 nunquam
486 4153 626 4236 ἀνάγιος,
650 4151 725 4239 quia
741 4173 814 4216 eum
832 4152 886 4237 qui
910 4151 1115 4216 veneratione
1138 4150 1289 4238 indignus

234 4269 281 4323 cet
297 4281 428 4325 necesse
445 4283 508 4324 non
526 4271 574 4325 cst
590 4270 626 4323 ut
642 4259 784 4326 dicamus
802 4260 1018 4326 venerandum
1041 4283 1105 4326 non
1122 4283 1207 4342 esse,
1232 4259 1288 4325 sed

235 4367 352 4431 sufficit
373 4377 408 4430 ut
430 4390 494 4433 non
519 4389 717 4434 veneremur.

194 4483 209 4535 7
236 4477 315 4560 μηδὲ
332 4475 390 4540 bie.
415 4481 483 4562 ἅμα
500 4475 548 4540 mi
