2998 4972
93 413 110 474 ζ
127 413 163 464 33
1150 417 1213 482 213

91 578 174 655 θεὸς
187 573 339 662 Ἀβραάμ
361 577 418 642 καί
434 575 543 642 Ἰσαάκ
566 576 621 642 καί
638 575 773 661 Ἰακώβ,
797 573 816 642 6
841 577 992 662 ἐλεήμων
1009 577 1065 644 καί
1087 579 1213 663 οἰκτίρ-

92 704 182 767 μων,
215 677 477 764 ὁμακρόθυμος
508 678 566 745 καὶ
593 679 784 759 πολυέλεος,
813 665 840 765 β
870 682 962 744 πᾶσα
992 677 1215 764 χυμνοφανῆς

92 785 251 866 φαίνεται
280 783 403 866 καρδία
429 779 485 846 καί
511 785 581 847 πᾶν
601 780 749 865 κρύφιον
778 777 958 866 ἐνθύμημα
978 779 1213 850 ἀποκαλύπτε-

92 907 162 948 ται·
186 882 271 968 πρὸς
291 883 328 948 σὲ
346 883 451 968 βοάσι
469 880 574 966 ψυχαὶ
592 884 750 962 δικαίων,
775 881 830 948 ἐπί
851 881 905 950 σοί
926 886 1133 950 πεποίθασιν
1156 883 1212 948 ἐλ-

91 985 188 1060 πίδες
211 981 325 1066 ὁσίων,
349 981 367 1050 6
388 984 456 1050 των
471 983 653 1070 άμέμπτων
667 983 786 1070 πατῆρ,
810 980 829 1050 6
848 983 916 1050 των
932 983 1004 1069 μετ’
1027 982 1245 1069 εύθύτητοςσ

92 1086 371 1169 ἐπικαλουμένων
390 1101 428 1151 σε
450 1085 611 1171 ἐπήκοος,
635 1080 654 1151 6
676 1086 733 1151 καί
752 1087 970 1170 σιωπωμένας
993 1085 1212 1169 ἐπιστάμενος

92 1186 258 1265 ἐντεύξεις
279 1191 392 1271 Ιχωρεῑ
414 1183 479 1272 χάρ
500 1188 595 1272 μέχρι
619 1187 822 1271 σπλάγχνων
843 1191 860 1228 *
881 1184 902 1271 6
925 1185 966 1271 σῆ
989 1187 1133 1273 πρόνοια
1155 1185 1212 1254 καί

91 1287 147 1354 διὰ
173 1288 399 1373 συνειδήσεως
420 1289 562 1375 ἐρευνᾷς
586 1287 730 1355 ἑκάστου
754 1287 817 1373 τῆν
843 1288 1010 1374 χνοίμην),
1043 1289 1101 1354 καὶ
1126 1285 1211 1354 κατά

89 1393 160 1456 πᾶν
177 1393 280 1473 κλίμα
301 1393 360 1473 τῆς
381 1389 580 1474 οἰκουμένης
594 1388 632 1456 τδ
647 1388 703 1456 διὰ
718 1394 907 1477 προσευχῆς
923 1389 979 1456 καί
1000 1389 1111 1473 λόχων
1126 1387 1211 1455 άνα-

88 1492 259 1576 πέμπεταί
283 1508 337 1556 σοι
359 1495 525 1575 θυμίαμα.
570 1489 589 1556 6
613 1491 673 1558 τὸν
696 1492 847 1578 παρόντα
866 1493 974 1558 αίύνα
995 1491 1133 1556 στάδιον
1158 1492 1211 1556 δι·
1232 1509 1263 1564 10

87 1591 275 1677 καιοσύνης
294 1592 557 1677 ἐνστησάμενος,
580 1597 662 1660 πᾶσι
683 1595 721 1660 δὲ
741 1592 876 1672 ἀνοίξας
896 1592 1007 1677 πύλην
1028 1591 1211 1677 ἐλεημοσύ-

87 1719 166 1779 νης,
195 1689 374 1773 ὑποδείξας
402 1694 439 1759 δὲ
468 1693 596 1781 ἑκάστῳ
623 1697 691 1760 τάν
715 1692 910 1779 άνθροίπων
936 1691 992 1760 διὰ
1016 1697 1075 1778 τῆς
1102 1691 1212 1777 ἐμφύ-

86 1820 149 1862 του
175 1795 334 1880 χνοίσεως
359 1794 416 1860 καλ
443 1799 590 1880 φυσικῆς
616 1799 759 1881 κρίσεως
784 1794 841 1862 καὶ
867 1795 905 1862 ἐκ
932 1796 990 1881 τῆς
1015 1798 1076 1861 τοῦ
1103 1794 1212 1878 νόμον

85 1894 343 1983 ύποφωνῆσεως
369 1893 414 1974 ὑς
438 1895 588 1962 πλούτου
616 1897 679 1981 μὲν
706 1894 771 1964 ούκ
798 1895 911 1964 ἀίδιον
939 1897 978 1964 τδ
1005 1899 1124 1980 κτῆμα,
1154 1891 1211 1962 εύ-

86 2003 251 2084 πρεπείας
266 1999 284 2038 *
301 1997 364 2064 ούκ
381 1997 527 2066 άίνναον
545 1997 584 2065 τὸ
599 1999 732 2082 κάλλος,
753 1999 959 2084 δυνάμεως*
976 1996 1174 2074 εύδιύλυτος
1188 1995 1209 2084 6
1230 2017 1262 2072 ιε

86 2099 199 2186 ίσχύς,
228 2103 286 2166 καί
311 2099 413 2185 ἀτμὸς
435 2101 499 2184 μὲν
522 2099 580 2168 καί
603 2101 784 2187 ματαιότης
811 2098 851 2168 τά
878 2100 1025 2184 σύνολα,
1057 2099 1144 2185 μόνη
1173 2101 1210 2166 δὲ

84 2204 284 2287 συνείδησις
304 2206 446 2279 πίστεως
463 2200 656 2280 άνύπουλος
676 2206 825 2290 διαμένει
846 2201 903 2269 διὰ
920 2204 1032 2289 μέσων
1054 2199 1212 2287 ούρανοῐν

84 2303 169 2390 μετά
196 2301 361 2390 ἀληθείας
386 2303 610 2390 άνερχομένη,
643 2305 702 2390 τῆς
728 2304 916 2390 μελλούσης
937 2304 1068 2390 τρυφῆς
1096 2301 1211 2383 δεξιάν

84 2405 332 2491 ἀπολαμβάνει,
356 2405 424 2490 ἅμα
443 2407 500 2472 καί
521 2405 587 2490 πρδ
602 2405 663 2472 τού
681 2407 924 2494 παραστῆναι*
943 2403 1007 2490 τῆν
1027 2401 1211 2489 ὑπόσχεσιν

84 2509 143 2593 τῆς
177 2510 436 2591 παλιγγενεσίας
470 2505 554 2593 αύτῆ
586 2505 607 2593 6
643 2506 732 2594 ύυχῆ
771 2511 812 2596 τῆ
846 2507 958 2574 ἐλπίδι
993 2507 1209 2594 χαυρουμένη
1228 2525 1262 2578 20

84 2605 318 2696 εὐφραίνεται.
351 2608 385 2689 ἐξ
402 2606 553 2695 ὑπαρχῆς
566 2608 632 2696 γάρ
646 2615 708 2678 τοῦ
722 2611 935 2696 προπάτορος
954 2606 1051 2694 ἡμῶν
1061 2605 1210 2692 Ἀβραᾶμ

83 2712 379 2797 μεταποιουμένου
408 2709 470 2797 τῆν
492 2707 572 2778 ὁδὸν
594 2713 652 2798 τῆς
679 2711 857 2797 ἀληθείας,
884 2707 1100 2799 ὀραματισμῷ
1120 2706 1210 2795 ⁰666-

84 2831 208 2900 γησας,
238 2812 375 2892 διδάξας
397 2811 459 2892 am
481 2814 562 2880 ποτέ
582 2814 675 2880 ἐστιν
698 2811 716 2880 6
737 2813 822 2880 αίων
844 2805 959 2891 οὗτος·
988 2814 1045 2882 καί
1066 2817 1126 2899 τῆς
1145 2813 1209 2896 μὲν

82 2915 246 3000 γνώσεως
268 2911 373 2982 αὑτοῦ
394 2914 652 3000 προωδευσενῆ
675 2921 799 3000 πίστις,
828 2919 885 3001 τῆς
907 2917 945 2982 δὲ
965 2921 1107 2990 πίστεως
1127 2911 1208 2978 άκό-

83 3023 216 3093 λουθος
228 3017 246 3056 *
260 3007 305 3101 ῆν
323 3013 374 3102 *ῆ
394 3016 568 3102 συνθῆκη·
593 3012 688 3095 εἶπας
705 3017 772 3103 γάρ
789 3017 927 3102 Ποιῆσω
945 3010 982 3083 τὸ
997 3016 1127 3100 σπέρμα
1145 3030 1209 3080 σον
1226 3033 1260 3088 25

154 3191 189 3242 ²5
209 3189 270 3241 Gen
290 3189 336 3254 13,
356 3187 388 3241 16
405 3190 438 3256 -Ι-
456 3193 503 3256 22,
524 3192 555 3241 17

87 3363 141 3413 1.2
161 3355 366 3427 οέκτείρμωντ
392 3359 396 3426 Ι
420 3355 483 3428 26]
504 3360 552 3414 καί
571 3379 588 3414 x
615 3359 619 3427 Ι
645 3352 851 3427 2μακρύθμος
868 3361 905 3410 x?
932 3361 936 3426 Ι
962 3351 1089 3428 2χυμνῆ
1106 3374 1140 3424 yn
1164 3355 1170 3422 Ι
1194 3357 1210 3410 3

84 3441 225 3512 βλέπεται
243 3453 291 3510 γει
310 3441 315 3511 Ι
333 3446 350 3495 4
368 3443 472 3510 βοῶσιν
490 3463 507 3498 x
526 3447 531 3510 Ι
552 3447 568 3498 5
586 3435 720 3512 άμέπτων
738 3461 752 3495 τ
773 3444 777 3508 Ι
793 3446 808 3494 7
826 3435 1023 3510 άνθρωπίναν
1039 3442 1074 3508 -Ι-
1091 3448 1137 3509 yzt
1152 3440 1157 3510 Ι
1178 3443 1209 3494 11

85 3529 281 3594 κάσινιΙ12
299 3523 374 3594 thy,
392 3530 524 3590 τετ112
542 3529 693 3597 τῆς>ιΙ
714 3530 746 3580 15
765 3523 969 3598 δέ-Ι-χτΙ15
987 3521 1039 3582 οὑκ
1057 3519 1210 3594 άέναονι,

84 3608 120 3668 ού
140 3611 231 3681 μένον
248 3631 295 3679 yz,
314 3631 373 3680 χρφ
391 3631 441 3666 και
458 3605 510 3668 ούιι
527 3605 655 3668 α’ἐνναον
672 3610 704 3668 τὸ
721 3607 825 3676 κάλλος
842 3631 972 3682 margoy
998 3617 1002 3679 Ι
1029 3614 1060 3666 15
1079 3629 1108 3666 τε
1125 3611 1159 3680 -Ι-
1176 3629 1209 3678 γε

87 3699 91 3768 Ι
113 3701 148 3752 16
165 3694 273 3752 σύνολα
291 3705 328 3759 ιι,
351 3694 446 3752 πάντα
463 3716 496 3765 γε
517 3701 522 3764 Ι
544 3700 573 3752 17
591 3690 754 3760 άνύπουλος
770 3701 805 3766 >
823 3703 876 3766 Υτ,
900 3694 932 3754 ἐν
949 3690 1026 3752 άλλα
1043 3690 1209 3750 άνοπούλοο

85 3802 184 3852 margo
201 3789 213 3836 t
228 3781 233 3850 Ι
250 3785 280 3834 17
300 3779 431 3850 διαμένει
448 3801 508 3850 tyn,
529 3784 676 3853 διαβαίνει
689 3791 700 3835 t
715 3787 719 3850 Ι
737 3786 767 3836 17
786 3777 836 3838 διά
854 3780 947 3852 μέσων
960 3776 1092 3852 ούρανάν
1103 3789 1133 3834 xt
1153 3777 1209 3850 [μέ-

84 3887 139 3922 σοτ
158 3866 197 3936 ιΙ,
218 3859 261 3921 δι’
278 3859 373 3921 αύτάν
390 3857 444 3922 οὑν
461 3887 494 3934 yz
516 3870 520 3932 Ι
543 3869 574 3922 18
591 3860 685 3937 μετί
710 3871 714 3932 Ι
740 3864 860 3937 18μωὺ
878 3861 1124 3939 άληθείας>χτ
1147 3866 1152 3934 Ι
1179 3867 1209 3918 18

84 3954 201 4020 τρυφῆς
266 3953 298 4004 19
315 3942 376 4020 άμα
393 3959 425 4005 xt
444 3952 565 4021 [τροφῆς
583 3953 618 4022 ιΙ,
643 3954 716 4022 ζωῆς
738 3952 903 4022 μεθέξουσα
919 3955 1029 4023 μάλλον
1047 3949 1079 4008 δδ
1096 3969 1130 4019 yz
1149 3953 1155 4016 Ι
1178 3951 1208 4004 19

86 4033 139 4091 διὰ
155 4038 190 4102 -Ι-
207 4055 240 4104 yz
261 4039 265 4103 Ι
288 4038 320 4090 19
337 4035 390 4106 τῆν
407 4039 441 4101 >
458 4045 470 4090 ε
485 4041 488 4102 Ι
504 4042 546 4090 22.
560 4039 593 4090 23
611 4033 757 4107 ὁδηγῆσας
774 4057 791 4092 x
806 4040 811 4105 Ι
826 4041 860 4092 23
877 4031 943 4093 ποτ’
960 4058 994 4106 yz
1011 4041 1015 4104 Ι
1030 4042 1062 4089 24
1081 4030 1209 4104 χνύσεως

84 4143 111 4188 x,
131 4124 253 4182 πίστεως
270 4131 317 4188 ,ττι
332 4125 336 4188 Ι
352 4125 384 4174 24
403 4123 497 4182 πίστις
514 4141 541 4188 x,
560 4123 663 4190 γνῶσις
679 4131 726 4190 yzt
741 4122 746 4193 Ι
760 4127 793 4190 24
812 4124 932 4184 πίστεως
949 4143 976 4188 x,
995 4117 1122 4190 χνύσεως
1136 4127 1183 4190 χαί
1202 4119 1206 4194 Ι

84 4211 119 4259 21
139 4202 171 4260 ἐκ
189 4198 286 4266 ἄλλοις
305 4223 339 4260 ου
358 4209 400 4272 (7)
420 4205 470 4259 καί
484 4208 535 4275 τῆς
552 4204 606 4275 μὲν
623 4202 751 4274 χνύσεως
765 4200 856 4262 αύτού
869 4203 1051 4273 προάδευσεν
1068 4199 1086 4274 ῆ
1104 4207 1208 4270 πίστις,

85 4293 138 4360 τῆς
157 4333 174 4346 ..
193 4291 314 4352 πίστεως
331 4284 496 4352 άκόλονθος
514 4280 552 4359 ῆν
569 4284 587 4358 6
606 4286 760 4361 σννηθῆιιη
778 4311 903 4360 margoy
918 4294 923 4356 Ι
938 4295 971 4346 25
989 4288 1107 4358 χέχονεν
1124 4283 1142 4358 ἡ
1161 4291 1208 4343 πί-

85 4393 156 4444 στις,
176 4377 228 4444 τῆς
246 4373 279 4429 δὲ
296 4377 418 4437 πίστεως
434 4377 468 4444 -Ι-
485 4382 533 4443 χιι
553 4377 556 4431 Ι
576 4379 610 4428 25
629 4369 856 4445 ἐπακολούθημα
873 4377 907 4444 -Ι-
923 4383 971 4443 χει
