3120 4980
1300 321 1409 376 XLVII

357 513 456 566 ταῦτα
482 507 522 565 τὰ
544 500 691 583 μέλλοντα
723 499 867 584 γίνεσθαι
894 503 943 560 καὶ
967 498 1125 568 σταθῆναι
1150 497 1324 580 ἔμπροσθεν
1353 507 1406 558 τοῦ

359 616 425 674 υἱοῦ
442 620 495 672 τοῦ
511 610 683 694 ἀνθρώπου
699 603 736 692 ¹).
754 629 799 668 vs.
821 613 870 668 12.
894 613 931 668 13
949 633 985 665 ω.

293 725 330 780 15
356 718 604 804 προσενεχθεῖσιν
619 717 792 801 ἔμπροσθεν
806 727 865 778 τῶν
880 725 986 800 κριτῶν
999 711 1256 778 achvocabulum
1268 712 1407 798 βάσανος

360 851 378 890 a
390 823 492 911 Lydis
505 821 545 887 ad
558 820 702 889 Graecos
714 821 897 910 pervenisse
913 819 1019 886 eredo.
1037 843 1112 885 nam
1127 820 1267 908 lapidem
1283 820 1407 908 lydium

357 931 499 1020 aLydis
514 931 540 1019 ²)
579 951 694 996 nomen
726 929 887 1018 accepisse
919 928 1032 994 rationi
1064 940 1312 997 consentaneum
1349 940 1405 993 est.

356 1040 497 1106 radicem
516 1039 672 1106 habemus
685 1059 753 1131 pu,
775 1037 966 1125 plerumque
980 1037 1019 1102 de
1031 1037 1169 1102 metallis
1188 1035 1407 1102 examinandis

356 1148 531 1214 adhibitam
549 1147 665 1214 Ierem.
689 1148 722 1211 ix
745 1149 765 1212 6
787 1145 922 1212 Zachar.
944 1146 1001 1210 xiii
1023 1147 1059 1212 9:
1082 1171 1174 1251 <aa
1191 1147 1407 1234 διηρευνήσατο

357 1257 474 1322 Euseb.
494 1255 626 1344 theoph.
647 1281 660 1320 s
678 1255 729 1320 15.
751 1257 791 1320 ab
815 1255 875 1320 hac
890 1254 999 1320 radice
1021 1253 1140 1319 dictum
1156 1254 1252 1320 credo
1270 1255 1407 1340 βάσανον

357 1364 448 1452 quasi
465 1365 716 1430 examinatorem
737 1375 769 1429 et
784 1362 894 1446 Indos,
917 1363 972 1450 qui
988 1362 1125 1428 eundem
1147 1377 1274 1443 amm
1294 1376 1409 1428 vocant

356 1472 702 1539 etremetvocabulum
712 1495 752 1537 ex
767 1472 932 1538 occidente
943 1472 1104 1559 accepisse
1116 1493 1239 1538 censeo.
1254 1471 1407 1536 dolitera-
1428 1476 1430 1478 ’

354 1605 427 1646 rum
445 1601 466 1652 Π
483 1592 514 1647 et
529 1581 801 1668 &permutatione
817 1603 913 1668 supra
925 1579 1048 1666 egimus
1060 1604 1092 1668 p.
1106 1579 1303 1646 XXXVIII.
1322 1581 1407 1668 quod

357 1713 434 1756 vero
460 1690 499 1756 de
521 1689 713 1755 Basanitidis
735 1703 766 1755 et
788 1689 918 1754 basaltis
946 1688 1061 1776 lapidis
1083 1688 1211 1756 nomine
1233 1711 1274 1754 ex
1295 1689 1406 1754 eadem

355 1799 463 1864 radice
489 1798 679 1887 explicando
708 1798 846 1887 cogitavi
874 1797 1045 1887 (basaltem
1067 1799 1150 1864 enim
1177 1797 1291 1863 eodem
1313 1797 1411 1864 modo

356 1931 418 1995 quo
446 1907 586 1996 lapidem
612 1906 736 1994 lydium
765 1906 833 1970 auri
862 1906 1035 1994 puritatem
1065 1905 1209 1972 indicare
1236 1931 1255 1970 a
1282 1906 1409 1993 collega

359 2016 498 2104 quodam
525 2038 597 2082 meo
627 2014 831 2100 didiceraml:
859 2013 892 2078 id
919 2025 1051 2103 propter
1073 2015 1168 2080 Plinii
1195 2017 1295 2082 verba
1321 2027 1409 2080 recte

356 2127 475 2190 lactum
491 2147 556 2190 non
573 2136 621 2190 est
636 2122 786 2188 XXXVI
804 2125 821 2188 7
839 2123 1023 2188 scribentis:
1047 2128 1173 2191 aitoeaa't
1186 2125 1354 2211 Aeqyptas
1373 2131 1409 2190 a'n

356 2233 537 2320 Aethiopia
565 2257 655 2321 quem
686 2247 800 2299 cocant
832 2233 997 2314 baedam,
1019 2234 1137 2319 ferrei
1159 2233 1282 2298 coloris
1313 2248 1409 2321 atque

355 2343 512 2422 duritiae,
538 2341 622 2407 ande
643 2357 673 2406 et
693 2364 808 2407 nomen
824 2345 858 2404 εί
875 2340 971 2404 dedit.
1000 2361 1116 2428 nempe
1139 2365 1157 2404 a
1178 2334 1249 2438 sil?
1276 2344 1406 2426 ferrum,

355 2450 409 2516 ubi
425 2471 441 2520 π
458 2449 602 2515 additum
618 2449 700 2514 sieut
721 2449 754 2514 in
778 2457 1013 2545 ω’ῃρευῃ)
1031 2446 1112 2536 [rad.
1125 2467 1170 2521 m
1181 2447 1297 2550 :Q
1310 2475 1404 2539 cogn.

357 2577 424 2656 epp
435 2590 471 2612 =
486 2553 572 2644 ipa
584 2558 731 2637 ἑξετὶναξε
744 2556 891 2644 Geopon.
905 2582 925 2644 γ
940 2557 1008 2646 12].
1023 2556 1136 2622 eodem
1150 2559 1312 2644 pertinent
1321 2561 1406 2625 radi-

357 2689 410 2734 ecs
427 2667 589 2732 semiticae
607 2667 710 2732 ordini
727 2669 898 2732 verborum
916 2665 1095 2730 indicorum
1118 2667 1252 2756 septimo
1275 2691 1406 2756 reapon-

355 2776 483 2842 dentes:
515 2795 560 2848 νη
587 2776 755 2862 liquefieri,
785 2783 834 2872 :ph
859 2799 948 2842 cera:
979 2795 1020 2868 h?
1041 2799 1169 2858 manus,
1198 2795 1253 2876 epp
1275 2779 1341 2842 ala:
1366 2797 1407 2870 pp

354 2885 529 2967 evacuavit,
547 2877 611 2981 ph?
623 2908 757 2950 vacuum
771 2884 927 2950 reddidit:
950 2903 1012 2950 aa
1026 2890 1169 2966 ἐπάτησε,
1183 2897 1249 2984 ψῃ
1260 2887 1279 2950 i.
1292 2909 1319 2951 e.
1327 2903 1407 2980 ων

354 3003 440 3068 trivit
456 3041 499 3052 -
515 3015 548 3068 et
562 3004 596 3067 in
611 3003 723 3090 lingua
738 3003 867 3067 arabica
882 3003 985 3067 forma
1001 3002 1089 3066 verbi
1109 3015 1229 3085 octava,
1253 3003 1295 3068 ad
1316 3003 1405 3068 cuius

356 3120 594 3186 similitudinem
612 3123 766 3184 formatae
782 3129 856 3184 sunt
871 3118 993 3183 radices
1009 3125 1068 3182 ὣς
1082 3143 1121 3184 ex
1134 3135 1179 3184 Ar-
1192 3130 1320 3207 paratus
1336 3119 1405 3201 suit,

353 3258 418 3336 hd?
441 3238 593 3302 humerus
610 3259 650 3302 ex
672 3255 712 3331 :pp
739 3238 812 3302 vola
834 3257 947 3300 manus
970 3237 1009 3299 cf.
1027 3235 1064 3301 F.
1082 3237 1196 3325 Hitzig
1213 3237 1252 3302 ad
1269 3237 1355 3324 Esaj.
1373 3238 1406 3301 ix

357 3347 396 3412 18
408 3371 440 3435 p.
458 3347 531 3411 120.
548 3346 580 3411 id
597 3368 674 3411 vero
686 3367 807 3431 negare
823 3365 957 3431 nequeo,
975 3367 1080 3432 neque
1096 3347 1287 3434 aegyptiace
1302 3369 1406 3434 neque

353 3455 532 3544 aethiopica
559 3456 680 3520 sermm
706 3454 862 3519 vocabulo
891 3454 1062 3542 appellari,
1092 3456 1178 3543 quod
1201 3456 1352 3521 hebraico
1375 3467 1407 3521 et
1517 3461 1520 3472 '

354 3564 513 3628 aramaico
535 3557 605 3635 ‘rna
627 3557 713 3634 Itu
733 3561 836 3627 simile
860 3564 909 3627 sit.
935 3585 1006 3650 aeg.
1032 3564 1117 3628 enim
1140 3575 1248 3627 nesam
1274 3575 1407 3630 vocatur

352 3673 404 3737 vel
420 3697 534 3734 nonina
551 3672 570 3736 i.
589 3695 615 3737 e.
634 3671 733 3736 Nubii
757 3671 806 3736 dei
823 3671 990 3760 Typhonis
1011 3672 1153 3759 lignum,
1177 3675 1216 3738 cf.
1240 3672 1403 3737 Plutarch.

352 3779 429 3845 Isid.
448 3777 533 3845 Osir.
551 3781 609 3862 623
630 3779 807 3868 aethiopico
825 3791 901 3857 w
915 3810 941 3862 :,
959 3803 1057 3866 quum
1073 3806 1169 3886 ζμ
1192 3781 1312 3846 securis
1336 3802 1405 3845 esse

353 3889 485 3972 dicatur,
503 3897 602 3971 l¹¹¹0ffi¹
617 3889 698 3977 Reg.
718 3913 738 3953 α
755 3888 811 3952 xiii
829 3888 868 3952 21
895 3889 979 3968 ἀξίνη
997 3887 1046 3953 sit.
1072 3911 1184 3953 verum
1200 3889 1280 3953 haee
1296 3889 1404 3952 hacte-

351 4021 426 4063 nus:
445 3999 586 4084 βάσανος
602 3997 725 4086 aSyris
743 3997 877 4062 vertitur
892 4011 982 4070 au.
1001 3997 1118 4063 Euscb.
1137 3997 1268 4084 theoph.
1287 4022 1300 4062 ε
1318 3997 1405 4062 9.16

350 4104 465 4170 Petrus
486 4106 599 4193 igitur,
623 4106 649 4170 si
666 4103 786 4194 Syrum
802 4128 988 4192 sequamur,
1014 4103 1157 4192 scripsit:
1187 4105 1348 4189 βασάνους
1369 4130 1402 4170 τε

352 4219 513 4302 αὐτάρκως
536 4218 688 4301 χαλεποὺς
705 4221 940 4300 ὑπνμεμενηκόσι
963 4221 1012 4277 καὶ
1029 4220 1203 4302 ἀφορήτους
1227 4221 1276 4276 καὶ
1294 4219 1401 4300 ἑτέρας

352 4328 493 4410 ἀνάγκας
518 4325 620 4398 δεινὰς
641 4334 691 4389 καὶ
712 4325 841 4404 πολλάς,
870 4327 992 4409 ὕστερον
1017 4327 1074 4387 art.
1104 4330 1244 4384 ceterum
1267 4321 1316 4384 ed.
1335 4343 1402 4408 syr.

350 4453 382 4519 P·
398 4427 468 4526 'les
485 4431 527 4495 25
551 4405 746 4503 hermen
769 4430 984 4496 scribendum.

271 4555 288 4606 ¹)
303 4557 357 4598 Luc.
373 4559 411 4598 xxl
426 4559 513 4598 :tt-ue.
532 4579 557 4587 —
571 4554 588 4609 ¹)
605 4559 702 4606 Hesych.
718 4571 737 4598 s.
755 4571 776 4597 v.
794 4556 931 4610 βασσνιστής.
