3120 4980
117 283 246 337 xxvnl

189 465 227 518 13
254 463 393 543 ἔμπειρος
409 455 462 519 vix
478 454 558 541 legit
574 451 608 520 S.
627 462 844 542 πεπυρωμένος
860 453 964 542 Αροο.
981 453 1013 517 ἰίῐ
1033 454 1071 518 18
1094 455 1246 544 ineptum.

190 571 228 625 14
253 587 312 651 pro
330 567 475 634 40:22
502 562 676 650 legendum
701 575 748 628 est
776 567 897 636 τίοιεν.
939 585 1013 626 nam
1042 570 1236 682 &upum
1261 599 1298 620 =

252 707 337 774 pers.
356 685 622 766 &parm-[11²¹
637 713 674 734 =
690 703 739 766 gr.
758 689 845 767 γένος
861 680 977 745 radicis
989 677 1059 780 ff}
1077 683 1116 747 cf.
1129 684 1187 749 rel.
1201 707 1256 757 μ
1274 687 1299 748 l.

188 809 225 864 15
252 812 342 892 ρησί,
368 800 509 866 διδακτοὶ.

210 909 313 974 Venio
330 932 416 974 nunc
432 908 473 973 ad
488 907 605 973 librum
622 905 779 996 Syrorum
796 919 942 974 octavum
967 909 1024 974 rel.
1042 931 1106 996 syr.
1124 932 1155 996 p.
1174 921 1240 979 πᾶν
1260 907 1301 973 15

117 1057 158 1064 —-
172 1041 214 1084 on
226 1018 279 1102 26,
296 1018 388 1082 huius
404 1016 574 1082 voluminis
591 1039 659 1104 cap.
673 1015 733 1080 IV.
751 1016 921 1104 inscriptus
938 1027 987 1082 est
1001 1016 1083 1082 liber
1097 1017 1182 1104 apud
1199 1015 1300 1106 Syros

118 1127 236 1213 Βιβλίον
258 1140 318 1191 τῶν
336 1139 387 1192 τοῦ
403 1128 576 1210 Κλήμεντος
595 1126 713 1211 ὄγδοον.
740 1131 773 1190 αι’
789 1124 940 1202 διατάξεις
959 1124 1029 1216 [ἦ]
1047 1139 1106 1190 τῶν
1125 1129 1300 1192 ἀποστόλων

116 1240 151 1298 αι’
165 1235 216 1299 διὰ
233 1237 404 1319 Κλήμεντος
419 1248 481 1308 τοῖς
499 1236 603 1299 ἔθνεσι
619 1236 820 1323 πεμρθιῖσαι.
851 1241 974 1308 κανόνες
990 1236 1231 1309 ἐκκλησιαστικοὶ.

118 1343 161 1408 20
188 1353 226 1407 13
255 1345 435 1416 Ἐπίσκοπος
453 1345 503 1408 οὖν
519 1354 743 1430 χειροτονεῖται.

186 1461 224 1513 14
250 1453 462 1540 Πρεσβύτερος
479 1452 521 1517 δε.
540 1491 583 1499 -
599 1454 836 1538 χειροτονείσθω
853 1481 890 1515 m.

190 1569 225 1622 16
251 1571 304 1632 τήν
333 1562 468 1625 alterum
494 1589 521 1618 ιυ
549 1569 581 1624 et
607 1581 682 1624 mox
709 1565 755 1624 ἐπὶ
782 1563 882 1642 θυσίᾳ
910 1582 981 1626 cum
1009 1568 1194 1650 προσενέγκῃ
1224 1581 1298 1626 con-

255 1669 406 1733 iunctum.

188 1786 226 1840 18
251 1787 285 1839 τὰ
307 1779 487 1852 ἐπιτηδευτὰ
503 1791 556 1839 τῶν
570 1785 721 1858 ἀνθρώπων
742 1816 778 1825 -
798 1785 960 1865 σπέρματα
977 1783 1119 1866 ὀσπρίων.

118 1887 157 1951 21
210 1897 223 1950 1
251 1897 294 1968 τῷ
312 1897 408 1974 καιρῷ
425 1897 468 1968 τῷ
487 1887 581 1951 δέοντι
602 1897 675 1951 ante
692 1888 777 1960 πλήν.
800 1927 835 1934 -
855 1911 888 1974 χ.
907 1897 956 1953 καὶ
972 1889 1138 1977 σταφυλῆς.

207 1994 336 2060 2δὲω.
373 1993 561 2083 προσάγεινῖ

209 2113 227 2166 3
253 2111 303 2168 καί
318 2105 418 2170 ἔλαιον
436 2115 466 2168 et
482 2113 534 2176 τήν
553 2107 645 2189 ἁγίαν
662 2107 748 2190 λυχν.
770 2104 827 2169 sed
844 2109 937 2192 άγίας
954 2135 990 2170 ιν.

204 2222 222 2274 6
248 2217 328 2297 ἐπιμ.
347 2222 488 2287 καὶτοῖς.

206 2330 222 2384 9
250 2321 282 2386 δὲ
297 2337 334 2405 πή
352 2321 473 2404 διανοίᾳ
490 2327 593 2387 αὐτοῦ.

185 2437 223 2491 12
249 2440 322 2494 ante
346 2435 372 2494 εἰ
393 2428 465 2494 udd.
492 2431 677 2519 ἐρ’ἑοιυτόνε
703 2431 733 2496 h.
758 2453 784 2496 e.
809 2430 1101 2516 ἀναλαμβανέσθω.
1136 2453 1196 2519 pro
1212 2428 1297 2517 μήὸ

252 2539 477 2624 ἀναλαμβάνει.

186 2655 224 2709 15
250 2647 370 2734 κλήρου,
387 2647 442 2711 ubi
458 2669 516 2712 nos
532 2649 716 2735 καταλόγου.

185 2764 224 2817 16
249 2760 303 2843 ἱερ.
319 2767 508 2844 προσφορᾶς,
525 2763 691 2842 γενομένης
704 2770 888 2843 συναγωγῆς
905 2767 955 2822 καὶ
970 2762 1137 2844 σἰγιασμοῠ,
1154 2765 1196 2840 μή
1213 2779 1295 2841 usn:

249 2870 348 2938 ήτήν.

186 2980 223 3035 17
248 2974 372 3058 εὔλογος
394 2989 450 3054 ÷‚
476 2973 989 3059 υ1.2212.-τ.ήει”μήλε’γγ.

113 3081 156 3144 22
203 3091 220 3143 4
248 3091 322 3146 ante
337 3083 473 3169 κληρικδς
490 3081 617 3147 additur
633 3083 771 3172 κληρικῷ.

203 3200 220 3252 6
248 3197 301 3280 ἂρ.
319 3196 338 3262 d
359 3195 374 3255 ὁ
392 3191 503 3265 δεκτός.

205 3307 220 3360 7
251 3301 510 3387 ἀροριζέσθωσαν
528 3307 556 3365 οἱ
571 3298 728 3385 δεξάμενοι
744 3305 845 3365 αὐτόν.

204 3415 221 3468 9
247 3411 308 3492 §vy
322 3404 346 3473 S
358 3409 491 3494 regulae
508 3409 539 3494 ιβ
557 3408 718 3492 adnexuit,
736 3408 779 3474 ita
796 3420 829 3473 ut
845 3430 949 3473 canon
966 3419 1075 3472 noster
1091 3409 1122 3472 ιδ
1135 3408 1181 3472 illi
1196 3408 1236 3472 sit
1254 3431 1293 3493 ιγ.

182 3524 218 3577 11
244 3516 424 3600 καταλεῖψαι
441 3525 473 3580 et
489 3526 540 3582 καὶ
556 3523 654 3606 ἑτέρα.
672 3541 748 3583 mox
767 3527 805 3580 12
824 3523 849 3582 εἰ
864 3526 905 3603 μή
923 3525 995 3582 ποτέ
1012 3515 1081 3590 ug?

182 3631 220 3685 15
246 3627 336 3710 κρίσει
352 3633 401 3688 καὶ
417 3625 515 3698 κλήσει
532 3651 564 3691 π.
590 3628 629 3692 ef.
649 3651 680 3715 p.
697 3627 749 3709 81,
770 3629 784 3690 1
805 3635 869 3691 not.
887 3628 1029 3712 γίνεσθαι
1046 3655 1083 3691 ιν.

184 3742 220 3795 16
247 3734 325 3807 ὅλως
349 3746 411 3807 εής·
421 3732 538 3810 τάξεως
555 3745 604 3800 καὶ
623 3749 676 3802 τοῦ
694 3737 833 3822 ἀριθμοῦ
849 3748 922 3800 τῶν.
949 3736 987 3798 cf.
1005 3757 1035 3821 p.
1051 3735 1093 3799 29
1113 3744 1162 3798 14.

182 3851 218 3904 17
244 3850 331 3929 παρὰ
349 3867 395 3928 γν.
414 3868 441 3907 τ.
460 3848 479 3907 ἰ.
497 3848 542 3907 ἐπ.
560 3854 633 3930 post
648 3846 790 3930 παροικίᾳ
810 3867 840 3906 ν.
862 3846 973 3929 18119.

181 3959 220 4014 18
245 3960 295 4016 κοιλ
313 3958 354 4026 εἰς
371 3957 413 4016 ε’τ.
433 3953 579 4017 ἀπελθὼν
596 3959 657 4016 καὶ.
683 3961 715 4015 et
742 3961 780 4014 19
805 3955 876 4019 λειε.
894 3961 944 4017 καί
959 3955 1093 4037 μάλιστα
1110 3957 1136 4016 εἰ
1152 3975 1203 4039 πρ.

177 4069 217 4121 20
244 4066 373 4125 ἔποικοι.
389 4101 431 4109 -
446 4063 615 4145 Ἐπιμένων
632 4061 665 4124 δὲ
682 4081 753 4123 eum
769 4069 943 4125 κοινωνείτω
960 4083 1005 4124 vs.
1019 4069 1058 4122 21
1079 4060 1290 4124 coniunctum.

177 4177 215 4231 21
246 4175 335 4252 μόνον
352 4193 411 4257 pro
428 4177 536 4256 μέντοι.

108 4277 150 4342 23
201 4285 214 4338 1
242 4279 355 4364 regula
370 4277 453 4342 XIV
470 4279 686 4344 continuatur.

199 4393 217 4446 2
246 4391 313 4450 αὐτ.
333 4390 582 4476 σρροιγισθεῑσαν
599 4391 725 4452 κώλυσιν
743 4389 782 4451 cf.
800 4385 942 4476 Appian.
960 4389 989 4452 b.
1009 4386 1091 4450 civil.
1109 4385 1127 4450 I
1147 4388 1174 4450 1.

201 4502 218 4555 4
245 4494 359 4580 regula
383 4493 461 4582 Syri
482 4495 557 4560 XV.
583 4497 707 4561 numeri
722 4495 785 4560 ium
803 4495 925 4561 duobus
947 4496 1087 4560 minores
1102 4496 1136 4558 in
1154 4493 1188 4562 S.
