2994 4972
83 421 97 470 ι
115 403 210 456 ¹⁹-20
1131 409 1191 474 113

81 568 190 652 βάλλει
212 565 306 655 ὕδωρ
328 571 375 646 είς
395 567 456 635 τὸν
477 573 622 656 νιπτῆρα
644 567 700 636 καλ
721 567 818 656 ἡμῶν
839 567 1071 655 ἀνακειμένων
1094 570 1193 636 ἐπελ-

80 667 149 734 θῶν
180 671 319 736 πάντων
347 672 364 710 *
393 674 488 749 ένιψε
520 669 598 748 τούς
622 671 728 748 πόδας
756 671 812 738 καλ
845 677 892 760 τῷ
926 677 1045 759 λεντίῳ
1077 672 1192 756 ἐξέμα-

82 775 140 849 ξεν.
171 776 271 836 τοῦτο
292 772 329 838 δὲ
351 775 459 838 ποιῶν
489 771 710 839 ἐπεδείκνυεν
729 772 812 859 ἡμῖν
832 772 948 858 τὸτῆς
967 776 1193 860 φιλαδελφίας

81 869 302 956 ἀγαπητικόν,
335 875 392 940 λ’να
414 873 471 940 καλ
490 872 587 960 ἡμεῖς
608 876 654 951 εἰς
674 873 844 960 ἀλλήλους
864 873 948 940 αὐτὸ
963 879 1122 959 ποιῶμεν.
1162 877 1194 940 εί

82 963 137 1038 οὖν
163 971 181 1039 ὁ
209 972 328 1058 κύριος
355 972 452 1060 ἡμῶν
478 976 534 1041 καλ
564 983 581 1019 *
611 976 814 1054 διδάσκαλος
840 975 946 1054 οὕτως
966 977 1226 1045 έταπείνωσενε

83 1075 209 1158 ἑαυτάν,
232 1079 304 1152 πῶς
326 1071 370 1141 ἀν
388 1072 482 1160 ὑμεῖς
502 1076 820 1162 έπαισχυνθήσεσθε
842 1083 943 1144 τοῦτο
965 1083 1102 1164 ποιῆσαι
1122 1090 1193 1155 τοῖς

82 1173 251 1254 ἀδυνάτοις
270 1178 326 1244 καλ
344 1175 503 1245 ἀσθενέσι
521 1183 591 1245 τῶν
608 1177 779 1265 ἀδελφῶν,
805 1179 942 1264 ε’ργάται
966 1177 1061 1258 ὄντες
1075 1189 1092 1228 *
1106 1178 1191 1265 άλη-

80 1283 166 1355 θείας
187 1279 245 1346 καλ
269 1283 328 1364 τῆς
348 1276 521 1365 εὐσεβείας
546 1281 746 1366 προστάταις
768 1281 1000 1376 έξυπηρετεῖτε
1021 1271 1085 1348 οὖν
1107 1280 1192 1366 ἀγα-

82 1384 216 1463 πητικῶς
228 1379 287 1446 καλ
298 1383 342 1465 μή
357 1381 631 1468 ἐπιγογγύζοντες
643 1384 727 1468 μηδὲ
742 1384 1049 1462 διαστασιάζοντες·
1071 1381 1112 1448 οὐ
1125 1382 1191 1468 γάρ

81 1479 119 1544 δι’
140 1481 327 1568 ἄνθρωπον
348 1495 492 1566 ποιεῖτε,
517 1483 602 1549 άλλά
626 1482 682 1549 διά
702 1483 762 1550 τδν
783 1485 879 1566 θεόν,
903 1485 960 1550 καλ
985 1483 1044 1550 τὸν
1065 1483 1192 1569 μισθδν
1210 1499 1243 1550 10

82 1587 130 1666 τῆς
153 1585 329 1661 διακονίας
352 1583 432 1671 παρ’
458 1584 593 1652 ἐκείνου
621 1584 840 1670 ἀπολήψεσθε
863 1585 902 1652 έν
921 1583 1029 1673 ἡμέρᾳ
1052 1587 1189 1652 ἐπισκο-

81 1687 135 1766 πῆς
158 1681 266 1769 ὑμῶν.
311 1685 372 1770 χρὴ
403 1676 466 1752 οὖν
498 1683 584 1771 ὑμᾶς
612 1687 691 1764 τούς
725 1688 906 1764 διακόνους
931 1687 1190 1754 ἐπισκέπτεσθαι

81 1786 196 1864 πάντας
216 1783 298 1864 τούς
320 1789 502 1872 δεομένους
529 1790 734 1868 ἐπισκέψεως
756 1788 813 1855 καλ
841 1789 919 1875 περλ
939 1792 1009 1854 τῶν
1028 1789 1190 1872 θλιβομέ-

81 1911 141 1952 ννν
156 1886 379 1972 ἀναγγέλλειν
394 1913 430 1955 τε
447 1894 494 1978 τῷ
510 1890 681 1978 έπισκόπῳ
695 1888 800 1976 ὑμῶν.
838 1889 926 1976 ψυχὴ
944 1890 1009 1976 γάρ
1025 1887 1117 1978 αὐτῷ
1133 1889 1191 1956 καὶ

82 1995 226 2074 αἴσθησις
248 1993 270 2030 *
283 1987 371 2057 εἶναι
393 1989 553 2076 ὀφείλετε,
578 1987 756 2059 εὕσκυλτοι
778 1994 834 2058 καλ
858 1991 993 2077 εάήκοοι
1010 1995 1056 2070 είς
1078 1991 1189 2057 πάντα
1209 2003 1240 2056 15

44 2087 163 2168 λθόντες
179 2090 275 2178 αὐτῷ
289 2087 334 2169 ῶς
352 2093 523 2182 ἕπισκόπςο
537 2090 632 2178 ὑμῶν
642 2095 663 2132 *
682 2095 738 2160 καὶ
754 2095 956 2182 διδασκάλῳ.
980 2097 984 2182 Ι
1004 2093 1192 2160 ἐπίσκοπον

81 2191 111 2254 δὲ
130 2195 387 2279 προστάσσομεν
407 2204 674 2282 χειροτονεῖσθαι
691 2193 758 2263 ὑπὸ
775 2201 880 2280 τριῶν
902 2193 1096 2262 ἐπισκόπων
1112 2189 1135 2279 ἢ
1152 2193 1191 2260 τδ

81 2298 154 2374 γοῦν
164 2297 307 2362 ἔλαττον
322 2293 388 2362 ὑπὸ
406 2298 480 2381 δύο,
497 2297 543 2382 μνΙ
560 2297 683 2376 ἐξεῖναι
701 2300 737 2364 δέ
754 2294 820 2362 ὑπὸ
836 2295 910 2373 εὐός
927 2292 1009 2380 ὑμῖν
1024 2299 1191 2362 καθίστα-

81 2401 164 2460 σθαι·
190 2395 212 2482 ιΙ
232 2396 302 2482 γάρ
324 2402 393 2464 τῶν
412 2399 507 2464 δύο*
530 2398 587 2464 καλ
607 2403 712 2485 τριῶν
729 2403 897 2483 μαρτυρία
912 2399 1111 2484 βεβαιοτέρα
1132 2398 1190 2463 καλ

81 2493 229 2582 ἀσφαλής.
263 2499 494 2586 πρεσβύτερον
511 2500 549 2565 δὲ
567 2502 623 2566 καλ
643 2501 806 2566 διάκονον
824 2497 891 2566 ἀπὸ
910 2496 984 2576 ἑνδς
1003 2497 1190 2565 ἐπισκόπου
1207 2507 1241 2560 20

82 2603 95 2639 *
116 2599 247 2667 καὶτὸν
269 2599 390 2666 λοιπὸν
406 2606 547 2686 κλῆρον·
567 2602 649 2686 μήτε
670 2603 707 2668 δὲ
729 2605 747 2642 *
770 2601 1001 2686 πρεσβύτερον
1018 2601 1099 2686 μήτε
1114 2600 1191 2666 διά-

83 2722 173 2766 κονον
186 2714 395 2789 χειροτονεῖν
411 2702 448 2768 ἐκ
465 2707 593 2768 λαῖκῶν
612 2705 801 2789 κληρικοάς,
825 2701 910 2768 άλλά
925 2703 1032 2787 μόνον
1048 2701 1109 2768 τδν
1127 2702 1191 2786 μὲν

82 2805 302 2888 πρεσβύτερον
320 2805 506 2888 διδάσκειν,
529 2803 722 2889 ἀναφέρειν,
743 2808 932 2889 βαπτίζειν,
954 2804 1108 2888 εὐλογεῖν
1129 2803 1190 2868 τὸν

81 2904 169 2988 λαόν,
205 2906 267 2971 τὸν
298 2906 335 2970 δὲ
364 2906 527 2972 διάκονον
556 2909 835 2994 έξυπηρετεῖσθαι
860 2911 907 2994 τῷ
936 2906 1107 2992 έπισκόπῳ
1133 2903 1189 2970 καὶ

82 3013 140 3080 τοῖς
153 3009 405 3098 πρεσβυτέροις,
421 3005 512 3072 τοῦτ’
533 3011 603 3074 ἔστι
617 3010 802 3092 διακονεῖν,
818 3005 859 3074 οὐ
872 3007 940 3092 μὴν
957 3007 1013 3073 καλ
1027 3005 1067 3071 τά
1087 3003 1188 3070 λοιπά
1206 3013 1240 3062 25

82 3104 231 3192 ἐνεργεῖν.

141 3281 169 3332 ιι
186 3285 254 3336 Petr
273 3299 292 3334 α
310 3286 341 3348 2,
362 3283 392 3335 ιι
408 3281 413 3352 Ι
430 3284 463 3335 ιο
481 3283 570 3335 nauh
591 3283 634 3347 18,
657 3283 688 3334 ιο

84 3429 197 3498 Ιβαλάν
213 3454 259 3502 yx,
279 3429 456 3503 λαβῶνΖῖίΙ
475 3436 485 3486 l
505 3435 555 3488 καλ
572 3437 607 3500 >
624 3436 683 3498 ΥτΙ
702 3437 718 3486 2
736 3426 819 3501 ἡμῶν
835 3431 869 3496 -Ι-
886 3440 933 3498 yzt
949 3432 983 3502 Ι2
1002 3427 1104 3498 ἔνιψεν
1122 3435 1162 3483 xY
1183 3429 1187 3500 Ι

82 3513 138 3569 2τό
153 3519 297 3574 λίνειονπ
319 3521 397 3586 [23
415 3513 534 3587 έξέμαξε
552 3525 624 3586 wyzt
645 3523 651 3585 Ι
677 3511 902 3572 θάκεδείκνυεν
919 3533 952 3582 yz
974 3523 978 3579 Ι
998 3521 1014 3570 5
1032 3513 1047 3570 ὀ
1065 3517 1098 3585 -Ι-
1116 3516 1188 3586 ςτῖΙ

82 3592 144 3652 δάν
159 3605 191 3668 >
209 3609 249 3658 Yz
265 3605 269 3674 Ι
285 3607 302 3658 δ
320 3598 606 3672 ἐπαιοχυνθήσεσθαι
625 3607 668 3656 X?
687 3621 727 3656 ατ
743 3605 778 3664 Ιλ
797 3595 952 3655 ἀσθενέσιν
968 3622 986 3654 x
1001 3603 1036 3670 Ιῖ
1055 3604 1106 3670 τῆς
1122 3603 1156 3669 -Ι-
1170 3621 1188 3669 y

82 3701 154 3752 super
170 3707 279 3744 versum
294 3690 299 3740 Ι
314 3690 331 3740 8
349 3683 541 3758 ίξνπηρετήτε
559 3709 583 3740 w
598 3687 634 3755 {9
651 3686 701 3740 καλ
717 3690 753 3753 >
770 3695 817 3754 yzt
835 3687 839 3755 Ι
859 3688 876 3738 9
894 3681 1078 3755 γυμνάζοντες
1096 3705 1119 3739 w
1136 3689 1140 3752 Ι
1156 3688 1190 3739 10

82 3771 125 3821 init
142 3766 188 3826 διά
206 3781 255 3841 yzt
269 3773 274 3840 Ι
290 3775 323 3827 14
339 3766 511 3842 άναγγέλειν
529 3794 562 3840 w,
582 3765 770 3840 άναγγέλλετε
789 3780 801 3824 t
819 3771 823 3841 Ι
845 3774 877 3824 1⁴
894 3790 925 3825 τε
941 3775 976 3838 >
992 3779 1039 3839 yzt
1058 3777 1063 3832 Ι
1088 3773 1119 3822 14
1137 3767 1188 3822 αά·

82 3855 125 3906 τοῦ
140 3859 203 3927 γτῖΙ
222 3861 252 3910 15
270 3850 348 3912 αάτῶ
364 3860 398 3928 -Ιι
416 3878 432 3911 x
448 3859 453 3925 Ι
471 3859 501 3910 15
519 3857 568 3911 καλ
623 3859 654 3910 16
671 3849 752 3918 ὄντες
769 3859 804 3923 >
821 3875 837 3908 x
853 3858 857 3926 Ι
876 3857 906 3909 16
918 3859 980 3908 med
995 3849 1134 3909 έπισκάκ..
1153 3858 1189 3906 W

84 3948 86 4000 ἒ
111 3941 139 3991 16
158 3941 207 3996 καλ
230 3943 318 4009 κατρλ
338 3944 372 4012 4
393 3951 442 4009 γει
472 3942 476 4010 Ι
513 3946 544 3994 17
562 3936 783 4012 προστάσσομεν
800 3960 824 3994 w
850 3942 855 4011 Ι
881 3943 912 3993 18
930 3935 999 4009 ὑμῖν
1015 3943 1050 4006 >
1066 3958 1100 4006 yz
1126 3943 1130 4002 Ι
1157 3939 1189 3990 19

82 4012 98 4089 ἢ
112 4025 142 4092 -Ι-
157 4045 174 4078 x
199 4031 204 4094 Ι
230 4030 262 4080 21
285 4021 418 4088 ῶσαάτας
434 4028 469 4093 -Ι-
486 4045 520 4094 yx
545 4029 600 4092 221
623 4029 680 4080 τῶν
702 4027 810 4081 λοιπῶν
832 4027 974 4095 κληρικῶν
997 4034 1009 4076 ε
1029 4029 1033 4092 Ι
1052 4026 1081 4076 21
1104 4019 1136 4075 δέ
1153 4025 1188 4086 >

82 4111 160 4172 1121
179 4110 230 4164 καλ
246 4114 280 4182 -Ιι
298 4121 311 4166 ι
330 4116 334 4176 Ι
356 4115 390 4165 24
410 4107 641 4180 έξαπηρεκῆσθαι
659 4130 683 4164 w
698 4113 702 4178 Ι
717 4115 760 4166 24,
773 4115 806 4164 25
829 4107 895 4173 τοδς
912 4105 1120 4177 πρεσβυτέρους
1137 4104 1188 4157 καλ

81 4193 113 4242 εὖ
134 4189 274 4250 λκισκόκαι
291 4197 352 4266 [nie]
371 4217 388 4249 x
409 4201 413 4264 Ι
433 4199 467 4249 26
490 4198 678 4264 διενεργείνι
