3128 4972
1234 445 1254 486 V

200 579 523 646 τωτταττττοατόλεως
540 581 719 653 πατριάρχου
741 586 845 651 κυρίου
864 585 982 655 lucinam
1007 581 1159 655 ἐπίτροπος
1182 593 1254 644 Eve-

199 671 279 738 τίηαι
303 671 469 739 διατρίβων.
505 666 613 726 τούτων
636 665 673 738 δή
698 668 755 722 τῶν
772 671 858 737 τριῶν
880 664 1123 738 intepescente
1145 669 1199 742 μὲν
1216 665 1254 743 ἦν

199 749 395 822 ἀρχαιότατον
417 754 469 810 ταὶ
492 749 667 823 ὀρθότατον,
695 744 718 806 ὦ
746 747 778 807 ἐν
804 755 840 823 τῆ
868 749 1023 810 dervenses
1050 752 1154 825 σχεδὸν
1180 755 1253 812 κατὰ

197 835 296 893 adven
313 835 568 908 ἧττλοαθήταμεα,
586 834 622 892 τὰ
642 835 674 893 δὲ
693 835 778 893 loanni
799 835 898 907 ἔχουσί
912 859 978 892 τινα
998 837 1131 909 ἔμμικτα,
1150 838 1182 896 τὸ
1199 840 1253 910 μὲν

199 917 341 990 πρότερον
360 921 471 989 ἔξωθεν
489 917 643 993 ἑρμηνείας
662 920 759 977 ἕνεκεν
777 919 851 976 κατὰ
869 919 900 980 τὸ
919 920 995 986 εἰκὸς
1013 921 1093 992 παρα
1109 945 1187 989 τινος
1205 947 1252 997 φι-

199 1009 350 1077 λομαθοῦς
373 1005 581 1077 σημειωθέντα,
602 1005 701 1063 ἔπειτα
720 1005 752 1062 δὲ
771 1004 820 1062 διὰ
837 1002 1013 1078 ἄπειρείαῂν]
1025 1009 1076 1064 καὶ
1088 1005 1250 1082 ἄμαθιά[τ]

197 1087 277 1153 τινὸς
294 1088 494 1161 ἀντιγραφέως
513 1090 566 1147 ἔσω
583 1089 782 1163 μεταβαλόντα
800 1091 849 1146 καὶ
867 1088 956 1148 τόπον
973 1091 1109 1164 κειμένου
1126 1089 1252 1165 danaiq-

198 1172 339 1245 puicnsrc.
376 1176 441 1232 οἷον
460 1174 600 1245 ἐπαρθεὶς
619 1176 668 1231 nol
686 1176 834 1244 τυφωθεὶς
852 1174 919 1231 ἀντὶ
937 1179 1117 1246 κεπφωθεὶς,
1138 1184 1253 1244 πυκνῶς

197 1259 364 1330 concipere
382 1256 709 1327 intentamente,
729 1257 951 1331 ἐπιμελούμενος
968 1257 1036 1317 cieri
1054 1265 1107 1318 τοῦ
1124 1260 1249 1333 ἐπιστρε-

198 1342 340 1415 φόμενος,
359 1348 516 1415 pensiones
533 1341 600 1401 cisti
617 1348 669 1401 soci
685 1343 824 1416 μαήσαττ,
844 1344 923 1414 παρὰ
942 1343 1098 1415 ricoinus
1114 1345 1183 1404 cr'srl
1200 1353 1251 1407 τοῦ

197 1427 278 1499 παρὰ
296 1426 329 1488 τὸ
348 1427 499 1499 impetres.

198 1587 342 1638 codicibus
366 1593 497 1640 accurute
521 1587 630 1638 collatis
653 1587 722 1638 duas
740 1586 870 1638 librorum
890 1586 1012 1638 seruilius
1032 1603 1092 1640 esse
1111 1589 1248 1654 intellexi,

129 1687 245 1738 quarum
264 1687 320 1722 une
337 1673 368 1722 in
385 1688 429 1722 ττι
447 1671 641 1736 contineretur,
661 1674 690 1722 in
707 1688 741 1736 γα
755 1672 858 1722 altera:
878 1672 1042 1722 'furtianum
1061 1679 1152 1724 eutem
1167 1675 1249 1728 eredo

129 1771 211 1822 quum
232 1756 356 1807 codicem
380 1756 496 1808 alterius
520 1757 644 1808 familiae
668 1757 876 1822 descripsisset,
901 1755 972 1808 loeis
994 1773 1049 1808 non
1067 1761 1165 1824 psucis
1183 1760 1250 1810 scri-

129 1846 226 1908 ptum
251 1857 266 1891 e
289 1841 360 1892 libro
383 1857 504 1892 meorum
522 1858 565 1892 ux
586 1840 725 1894 simillimo
748 1842 907 1907 desumptus
932 1843 1091 1908 apographo
1110 1843 1248 1897 intulisse:

130 1941 184 1992 qne
207 1941 239 1976 re
263 1925 369 1977 fectum
393 1931 436 1976 est
458 1931 489 1976 ut
512 1926 643 1977 editionis
666 1926 800 1992 principis
823 1941 889 1978 usus
912 1941 967 1978 non
991 1927 1028 1976 sit
1050 1929 1105 1979 nisi
1123 1930 1249 1996 exiguus.

130 2026 182 2076 ego
201 2009 315 2060 codices
333 2026 375 2060 wx
398 2015 530 2076 sequutus
547 2025 620 2074 sum,
647 2011 755 2061 adscite
777 2014 870 2062 tamen
893 2011 1028 2062 interdurn
1051 2014 1190 2079 scriptura
1211 2013 1250 2065 el·

130 2096 217 2145 terius
235 2096 407 2146 recensionis
426 2096 450 2146 si
470 2100 517 2145 eut
534 2111 577 2144 wx
596 2095 649 2160 ipsi
668 2095 741 2145 inter
758 2111 788 2146 se
807 2095 986 2148 dissentirent
1004 2101 1053 2148 eut
1070 2099 1151 2150 unius
1169 2099 1249 2150 femi·

129 2179 185 2230 lise
204 2184 298 2230 textus
316 2181 500 2230 recentiorum
519 2179 686 2230 Graecorum
710 2197 783 2230 more
802 2182 996 2246 pronuntiatus
1020 2182 1056 2233 nb
1075 2183 1191 2235 alterius
1209 2184 1249 2236 le·

130 2265 223 2316 ctione
252 2280 320 2316 eouo
347 2280 402 2315 nou
429 2265 562 2316 differret.
598 2265 669 2316 bens
692 2267 750 2316 scio
775 2265 851 2318 locos
874 2281 936 2316 esse
961 2267 1060 2333 quibus
1083 2285 1126 2320 ττι
1150 2271 1250 2320 erroris

130 2351 261 2402 convinci
279 2353 401 2416 possent,
419 2349 470 2400 sed
488 2365 568 2417 quum
588 2347 811 2414 adnotationes*)
831 2350 902 2402 elias
915 2356 998 2416 etque
1017 2353 1131 2404 criticas
1148 2354 1178 2402 iu
1195 2353 1249 2405 hae

130 2439 212 2486 tants
229 2447 319 2484 rerum
338 2434 596 2486 ecclesiasticarum
619 2434 727 2485 incuria
751 2435 853 2486 addere
877 2435 918 2486 rei
941 2435 1091 2487 familiaris
1110 2438 1248 2489 tenuitate

130 2517 294 2585 prohiberer
312 2517 472 2580 (laudentur
490 2520 562 2570 euim
580 2525 688 2582 nostre,
714 2520 764 2570 sed
787 2535 876 2585 neque
900 2519 1029 2586 leguntur
1046 2537 1135 2586 neque
1155 2537 1247 2574 emun-

130 2602 199 2668 tur),
224 2618 331 2653 omnem
349 2602 483 2654 licentiae
506 2605 627 2670 speciem
651 2605 747 2669 fugere
767 2619 848 2670 quam
871 2607 1023 2670 scripturas
1040 2606 1145 2658 inferre
1164 2608 1249 2660 mului

131 2703 202 2753 quse
226 2692 341 2754 possent
364 2703 398 2739 ex
420 2688 536 2740 arbitrio
559 2705 619 2738 meo
644 2688 739 2739 illotae
769 2688 867 2742 videri.
908 2705 971 2740 num
995 2691 1128 2756 quomodo
1151 2708 1195 2744 res
1218 2709 1249 2745 se

130 2772 268 2824 baberent
289 2787 344 2824 uon
366 2787 439 2822 nuuc
462 2772 562 2836 didici,
586 2773 635 2824 sed
657 2789 706 2838 per
729 2772 827 2826 multos
849 2774 905 2824 iam
924 2790 1011 2826 eunos
1030 2781 1058 2828 st
1075 2777 1203 2829 intellexi
1221 2783 1250 2829 et

129 2871 185 2908 uon
202 2857 265 2907 sine
283 2871 385 2922 magua
403 2856 548 2910 multorum
567 2857 719 2910 offensione
742 2858 885 2923 protessus
903 2874 975 2921 sum,
1001 2861 1140 2914 ecclesius
1164 2877 1247 2913 cvan-

129 2940 240 3008 geticae
265 2957 326 2992 enm
350 2957 411 2994 esse
430 2943 635 3006 condicionem,
659 2949 690 2992 nt
718 2957 808 3008 neque
831 2944 926 2996 vivers
949 2946 1038 3010 possit
1061 2961 1122 2996 eum
1145 2946 1248 2998 honore

129 3041 219 3091 neque
242 3027 311 3076 mori
334 3027 393 3077 siue
417 3026 562 3078 dedecore.
603 3043 657 3091 qua
675 3043 708 3078 ex
727 3027 889 3078 calamitate
908 3029 1067 3096 emergendi
1084 3045 1168 3081 uuam
1186 3035 1248 3080 ten·

129 3117 186 3162 tum
210 3111 286 3160 viem
303 3110 397 3162 video:
423 3111 459 3162 ed
481 3112 603 3177 integros
627 3112 717 3163 sontes
741 3112 909 3164 redeundum
934 3118 1049 3164 estnon
1067 3119 1097 3163 ut
1114 3114 1247 3180 supersti-

129 3197 204 3246 tione
227 3195 378 3246 liberemur
400 3196 450 3246 sed
472 3203 503 3246 ut
531 3195 668 3262 religione
691 3196 909 3262 obstringamur,
938 3212 1025 3262 esque
1054 3199 1147 3249 omnia
1175 3213 1245 3264 qnae

127 3279 325 3345 intellegemus
342 3280 388 3332 vel
407 3297 424 3331 a
445 3281 511 3332 lesu
528 3281 605 3332 dicta
623 3281 669 3332 vel
687 3282 723 3332 ab
748 3281 881 3347 apostolis
904 3281 967 3332 lesu
985 3283 1099 3334 iubente
1117 3283 1247 3336 institute

128 3365 271 3432 sequendo
294 3369 371 3428 sunt,
400 3381 455 3416 non
483 3367 548 3432 quia
570 3367 685 3432 placent
706 3367 755 3418 ssd
778 3367 844 3431 quis
866 3366 992 3418 dominus
1014 3367 1109 3419 voluit.
1150 3368 1246 3434 itaque

128 3449 200 3500 heco
222 3465 278 3501 non
301 3449 352 3500 edo
377 3450 431 3500 nisi
456 3456 487 3500 ut
508 3456 609 3502 testem
632 3450 789 3518 protraham
814 3467 830 3501 e
855 3466 907 3517 quo
930 3452 964 3502 de
988 3453 1155 3518 antiquitate
1174 3453 1246 3505 cluri-

129 3534 223 3585 stisue
241 3534 335 3585 doceri
354 3536 502 3600 possimus,
527 3552 605 3602 quem
630 3551 710 3602 quum
733 3537 803 3586 satis
824 3537 879 3587 iam
898 3551 1034 3603 superque
1053 3537 1180 3590 libidinis
1196 3539 1245 3589 he·

129 3619 276 3680 buerimns,
295 3617 425 3686 religioni
443 3619 507 3670 duxi
525 3637 558 3670 ex
577 3621 717 3687 ingeniolo
735 3637 796 3672 meo
814 3622 962 3688 corrigere.

194 3854 220 3922 ⁸)
239 3856 311 3908 libro
330 3857 459 3908 Turriani
479 3863 506 3908 et
525 3857 658 3909 Cotelerii
677 3861 887 3910 commentarios
911 3859 940 3909 iu
958 3859 1070 3912 brevius
1088 3865 1246 3912 contractos

127 3925 346 3986 subiunxisssm,
378 3927 431 3976 nisi
459 3931 582 3992 sumptus
611 3929 690 3977 nimii
714 3927 799 3977 futuri
823 3928 950 3978 fuissent.
986 3929 1139 3980 Turriauus
1162 3945 1179 3978 a
1197 3945 1245 3980 ue-

128 3995 199 4044 mine
218 3992 310 4044 lectus
329 4008 390 4045 esse
415 3994 536 4057 videtur,
561 3994 715 4046 cotelerius
737 3996 798 4044 sins
822 3993 880 4045 ulle
902 3997 975 4060 grati
1000 3997 1086 4046 animi
1104 3995 1244 4063 significu-

128 4063 202 4114 tioue
222 4061 362 4127 expilatus
381 4067 435 4114 est:
455 4078 507 4128 quo
524 4063 570 4113 vix
588 4078 707 4128 uuquam
725 4063 876 4114 doctiorem
893 4063 1030 4114 homiuem
1048 4065 1115 4116 vidi.
1151 4069 1180 4115 et
1197 4063 1245 4114 de-

129 4130 206 4182 betur
228 4129 282 4182 hoe
305 4131 373 4181 viris
391 4131 485 4197 probis
503 4135 532 4181 et
550 4131 666 4182 eruditis
683 4137 715 4181 ut
733 4136 865 4196 quotquot
888 4147 917 4181 ss
941 4145 1033 4182 eorum
1056 4130 1161 4182 similes
1183 4145 1243 4182 esse

128 4201 242 4266 cupiunt
265 4213 312 4249 eos
336 4198 371 4248 sb
394 4199 505 4264 ignavis
529 4199 636 4250 iuribus
659 4199 820 4250 defenduut
858 4215 909 4265 ego
928 4204 1020 4250 sutem
1037 4205 1069 4249 ut
1084 4201 1130 4249 Fr.
1148 4199 1243 4250 Lucus

128 4266 288 4334 brugensis,
314 4265 336 4316 1.
354 4266 387 4316 Δ.
406 4266 548 4333 Bengelii,
573 4267 637 4318 Chr.
657 4268 687 4318 B.
708 4267 775 4318 etl.
794 4268 828 4318 D.
847 4267 1025 4318 Michaelium
1049 4265 1146 4316 leudes
1163 4281 1244 4332 prse-

127 4335 228 4397 dicavi,
248 4335 290 4384 ite
308 4349 389 4399 spero
408 4335 466 4385 iore
485 4339 515 4383 ut
534 4335 682 4402 aliquando
701 4334 836 4387 cotelerii
855 4341 883 4384 et
900 4335 1028 4385 Turrieni
1046 4333 1132 4384 libros
1149 4335 1179 4384 in
1196 4334 1243 4386 de·

127 4403 211 4456 bitum
230 4405 363 4454 honorem
379 4403 534 4454 restituam.

1299 4027 1397 4103 dreit
