<?xml version="1.0" encoding="UTF-8"?>
<!DOCTYPE html PUBLIC "-//W3C//DTD XHTML 1.0 Transitional//EN"
    "http://www.w3.org/TR/xhtml1/DTD/xhtml1-transitional.dtd">
<html xmlns="http://www.w3.org/1999/xhtml" xml:lang="en" lang="en">
 <head>
  <title>
</title>
<meta http-equiv="Content-Type" content="text/html;charset=utf-8" />
  <meta name='ocr-system' content='tesseract 3.04.00' />
  <meta name='ocr-capabilities' content='ocr_page ocr_carea ocr_par ocr_line ocrx_word'/>
</head>
<body>
  <div class='ocr_page' id='page_1' title='image "./decontroversiis00schgoog_0323.png"; bbox 0 0 2998 4972; ppageno 0'>
   <div class='ocr_carea' id='block_1_1' title="bbox 106 411 1224 499">
    <p class='ocr_par' dir='ltr' id='par_1_1' title="bbox 106 411 1224 499">
     <span class='ocr_line' id='line_1_1' title="bbox 106 411 1224 499; baseline 0.002 -1"><span class='ocrx_word' id='word_1_1' title='bbox 106 411 241 483; x_wconf 62' lang='grc'><strong><em>135-31</em></strong></span> <span class='ocrx_word' id='word_1_2' title='bbox 1162 435 1224 499; x_wconf 81' lang='grc' dir='ltr'><strong><em>ιιο</em></strong></span> 
     </span>
    </p>
   </div>
   <div class='ocr_carea' id='block_1_2' title="bbox 60 579 1275 4283">
    <p class='ocr_par' dir='ltr' id='par_1_2' title="bbox 108 579 1225 682">
     <span class='ocr_line' id='line_1_2' title="bbox 108 579 1225 682; baseline 0.008 -27"><span class='ocrx_word' id='word_1_3' title='bbox 108 579 150 655; x_wconf 82' lang='grc' dir='ltr'><strong><em>οὗ</em></strong></span> <span class='ocrx_word' id='word_1_4' title='bbox 172 585 193 674; x_wconf 85' lang='grc' dir='ltr'><strong><em>ἡ</em></strong></span> <span class='ocrx_word' id='word_1_5' title='bbox 214 587 348 668; x_wconf 77' lang='grc' dir='ltr'><strong><em>ἐπάξιος</em></strong></span> <span class='ocrx_word' id='word_1_6' title='bbox 362 587 591 674; x_wconf 86' lang='grc' dir='ltr'><strong><em>προσκύνησις</em></strong></span> <span class='ocrx_word' id='word_1_7' title='bbox 606 587 775 674; x_wconf 84' lang='grc' dir='ltr'><strong><em>ὀφείλεται</em></strong></span> <span class='ocrx_word' id='word_1_8' title='bbox 790 589 881 675; x_wconf 83' lang='grc' dir='ltr'><strong><em>παρά</em></strong></span> <span class='ocrx_word' id='word_1_9' title='bbox 897 593 1005 677; x_wconf 89' lang='grc' dir='ltr'><strong><em>πάσης</em></strong></span> <span class='ocrx_word' id='word_1_10' title='bbox 1020 598 1156 682; x_wconf 78' lang='grc' dir='ltr'><strong><em>λογικῆς</em></strong></span> <span class='ocrx_word' id='word_1_11' title='bbox 1168 597 1225 664; x_wconf 81' lang='grc' dir='ltr'><strong><em>καὶ</em></strong></span> 
     </span>
    </p>

    <p class='ocr_par' dir='ltr' id='par_1_3' title="bbox 60 689 1275 3637">
     <span class='ocr_line' id='line_1_3' title="bbox 60 689 1225 778; baseline 0.006 -20"><span class='ocrx_word' id='word_1_12' title='bbox 60 705 97 766; x_wconf 85' lang='grc'><strong><em>36</em></strong></span> <span class='ocrx_word' id='word_1_13' title='bbox 107 689 206 777; x_wconf 85' lang='grc' dir='ltr'><strong><em>άγίας</em></strong></span> <span class='ocrx_word' id='word_1_14' title='bbox 235 689 409 776; x_wconf 66' lang='grc' dir='ltr'><strong><em>φύσεας.«Ι</em></strong></span> <span class='ocrx_word' id='word_1_15' title='bbox 435 689 531 777; x_wconf 80' lang='grc' dir='ltr'><strong><em>κύριε</em></strong></span> <span class='ocrx_word' id='word_1_16' title='bbox 563 692 815 777; x_wconf 87' lang='grc' dir='ltr'><strong><em>παντοκράτορ,</em></strong></span> <span class='ocrx_word' id='word_1_17' title='bbox 847 692 976 778; x_wconf 81' lang='grc' dir='ltr'><strong><em>κόσμον</em></strong></span> <span class='ocrx_word' id='word_1_18' title='bbox 1006 699 1138 775; x_wconf 79' lang='grc' dir='ltr'><strong><em>ἔκτισας</em></strong></span> <span class='ocrx_word' id='word_1_19' title='bbox 1169 698 1225 764; x_wconf 89' lang='grc' dir='ltr'><strong><em>διά</em></strong></span> 
     </span>
     <span class='ocr_line' id='line_1_4' title="bbox 104 792 1224 882; baseline 0.008 -24"><span class='ocrx_word' id='word_1_20' title='bbox 104 797 246 879; x_wconf 77' lang='grc' dir='ltr'><strong><em>χριστοῦ</em></strong></span> <span class='ocrx_word' id='word_1_21' title='bbox 267 792 325 860; x_wconf 80' lang='grc' dir='ltr'><strong><em>καὶ</em></strong></span> <span class='ocrx_word' id='word_1_22' title='bbox 351 793 524 878; x_wconf 79' lang='grc' dir='ltr'><strong><em>σάββατον</em></strong></span> <span class='ocrx_word' id='word_1_23' title='bbox 548 792 673 880; x_wconf 72' lang='grc' dir='ltr'><strong><em>ὥρισας</em></strong></span> <span class='ocrx_word' id='word_1_24' title='bbox 701 795 747 870; x_wconf 87' lang='grc' dir='ltr'><strong><em>είς</em></strong></span> <span class='ocrx_word' id='word_1_25' title='bbox 772 795 908 880; x_wconf 78' lang='grc' dir='ltr'><em>μνήμην</em></span> <span class='ocrx_word' id='word_1_26' title='bbox 937 797 1077 882; x_wconf 88' lang='grc' dir='ltr'><strong><em>τούτου,</em></strong></span> <span class='ocrx_word' id='word_1_27' title='bbox 1109 799 1158 865; x_wconf 84' lang='grc' dir='ltr'><strong><em>ότι</em></strong></span> <span class='ocrx_word' id='word_1_28' title='bbox 1185 800 1224 867; x_wconf 91' lang='grc' dir='ltr'><strong><em>ἐν</em></strong></span> 
     </span>
     <span class='ocr_line' id='line_1_5' title="bbox 105 891 1223 984; baseline 0.005 -22"><span class='ocrx_word' id='word_1_29' title='bbox 105 893 200 983; x_wconf 77' lang='grc' dir='ltr'><strong><em>αύτῷ</em></strong></span> <span class='ocrx_word' id='word_1_30' title='bbox 216 897 427 973; x_wconf 87' lang='grc' dir='ltr'><strong><em>κατέπαυσας</em></strong></span> <span class='ocrx_word' id='word_1_31' title='bbox 442 891 509 961; x_wconf 87' lang='grc' dir='ltr'><strong><em>άπό</em></strong></span> <span class='ocrx_word' id='word_1_32' title='bbox 529 896 598 961; x_wconf 77' lang='grc' dir='ltr'><strong><em>τάν</em></strong></span> <span class='ocrx_word' id='word_1_33' title='bbox 616 899 742 984; x_wconf 83' lang='grc' dir='ltr'><strong><em>ἐργαν,</em></strong></span> <span class='ocrx_word' id='word_1_34' title='bbox 763 899 810 974; x_wconf 89' lang='grc' dir='ltr'><strong><em>είς</em></strong></span> <span class='ocrx_word' id='word_1_35' title='bbox 827 898 969 983; x_wconf 78' lang='grc' dir='ltr'><strong><em>μελέτην</em></strong></span> <span class='ocrx_word' id='word_1_36' title='bbox 986 903 1055 965; x_wconf 76' lang='grc' dir='ltr'><strong><em>τῶν</em></strong></span> <span class='ocrx_word' id='word_1_37' title='bbox 1074 904 1145 966; x_wconf 75' lang='grc' dir='ltr'><strong><em>σῶν</em></strong></span> <span class='ocrx_word' id='word_1_38' title='bbox 1165 903 1223 968; x_wconf 91' lang='grc' dir='ltr'><strong><em>νό-</em></strong></span> 
     </span>
     <span class='ocr_line' id='line_1_6' title="bbox 104 995 1258 1090; baseline 0.01 -27"><span class='ocrx_word' id='word_1_39' title='bbox 104 1023 197 1084; x_wconf 84' lang='grc' dir='ltr'><strong><em>μων·</em></strong></span> <span class='ocrx_word' id='word_1_40' title='bbox 229 997 286 1064; x_wconf 83' lang='grc' dir='ltr'><strong><em>καὶ</em></strong></span> <span class='ocrx_word' id='word_1_41' title='bbox 315 995 432 1081; x_wconf 85' lang='grc' dir='ltr'><strong><em>ἑορτάς</em></strong></span> <span class='ocrx_word' id='word_1_42' title='bbox 458 997 596 1077; x_wconf 78' lang='grc' dir='ltr'><strong><em>διετάξιο</em></strong></span> <span class='ocrx_word' id='word_1_43' title='bbox 631 1000 677 1074; x_wconf 90' lang='grc' dir='ltr'><strong><em>είς</em></strong></span> <span class='ocrx_word' id='word_1_44' title='bbox 706 996 923 1084; x_wconf 82' lang='grc' dir='ltr'><strong><em>εὐφροσύνην</em></strong></span> <span class='ocrx_word' id='word_1_45' title='bbox 956 1004 1024 1066; x_wconf 77' lang='grc' dir='ltr'><strong><em>τόν</em></strong></span> <span class='ocrx_word' id='word_1_46' title='bbox 1054 997 1258 1090; x_wconf 76' lang='grc' dir='ltr'><strong><em>ἡμετέρανα</em></strong></span> 
     </span>
     <span class='ocr_line' id='line_1_7' title="bbox 104 1097 1225 1191; baseline 0.006 -27"><span class='ocrx_word' id='word_1_47' title='bbox 104 1104 236 1185; x_wconf 68' lang='grc' dir='ltr'><strong><em>ψυχῶν,</em></strong></span> <span class='ocrx_word' id='word_1_48' title='bbox 259 1097 349 1177; x_wconf 79' lang='grc' dir='ltr'><strong><em>ὅπως</em></strong></span> <span class='ocrx_word' id='word_1_49' title='bbox 366 1102 412 1178; x_wconf 84' lang='grc' dir='ltr'><strong><em>είς</em></strong></span> <span class='ocrx_word' id='word_1_50' title='bbox 434 1099 569 1185; x_wconf 90' lang='grc' dir='ltr'><strong><em>μνήμην</em></strong></span> <span class='ocrx_word' id='word_1_51' title='bbox 592 1099 768 1185; x_wconf 82' lang='grc' dir='ltr'><strong><em>ἐρχόμεθα</em></strong></span> <span class='ocrx_word' id='word_1_52' title='bbox 789 1105 848 1186; x_wconf 85' lang='grc' dir='ltr'><strong><em>τῆς</em></strong></span> <span class='ocrx_word' id='word_1_53' title='bbox 868 1097 935 1167; x_wconf 88' lang='grc' dir='ltr'><strong><em>ύπδ</em></strong></span> <span class='ocrx_word' id='word_1_54' title='bbox 949 1106 1013 1168; x_wconf 85' lang='grc' dir='ltr'><strong><em>σοῦ</em></strong></span> <span class='ocrx_word' id='word_1_55' title='bbox 1032 1109 1225 1191; x_wconf 76' lang='grc' dir='ltr'><strong><em>κτισθείσης</em></strong></span> 
     </span>
     <span class='ocr_line' id='line_1_8' title="bbox 103 1198 1222 1290; baseline 0.004 -22"><span class='ocrx_word' id='word_1_56' title='bbox 103 1206 244 1286; x_wconf 81' lang='grc' dir='ltr'><strong><em>σοφίας,</em></strong></span> <span class='ocrx_word' id='word_1_57' title='bbox 264 1198 310 1280; x_wconf 81' lang='grc' dir='ltr'><strong><em>ύς</em></strong></span> <span class='ocrx_word' id='word_1_58' title='bbox 330 1199 376 1267; x_wconf 86' lang='grc' dir='ltr'><strong><em>δι’</em></strong></span> <span class='ocrx_word' id='word_1_59' title='bbox 397 1198 483 1287; x_wconf 85' lang='grc' dir='ltr'><strong><em>ιΙμάς</em></strong></span> <span class='ocrx_word' id='word_1_60' title='bbox 503 1203 637 1285; x_wconf 88' lang='grc' dir='ltr'><strong><em>γένεσιυ</em></strong></span> <span class='ocrx_word' id='word_1_61' title='bbox 656 1200 780 1287; x_wconf 80' lang='grc' dir='ltr'><strong><em>ὑπέστη</em></strong></span> <span class='ocrx_word' id='word_1_62' title='bbox 803 1201 866 1288; x_wconf 78' lang='grc' dir='ltr'><strong><em>τήν</em></strong></span> <span class='ocrx_word' id='word_1_63' title='bbox 880 1203 936 1269; x_wconf 86' lang='grc' dir='ltr'><strong><em>διά</em></strong></span> <span class='ocrx_word' id='word_1_64' title='bbox 951 1207 1122 1290; x_wconf 89' lang='grc' dir='ltr'><strong><em>γυναικός,</em></strong></span> <span class='ocrx_word' id='word_1_65' title='bbox 1146 1205 1222 1274; x_wconf 78' lang='grc' dir='ltr'><strong><em>ἐπε·</em></strong></span> 
     </span>
     <span class='ocr_line' id='line_1_9' title="bbox 103 1301 1225 1393; baseline 0.006 -24"><span class='ocrx_word' id='word_1_66' title='bbox 103 1305 199 1389; x_wconf 87' lang='grc' dir='ltr'><strong><em>φάνη</em></strong></span> <span class='ocrx_word' id='word_1_67' title='bbox 221 1308 269 1392; x_wconf 75' lang='grc' dir='ltr'><strong><em>τῷ</em></strong></span> <span class='ocrx_word' id='word_1_68' title='bbox 292 1306 356 1391; x_wconf 76' lang='grc' dir='ltr'><strong><em>βίςο</em></strong></span> <span class='ocrx_word' id='word_1_69' title='bbox 371 1301 574 1380; x_wconf 85' lang='grc' dir='ltr'><strong><em>άναδειιινύς</em></strong></span> <span class='ocrx_word' id='word_1_70' title='bbox 593 1301 715 1370; x_wconf 85' lang='grc' dir='ltr'><strong><em>ἑαυτόν</em></strong></span> <span class='ocrx_word' id='word_1_71' title='bbox 736 1303 775 1369; x_wconf 89' lang='grc' dir='ltr'><strong><em>ἐν</em></strong></span> <span class='ocrx_word' id='word_1_72' title='bbox 794 1308 841 1393; x_wconf 74' lang='grc' dir='ltr'><strong><em>τῷ</em></strong></span> <span class='ocrx_word' id='word_1_73' title='bbox 858 1307 1061 1390; x_wconf 82' lang='grc' dir='ltr'><strong><em>βαπτίσματι</em></strong></span> <span class='ocrx_word' id='word_1_74' title='bbox 1079 1305 1124 1386; x_wconf 75' lang='grc' dir='ltr'><strong><em>ὥς</em></strong></span> <span class='ocrx_word' id='word_1_75' title='bbox 1143 1309 1225 1387; x_wconf 90' lang='grc' dir='ltr'><strong><em>θεός</em></strong></span> 
     </span>
     <span class='ocr_line' id='line_1_10' title="bbox 104 1403 1224 1495; baseline 0.004 -23"><span class='ocrx_word' id='word_1_76' title='bbox 104 1405 178 1472; x_wconf 82' lang='grc' dir='ltr'><strong><em>ἐστι</em></strong></span> <span class='ocrx_word' id='word_1_77' title='bbox 200 1405 257 1472; x_wconf 81' lang='grc' dir='ltr'><strong><em>καὶ</em></strong></span> <span class='ocrx_word' id='word_1_78' title='bbox 278 1405 461 1489; x_wconf 76' lang='grc' dir='ltr'><strong><em>ἅνθρωπος</em></strong></span> <span class='ocrx_word' id='word_1_79' title='bbox 486 1403 504 1472; x_wconf 92' lang='grc' dir='ltr'><strong><em>ό</em></strong></span> <span class='ocrx_word' id='word_1_80' title='bbox 526 1409 661 1490; x_wconf 89' lang='grc' dir='ltr'><strong><em>φανείς,</em></strong></span> <span class='ocrx_word' id='word_1_81' title='bbox 681 1408 788 1472; x_wconf 87' lang='grc' dir='ltr'><strong><em>ἐπαθε</em></strong></span> <span class='ocrx_word' id='word_1_82' title='bbox 810 1404 855 1471; x_wconf 87' lang='grc' dir='ltr'><strong><em>δι’</em></strong></span> <span class='ocrx_word' id='word_1_83' title='bbox 877 1403 965 1492; x_wconf 79' lang='grc' dir='ltr'><strong><em>ἡμᾶς</em></strong></span> <span class='ocrx_word' id='word_1_84' title='bbox 986 1411 1030 1494; x_wconf 80' lang='grc' dir='ltr'><strong><em>σῇ</em></strong></span> <span class='ocrx_word' id='word_1_85' title='bbox 1048 1410 1224 1495; x_wconf 82' lang='grc' dir='ltr'><strong><em>συγχωρή-</em></strong></span> 
     </span>
     <span class='ocr_line' id='line_1_11' title="bbox 101 1505 1275 1595; baseline 0.006 -21"><span class='ocrx_word' id='word_1_86' title='bbox 101 1527 156 1574; x_wconf 86' lang='grc' dir='ltr'><strong><em>σει</em></strong></span> <span class='ocrx_word' id='word_1_87' title='bbox 178 1507 236 1573; x_wconf 77' lang='grc' dir='ltr'><strong><em>καὶ</em></strong></span> <span class='ocrx_word' id='word_1_88' title='bbox 257 1505 425 1591; x_wconf 77' lang='grc' dir='ltr'><strong><em>ἀπόθανε,</em></strong></span> <span class='ocrx_word' id='word_1_89' title='bbox 453 1507 511 1574; x_wconf 80' lang='grc' dir='ltr'><strong><em>καὶ</em></strong></span> <span class='ocrx_word' id='word_1_90' title='bbox 532 1506 653 1592; x_wconf 86' lang='grc' dir='ltr'><strong><em>άνέστη</em></strong></span> <span class='ocrx_word' id='word_1_91' title='bbox 676 1511 726 1595; x_wconf 78' lang='grc' dir='ltr'><strong><em>σςό</em></strong></span> <span class='ocrx_word' id='word_1_92' title='bbox 747 1506 878 1594; x_wconf 88' lang='grc' dir='ltr'><strong><em>κράτει·</em></strong></span> <span class='ocrx_word' id='word_1_93' title='bbox 901 1505 956 1576; x_wconf 85' lang='grc' dir='ltr'><strong><em>διό</em></strong></span> <span class='ocrx_word' id='word_1_94' title='bbox 977 1516 1034 1576; x_wconf 81' lang='grc' dir='ltr'><strong><em>καί</em></strong></span> <span class='ocrx_word' id='word_1_95' title='bbox 1056 1509 1118 1595; x_wconf 79' lang='grc' dir='ltr'><strong><em>τήν</em></strong></span> <span class='ocrx_word' id='word_1_96' title='bbox 1139 1510 1223 1580; x_wconf 83' lang='grc' dir='ltr'><strong><em>άνα-</em></strong></span> <span class='ocrx_word' id='word_1_97' title='bbox 1244 1529 1275 1582; x_wconf 82' lang='lat'><strong><em>1⁰</em></strong></span> 
     </span>
     <span class='ocr_line' id='line_1_12' title="bbox 102 1608 1224 1705; baseline 0.004 -29"><span class='ocrx_word' id='word_1_98' title='bbox 102 1610 270 1694; x_wconf 87' lang='grc' dir='ltr'><strong><em>στάσιμον</em></strong></span> <span class='ocrx_word' id='word_1_99' title='bbox 292 1608 412 1705; x_wconf 72' lang='grc' dir='ltr'><strong><em>ξορτήν</em></strong></span> <span class='ocrx_word' id='word_1_100' title='bbox 439 1613 720 1694; x_wconf 78' lang='grc' dir='ltr'><strong><em>πανηγυρίζοντες</em></strong></span> <span class='ocrx_word' id='word_1_101' title='bbox 746 1615 789 1697; x_wconf 79' lang='grc' dir='ltr'><strong><em>τῇ</em></strong></span> <span class='ocrx_word' id='word_1_102' title='bbox 814 1616 961 1698; x_wconf 79' lang='grc' dir='ltr'><strong><em>κυριακῇ</em></strong></span> <span class='ocrx_word' id='word_1_103' title='bbox 985 1616 1146 1697; x_wconf 86' lang='grc' dir='ltr'><strong><em>χαίρομεν</em></strong></span> <span class='ocrx_word' id='word_1_104' title='bbox 1169 1613 1224 1697; x_wconf 79' lang='grc' dir='ltr'><strong><em>ἐπὶ</em></strong></span> 
     </span>
     <span class='ocr_line' id='line_1_13' title="bbox 100 1710 1224 1800; baseline 0.004 -22"><span class='ocrx_word' id='word_1_105' title='bbox 100 1716 151 1800; x_wconf 74' lang='grc' dir='ltr'><strong><em>τῷ</em></strong></span> <span class='ocrx_word' id='word_1_106' title='bbox 179 1711 358 1799; x_wconf 81' lang='grc' dir='ltr'><strong><em>νικήσαντι</em></strong></span> <span class='ocrx_word' id='word_1_107' title='bbox 384 1713 447 1796; x_wconf 79' lang='grc' dir='ltr'><strong><em>μὲν</em></strong></span> <span class='ocrx_word' id='word_1_108' title='bbox 473 1710 534 1777; x_wconf 84' lang='grc' dir='ltr'><strong><em>τόν</em></strong></span> <span class='ocrx_word' id='word_1_109' title='bbox 564 1711 734 1795; x_wconf 84' lang='grc' dir='ltr'><strong><em>θάνατον,</em></strong></span> <span class='ocrx_word' id='word_1_110' title='bbox 769 1717 954 1797; x_wconf 84' lang='grc' dir='ltr'><strong><em>φωτίσαντι</em></strong></span> <span class='ocrx_word' id='word_1_111' title='bbox 980 1715 1020 1798; x_wconf 77' lang='grc' dir='ltr'><strong><em>δέ</em></strong></span> <span class='ocrx_word' id='word_1_112' title='bbox 1050 1713 1137 1800; x_wconf 80' lang='grc' dir='ltr'><strong><em>ζωήν</em></strong></span> <span class='ocrx_word' id='word_1_113' title='bbox 1167 1715 1224 1782; x_wconf 80' lang='grc' dir='ltr'><strong><em>καί</em></strong></span> 
     </span>
     <span class='ocr_line' id='line_1_14' title="bbox 101 1810 1224 1904; baseline 0.004 -24"><span class='ocrx_word' id='word_1_114' title='bbox 101 1814 321 1900; x_wconf 74' lang='grc' dir='ltr'><strong><em>ἀφθαρσίαν·</em></strong></span> <span class='ocrx_word' id='word_1_115' title='bbox 352 1812 399 1880; x_wconf 84' lang='grc' dir='ltr'><strong><em>δι’</em></strong></span> <span class='ocrx_word' id='word_1_116' title='bbox 422 1811 528 1880; x_wconf 84' lang='grc' dir='ltr'><strong><em>αύτού</em></strong></span> <span class='ocrx_word' id='word_1_117' title='bbox 545 1810 610 1898; x_wconf 87' lang='grc' dir='ltr'><strong><em>γάρ</em></strong></span> <span class='ocrx_word' id='word_1_118' title='bbox 633 1813 850 1899; x_wconf 80' lang='grc' dir='ltr'><strong><em>προσηγάγου</em></strong></span> <span class='ocrx_word' id='word_1_119' title='bbox 879 1813 919 1880; x_wconf 88' lang='grc' dir='ltr'><strong><em>τά</em></strong></span> <span class='ocrx_word' id='word_1_120' title='bbox 940 1819 1025 1902; x_wconf 88' lang='grc' dir='ltr'><strong><em>ἐθνη</em></strong></span> <span class='ocrx_word' id='word_1_121' title='bbox 1047 1816 1155 1904; x_wconf 75' lang='grc' dir='ltr'><strong><em>ἑαυτῷ</em></strong></span> <span class='ocrx_word' id='word_1_122' title='bbox 1177 1820 1224 1895; x_wconf 87' lang='grc' dir='ltr'><strong><em>είς</em></strong></span> 
     </span>
     <span class='ocr_line' id='line_1_15' title="bbox 101 1913 1223 2005; baseline 0.003 -23"><span class='ocrx_word' id='word_1_123' title='bbox 101 1915 189 1982; x_wconf 89' lang='grc' dir='ltr'><strong><em>λαδυ</em></strong></span> <span class='ocrx_word' id='word_1_124' title='bbox 216 1915 429 1999; x_wconf 84' lang='grc' dir='ltr'><strong><em>περιούσιον,</em></strong></span> <span class='ocrx_word' id='word_1_125' title='bbox 459 1915 519 1981; x_wconf 86' lang='grc' dir='ltr'><strong><em>τόν</em></strong></span> <span class='ocrx_word' id='word_1_126' title='bbox 543 1913 710 2000; x_wconf 79' lang='grc' dir='ltr'><strong><em>ἀληθινόν</em></strong></span> <span class='ocrx_word' id='word_1_127' title='bbox 730 1913 861 2002; x_wconf 81' lang='grc' dir='ltr'><strong><em>Ἰσραήλ</em></strong></span> <span class='ocrx_word' id='word_1_128' title='bbox 888 1915 949 1983; x_wconf 87' lang='grc' dir='ltr'><strong><em>τόν</em></strong></span> <span class='ocrx_word' id='word_1_129' title='bbox 974 1923 1138 2005; x_wconf 79' lang='grc' dir='ltr'><strong><em>θεοφιλῆ,</em></strong></span> <span class='ocrx_word' id='word_1_130' title='bbox 1164 1918 1223 1986; x_wconf 88' lang='grc' dir='ltr'><strong><em>τόν</em></strong></span> 
     </span>
     <span class='ocr_line' id='line_1_16' title="bbox 101 2015 1273 2107; baseline 0.006 -23"><span class='ocrx_word' id='word_1_131' title='bbox 101 2017 238 2104; x_wconf 70' lang='grc' dir='ltr'><strong><em>όροὶντα</em></strong></span> <span class='ocrx_word' id='word_1_132' title='bbox 257 2018 352 2084; x_wconf 89' lang='grc' dir='ltr'><strong><em>θεόν.</em></strong></span> <span class='ocrx_word' id='word_1_133' title='bbox 398 2015 441 2084; x_wconf 87' lang='grc' dir='ltr'><strong><em>σύ</em></strong></span> <span class='ocrx_word' id='word_1_134' title='bbox 460 2017 536 2102; x_wconf 88' lang='grc' dir='ltr'><strong><em>γάρ,</em></strong></span> <span class='ocrx_word' id='word_1_135' title='bbox 559 2017 665 2101; x_wconf 85' lang='grc' dir='ltr'><strong><em>κύριε,</em></strong></span> <span class='ocrx_word' id='word_1_136' title='bbox 687 2016 745 2084; x_wconf 82' lang='grc' dir='ltr'><strong><em>καί</em></strong></span> <span class='ocrx_word' id='word_1_137' title='bbox 766 2017 845 2094; x_wconf 86' lang='grc' dir='ltr'><strong><em>τούς</em></strong></span> <span class='ocrx_word' id='word_1_138' title='bbox 865 2019 1009 2102; x_wconf 81' lang='grc' dir='ltr'><strong><em>πατέρας</em></strong></span> <span class='ocrx_word' id='word_1_139' title='bbox 1028 2017 1126 2105; x_wconf 76' lang='grc' dir='ltr'><strong><em>ἡμῶν</em></strong></span> <span class='ocrx_word' id='word_1_140' title='bbox 1147 2020 1223 2107; x_wconf 81' lang='grc' dir='ltr'><strong><em>ἐξή-</em></strong></span> <span class='ocrx_word' id='word_1_141' title='bbox 1243 2039 1273 2092; x_wconf 82' lang='grc'><strong><em>15</em></strong></span> 
     </span>
     <span class='ocr_line' id='line_1_17' title="bbox 99 2118 1224 2210; baseline 0.004 -24"><span class='ocrx_word' id='word_1_142' title='bbox 99 2144 204 2205; x_wconf 89' lang='grc' dir='ltr'><strong><em>γαγες</em></strong></span> <span class='ocrx_word' id='word_1_143' title='bbox 223 2121 262 2186; x_wconf 91' lang='grc' dir='ltr'><strong><em>ἐκ</em></strong></span> <span class='ocrx_word' id='word_1_144' title='bbox 283 2123 343 2205; x_wconf 82' lang='grc' dir='ltr'><strong><em>γῆς</em></strong></span> <span class='ocrx_word' id='word_1_145' title='bbox 360 2119 536 2205; x_wconf 77' lang='grc' dir='ltr'><strong><em>Αἰγύπτου</em></strong></span> <span class='ocrx_word' id='word_1_146' title='bbox 558 2118 614 2184; x_wconf 80' lang='grc' dir='ltr'><strong><em>καί</em></strong></span> <span class='ocrx_word' id='word_1_147' title='bbox 637 2119 770 2205; x_wconf 85' lang='grc' dir='ltr'><strong><em>ἐρρύσω</em></strong></span> <span class='ocrx_word' id='word_1_148' title='bbox 792 2119 830 2186; x_wconf 84' lang='grc' dir='ltr'><strong><em>ἐκ</em></strong></span> <span class='ocrx_word' id='word_1_149' title='bbox 846 2125 991 2204; x_wconf 89' lang='grc' dir='ltr'><strong><em>καμίνου</em></strong></span> <span class='ocrx_word' id='word_1_150' title='bbox 1006 2124 1146 2210; x_wconf 78' lang='grc' dir='ltr'><strong><em>σιδηρᾶς</em></strong></span> <span class='ocrx_word' id='word_1_151' title='bbox 1167 2123 1224 2190; x_wconf 80' lang='grc' dir='ltr'><strong><em>καὶ</em></strong></span> 
     </span>
     <span class='ocr_line' id='line_1_18' title="bbox 100 2220 1224 2310; baseline 0.002 -21"><span class='ocrx_word' id='word_1_152' title='bbox 100 2223 141 2289; x_wconf 86' lang='grc' dir='ltr'><strong><em>εἰι</em></strong></span> <span class='ocrx_word' id='word_1_153' title='bbox 163 2225 277 2307; x_wconf 83' lang='grc' dir='ltr'><strong><em>πηλοῦ</em></strong></span> <span class='ocrx_word' id='word_1_154' title='bbox 297 2220 354 2287; x_wconf 80' lang='grc' dir='ltr'><strong><em>καὶ</em></strong></span> <span class='ocrx_word' id='word_1_155' title='bbox 376 2225 639 2304; x_wconf 86' lang='grc' dir='ltr'><strong><em>πλινθουργίας,</em></strong></span> <span class='ocrx_word' id='word_1_156' title='bbox 662 2226 680 2266; x_wconf 79' lang='grc'>*</span> <span class='ocrx_word' id='word_1_157' title='bbox 701 2220 879 2304; x_wconf 80' lang='grc' dir='ltr'><strong><em>ἐλυτρύσυ</em></strong></span> <span class='ocrx_word' id='word_1_158' title='bbox 902 2221 940 2287; x_wconf 90' lang='grc' dir='ltr'><strong><em>ἐκ</em></strong></span> <span class='ocrx_word' id='word_1_159' title='bbox 967 2223 1076 2309; x_wconf 86' lang='grc' dir='ltr'><strong><em>χειρός</em></strong></span> <span class='ocrx_word' id='word_1_160' title='bbox 1096 2229 1224 2310; x_wconf 82' lang='grc' dir='ltr'><strong><em>Φαραιδ</em></strong></span> 
     </span>
     <span class='ocr_line' id='line_1_19' title="bbox 99 2320 1223 2410; baseline 0.002 -20"><span class='ocrx_word' id='word_1_161' title='bbox 99 2325 158 2391; x_wconf 84' lang='grc' dir='ltr'><strong><em>καί</em></strong></span> <span class='ocrx_word' id='word_1_162' title='bbox 180 2328 250 2390; x_wconf 76' lang='grc' dir='ltr'><strong><em>τῶν</em></strong></span> <span class='ocrx_word' id='word_1_163' title='bbox 272 2320 332 2390; x_wconf 80' lang='grc' dir='ltr'><strong><em>ὑπ’</em></strong></span> <span class='ocrx_word' id='word_1_164' title='bbox 360 2322 480 2406; x_wconf 84' lang='grc' dir='ltr'><strong><em>αὐτὸν,</em></strong></span> <span class='ocrx_word' id='word_1_165' title='bbox 509 2323 605 2388; x_wconf 77' lang='grc' dir='ltr'><strong><em>*διά</em></strong></span> <span class='ocrx_word' id='word_1_166' title='bbox 629 2324 804 2408; x_wconf 80' lang='grc' dir='ltr'><strong><em>θαλάσσης</em></strong></span> <span class='ocrx_word' id='word_1_167' title='bbox 828 2321 873 2401; x_wconf 80' lang='grc' dir='ltr'><strong><em>ύς</em></strong></span> <span class='ocrx_word' id='word_1_168' title='bbox 899 2323 955 2390; x_wconf 84' lang='grc' dir='ltr'><strong><em>διά</em></strong></span> <span class='ocrx_word' id='word_1_169' title='bbox 978 2328 1079 2410; x_wconf 81' lang='grc' dir='ltr'><strong><em>ξηρᾶς</em></strong></span> <span class='ocrx_word' id='word_1_170' title='bbox 1100 2322 1223 2404; x_wconf 84' lang='grc' dir='ltr'><strong><em>αύτούς</em></strong></span> 
     </span>
     <span class='ocr_line' id='line_1_20' title="bbox 98 2421 1223 2518; baseline 0.002 -26"><span class='ocrx_word' id='word_1_171' title='bbox 98 2427 295 2512; x_wconf 87' lang='grc' dir='ltr'><strong><em>παρήγαγες</em></strong></span> <span class='ocrx_word' id='word_1_172' title='bbox 322 2423 380 2492; x_wconf 83' lang='grc' dir='ltr'><strong><em>καὶ</em></strong></span> <span class='ocrx_word' id='word_1_173' title='bbox 410 2424 683 2511; x_wconf 89' lang='grc' dir='ltr'><strong><em>ἐτροποφόρησας</em></strong></span> <span class='ocrx_word' id='word_1_174' title='bbox 712 2421 834 2502; x_wconf 85' lang='grc' dir='ltr'><strong><em>αύτούς</em></strong></span> <span class='ocrx_word' id='word_1_175' title='bbox 863 2424 902 2490; x_wconf 89' lang='grc' dir='ltr'><strong><em>ἐν</em></strong></span> <span class='ocrx_word' id='word_1_176' title='bbox 926 2431 969 2512; x_wconf 75' lang='grc' dir='ltr'><strong><em>τῇ</em></strong></span> <span class='ocrx_word' id='word_1_177' title='bbox 997 2425 1108 2518; x_wconf 72' lang='grc' dir='ltr'><strong><em>ἐρήμην</em></strong></span> <span class='ocrx_word' id='word_1_178' title='bbox 1135 2449 1223 2494; x_wconf 87' lang='grc' dir='ltr'><strong><em>παν-</em></strong></span> 
     </span>
     <span class='ocr_line' id='line_1_21' title="bbox 98 2525 1273 2617; baseline 0.002 -22"><span class='ocrx_word' id='word_1_179' title='bbox 98 2533 204 2606; x_wconf 86' lang='grc' dir='ltr'><strong><em>τοίοις</em></strong></span> <span class='ocrx_word' id='word_1_180' title='bbox 233 2527 389 2613; x_wconf 79' lang='grc' dir='ltr'><strong><em>άγαθοίς·</em></strong></span> <span class='ocrx_word' id='word_1_181' title='bbox 422 2526 529 2611; x_wconf 89' lang='grc' dir='ltr'><strong><em>νόμον</em></strong></span> <span class='ocrx_word' id='word_1_182' title='bbox 556 2525 669 2603; x_wconf 82' lang='grc' dir='ltr'><strong><em>αύτοίς</em></strong></span> <span class='ocrx_word' id='word_1_183' title='bbox 698 2526 857 2610; x_wconf 78' lang='grc' dir='ltr'><strong><em>ἐδωρήσω</em></strong></span> <span class='ocrx_word' id='word_1_184' title='bbox 881 2530 899 2568; x_wconf 84' lang='grc'>*</span> <span class='ocrx_word' id='word_1_185' title='bbox 924 2528 1005 2594; x_wconf 83' lang='grc' dir='ltr'><strong><em>δίκα</em></strong></span> <span class='ocrx_word' id='word_1_186' title='bbox 1033 2533 1158 2613; x_wconf 85' lang='grc' dir='ltr'><strong><em>λογίαν</em></strong></span> <span class='ocrx_word' id='word_1_187' title='bbox 1179 2533 1223 2617; x_wconf 81' lang='grc' dir='ltr'><strong><em>σῇ</em></strong></span> <span class='ocrx_word' id='word_1_188' title='bbox 1239 2547 1273 2598; x_wconf 76' lang='lat'><strong><em>20</em></strong></span> 
     </span>
     <span class='ocr_line' id='line_1_22' title="bbox 99 2628 1222 2717; baseline 0.001 -20"><span class='ocrx_word' id='word_1_189' title='bbox 99 2631 204 2717; x_wconf 81' lang='grc' dir='ltr'><strong><em>φωνή</em></strong></span> <span class='ocrx_word' id='word_1_190' title='bbox 228 2633 445 2715; x_wconf 86' lang='grc' dir='ltr'><strong><em>φθεγχθέυτα</em></strong></span> <span class='ocrx_word' id='word_1_191' title='bbox 467 2629 523 2694; x_wconf 80' lang='grc' dir='ltr'><strong><em>καὶ</em></strong></span> <span class='ocrx_word' id='word_1_192' title='bbox 545 2628 631 2714; x_wconf 80' lang='grc' dir='ltr'><strong><em>χειρί</em></strong></span> <span class='ocrx_word' id='word_1_193' title='bbox 653 2629 696 2714; x_wconf 79' lang='grc' dir='ltr'><strong><em>σή</em></strong></span> <span class='ocrx_word' id='word_1_194' title='bbox 718 2632 990 2714; x_wconf 82' lang='grc' dir='ltr'><strong><em>καταγραφέντα·</em></strong></span> <span class='ocrx_word' id='word_1_195' title='bbox 1010 2633 1222 2716; x_wconf 79' lang='grc' dir='ltr'><strong><em>σαββατίζειν</em></strong></span> 
     </span>
     <span class='ocr_line' id='line_1_23' title="bbox 98 2729 1222 2820; baseline 0.001 -20"><span class='ocrx_word' id='word_1_196' title='bbox 98 2735 278 2815; x_wconf 82' lang='grc' dir='ltr'><strong><em>ἐνετείλιο,</em></strong></span> <span class='ocrx_word' id='word_1_197' title='bbox 302 2729 343 2796; x_wconf 86' lang='grc' dir='ltr'><strong><em>ού</em></strong></span> <span class='ocrx_word' id='word_1_198' title='bbox 364 2730 537 2818; x_wconf 86' lang='grc' dir='ltr'><strong><em>πρόφασιν</em></strong></span> <span class='ocrx_word' id='word_1_199' title='bbox 556 2730 675 2816; x_wconf 88' lang='grc' dir='ltr'><strong><em>άργίας</em></strong></span> <span class='ocrx_word' id='word_1_200' title='bbox 691 2731 823 2813; x_wconf 88' lang='grc' dir='ltr'><strong><em>διδούς,</em></strong></span> <span class='ocrx_word' id='word_1_201' title='bbox 844 2729 918 2797; x_wconf 80' lang='grc' dir='ltr'><strong><em>ἀλλ’</em></strong></span> <span class='ocrx_word' id='word_1_202' title='bbox 944 2729 1102 2820; x_wconf 83' lang='grc' dir='ltr'><strong><em>άφορμήν</em></strong></span> <span class='ocrx_word' id='word_1_203' title='bbox 1127 2733 1222 2801; x_wconf 88' lang='grc' dir='ltr'><strong><em>εύσε-</em></strong></span> 
     </span>
     <span class='ocr_line' id='line_1_24' title="bbox 96 2833 1222 2924; baseline 0 -22"><span class='ocrx_word' id='word_1_204' title='bbox 96 2839 211 2924; x_wconf 82' lang='grc' dir='ltr'><strong><em>βείας,</em></strong></span> <span class='ocrx_word' id='word_1_205' title='bbox 242 2838 289 2912; x_wconf 88' lang='grc' dir='ltr'><strong><em>είς</em></strong></span> <span class='ocrx_word' id='word_1_206' title='bbox 308 2837 438 2919; x_wconf 83' lang='grc' dir='ltr'><strong><em>γνόσιν</em></strong></span> <span class='ocrx_word' id='word_1_207' title='bbox 457 2837 515 2919; x_wconf 80' lang='grc' dir='ltr'><strong><em>τῆς</em></strong></span> <span class='ocrx_word' id='word_1_208' title='bbox 541 2837 603 2918; x_wconf 84' lang='grc' dir='ltr'><strong><em>σῆς</em></strong></span> <span class='ocrx_word' id='word_1_209' title='bbox 628 2833 821 2918; x_wconf 81' lang='grc' dir='ltr'><strong><em>δυνάμεως,</em></strong></span> <span class='ocrx_word' id='word_1_210' title='bbox 854 2837 901 2911; x_wconf 92' lang='grc' dir='ltr'><strong><em>είς</em></strong></span> <span class='ocrx_word' id='word_1_211' title='bbox 927 2834 1079 2902; x_wconf 82' lang='grc' dir='ltr'><strong><em>κοίλυσιν</em></strong></span> <span class='ocrx_word' id='word_1_212' title='bbox 1108 2837 1222 2902; x_wconf 71' lang='grc' dir='ltr'><strong><em>κακῶν</em></strong></span> 
     </span>
     <span class='ocr_line' id='line_1_25' title="bbox 96 2933 1221 3025; baseline -0.001 -21"><span class='ocrx_word' id='word_1_213' title='bbox 96 2935 143 3016; x_wconf 84' lang='grc' dir='ltr'><strong><em>ιός</em></strong></span> <span class='ocrx_word' id='word_1_214' title='bbox 162 2937 203 3004; x_wconf 87' lang='grc' dir='ltr'><strong><em>ἐν</em></strong></span> <span class='ocrx_word' id='word_1_215' title='bbox 229 2936 306 3025; x_wconf 76' lang='grc' dir='ltr'><strong><em>ἱερῷ</em></strong></span> <span class='ocrx_word' id='word_1_216' title='bbox 321 2937 500 3020; x_wconf 82' lang='grc' dir='ltr'><strong><em>καθείρξας</em></strong></span> <span class='ocrx_word' id='word_1_217' title='bbox 519 2933 687 3023; x_wconf 79' lang='grc' dir='ltr'><strong><em>περιβόλῳ</em></strong></span> <span class='ocrx_word' id='word_1_218' title='bbox 701 2937 919 3014; x_wconf 77' lang='grc' dir='ltr'><strong><em>διδασκαλίας</em></strong></span> <span class='ocrx_word' id='word_1_219' title='bbox 936 2936 1036 3021; x_wconf 82' lang='grc' dir='ltr'><strong><em>χάριν</em></strong></span> <span class='ocrx_word' id='word_1_220' title='bbox 1056 2939 1103 3014; x_wconf 82' lang='grc' dir='ltr'><strong><em>είς</em></strong></span> <span class='ocrx_word' id='word_1_221' title='bbox 1117 2937 1221 3022; x_wconf 88' lang='grc' dir='ltr'><strong><em>άγαλ-</em></strong></span> 
     </span>
     <span class='ocr_line' id='line_1_26' title="bbox 97 3035 1272 3124; baseline -0.001 -17"><span class='ocrx_word' id='word_1_222' title='bbox 97 3045 204 3124; x_wconf 89' lang='grc' dir='ltr'><strong><em>λίαμα</em></strong></span> <span class='ocrx_word' id='word_1_223' title='bbox 235 3038 435 3123; x_wconf 85' lang='grc' dir='ltr'><strong><em>ἑβδομάδος·</em></strong></span> <span class='ocrx_word' id='word_1_224' title='bbox 469 3035 526 3103; x_wconf 84' lang='grc' dir='ltr'><strong><em>διά</em></strong></span> <span class='ocrx_word' id='word_1_225' title='bbox 555 3041 655 3102; x_wconf 82' lang='grc' dir='ltr'><strong><em>τοῦτο</em></strong></span> <span class='ocrx_word' id='word_1_226' title='bbox 686 3037 831 3123; x_wconf 83' lang='grc' dir='ltr'><strong><em>ἐβδομάς</em></strong></span> <span class='ocrx_word' id='word_1_227' title='bbox 863 3042 922 3124; x_wconf 91' lang='grc' dir='ltr'><strong><em>μία</em></strong></span> <span class='ocrx_word' id='word_1_228' title='bbox 952 3039 1008 3103; x_wconf 84' lang='grc' dir='ltr'><strong><em>καί</em></strong></span> <span class='ocrx_word' id='word_1_229' title='bbox 1039 3037 1222 3122; x_wconf 83' lang='grc' dir='ltr'><strong><em>ἑβδομάδες</em></strong></span> <span class='ocrx_word' id='word_1_230' title='bbox 1238 3053 1272 3106; x_wconf 71' lang='lat'><strong><em>25</em></strong></span> 
     </span>
     <span class='ocr_line' id='line_1_27' title="bbox 97 3138 1222 3225; baseline -0.003 -16"><span class='ocrx_word' id='word_1_231' title='bbox 97 3140 183 3209; x_wconf 82' lang='grc' dir='ltr'><strong><em>ἑπτά</em></strong></span> <span class='ocrx_word' id='word_1_232' title='bbox 213 3139 271 3206; x_wconf 81' lang='grc' dir='ltr'><strong><em>καί</em></strong></span> <span class='ocrx_word' id='word_1_233' title='bbox 301 3138 370 3225; x_wconf 86' lang='grc' dir='ltr'><strong><em>μήν</em></strong></span> <span class='ocrx_word' id='word_1_234' title='bbox 397 3139 539 3225; x_wconf 78' lang='grc' dir='ltr'><strong><em>ἕβδομος</em></strong></span> <span class='ocrx_word' id='word_1_235' title='bbox 568 3139 625 3205; x_wconf 83' lang='grc' dir='ltr'><strong><em>καὶ</em></strong></span> <span class='ocrx_word' id='word_1_236' title='bbox 658 3139 812 3216; x_wconf 84' lang='grc' dir='ltr'><strong><em>ἐνιαυτὸς</em></strong></span> <span class='ocrx_word' id='word_1_237' title='bbox 839 3141 982 3225; x_wconf 81' lang='grc' dir='ltr'><strong><em>ἕβδομος</em></strong></span> <span class='ocrx_word' id='word_1_238' title='bbox 1010 3138 1067 3205; x_wconf 82' lang='grc' dir='ltr'><strong><em>καὶ</em></strong></span> <span class='ocrx_word' id='word_1_239' title='bbox 1098 3139 1222 3206; x_wconf 83' lang='grc' dir='ltr'><strong><em>τούτου</em></strong></span> 
     </span>
     <span class='ocr_line' id='line_1_28' title="bbox 97 3231 1265 3328; baseline -0.003 -17"><span class='ocrx_word' id='word_1_240' title='bbox 97 3243 187 3311; x_wconf 80' lang='grc' dir='ltr'><strong><em>κατά</em></strong></span> <span class='ocrx_word' id='word_1_241' title='bbox 215 3241 450 3328; x_wconf 89' lang='grc' dir='ltr'><strong><em>άνακύκλησιν</em></strong></span> <span class='ocrx_word' id='word_1_242' title='bbox 468 3243 487 3282; x_wconf 80' lang='grc'><em>*</em></span> <span class='ocrx_word' id='word_1_243' title='bbox 515 3246 589 3319; x_wconf 81' lang='grc' dir='ltr'><strong><em>ἔτος</em></strong></span> <span class='ocrx_word' id='word_1_244' title='bbox 613 3241 858 3327; x_wconf 87' lang='grc' dir='ltr'><strong><em>πεντηκοστόν,</em></strong></span> <span class='ocrx_word' id='word_1_245' title='bbox 890 3243 937 3318; x_wconf 85' lang='grc' dir='ltr'><strong><em>είς</em></strong></span> <span class='ocrx_word' id='word_1_246' title='bbox 958 3240 1091 3326; x_wconf 84' lang='grc' dir='ltr'><strong><em>ἄφεσιν.</em></strong></span> <span class='ocrx_word' id='word_1_247' title='bbox 1133 3239 1222 3320; x_wconf 79' lang='grc' dir='ltr'><strong><em>ὅπως</em></strong></span> <span class='ocrx_word' id='word_1_248' title='bbox 1259 3231 1265 3240; x_wconf 64' lang='grc'>’</span> 
     </span>
     <span class='ocr_line' id='line_1_29' title="bbox 95 3343 1220 3432; baseline -0.002 -20"><span class='ocrx_word' id='word_1_249' title='bbox 95 3347 270 3432; x_wconf 89' lang='grc' dir='ltr'><strong><em>μηδεμίαν</em></strong></span> <span class='ocrx_word' id='word_1_250' title='bbox 294 3348 394 3430; x_wconf 80' lang='grc' dir='ltr'><strong><em>ἔχωσι</em></strong></span> <span class='ocrx_word' id='word_1_251' title='bbox 419 3344 592 3430; x_wconf 89' lang='grc' dir='ltr'><strong><em>πρόφασιν</em></strong></span> <span class='ocrx_word' id='word_1_252' title='bbox 611 3351 628 3388; x_wconf 74' lang='lat'><em>*</em></span> <span class='ocrx_word' id='word_1_253' title='bbox 647 3343 824 3429; x_wconf 74' lang='grc' dir='ltr'><strong><em>ἄνθρωποι</em></strong></span> <span class='ocrx_word' id='word_1_254' title='bbox 849 3343 991 3427; x_wconf 84' lang='grc' dir='ltr'><strong><em>ἄγνοιαν</em></strong></span> <span class='ocrx_word' id='word_1_255' title='bbox 1012 3344 1220 3430; x_wconf 75' lang='grc' dir='ltr'><strong><em>σκήήασθαι,</em></strong></span> 
     </span>
     <span class='ocr_line' id='line_1_30' title="bbox 95 3443 1220 3534; baseline -0.002 -18"><span class='ocrx_word' id='word_1_256' title='bbox 95 3449 226 3516; x_wconf 84' lang='grc' dir='ltr'><strong><em>τούτου</em></strong></span> <span class='ocrx_word' id='word_1_257' title='bbox 251 3448 351 3534; x_wconf 83' lang='grc' dir='ltr'><strong><em>χάριν</em></strong></span> <span class='ocrx_word' id='word_1_258' title='bbox 379 3447 448 3515; x_wconf 86' lang='grc' dir='ltr'><strong><em>πάν</em></strong></span> <span class='ocrx_word' id='word_1_259' title='bbox 469 3447 641 3531; x_wconf 89' lang='grc' dir='ltr'><strong><em>σάββατον</em></strong></span> <span class='ocrx_word' id='word_1_260' title='bbox 659 3444 778 3531; x_wconf 85' lang='grc' dir='ltr'><strong><em>άργείν</em></strong></span> <span class='ocrx_word' id='word_1_261' title='bbox 800 3446 1000 3531; x_wconf 78' lang='grc' dir='ltr'><strong><em>ἐπέτρεψεν,</em></strong></span> <span class='ocrx_word' id='word_1_262' title='bbox 1028 3443 1117 3524; x_wconf 80' lang='grc' dir='ltr'><strong><em>ὅπως</em></strong></span> <span class='ocrx_word' id='word_1_263' title='bbox 1136 3449 1220 3533; x_wconf 75' lang='grc' dir='ltr'><strong><em>μηδὲ</em></strong></span> 
     </span>
     <span class='ocr_line' id='line_1_31' title="bbox 95 3545 1272 3637; baseline -0.003 -20"><span class='ocrx_word' id='word_1_264' title='bbox 95 3552 207 3636; x_wconf 91' lang='grc' dir='ltr'><strong><em>λόγον</em></strong></span> <span class='ocrx_word' id='word_1_265' title='bbox 227 3572 278 3626; x_wconf 87' lang='grc' dir='ltr'><strong><em>τις</em></strong></span> <span class='ocrx_word' id='word_1_266' title='bbox 300 3551 338 3616; x_wconf 88' lang='grc' dir='ltr'><strong><em>ἐν</em></strong></span> <span class='ocrx_word' id='word_1_267' title='bbox 360 3549 445 3636; x_wconf 79' lang='grc' dir='ltr'><strong><em>ὀργή</em></strong></span> <span class='ocrx_word' id='word_1_268' title='bbox 468 3548 506 3615; x_wconf 86' lang='grc' dir='ltr'><strong><em>ἐκ</em></strong></span> <span class='ocrx_word' id='word_1_269' title='bbox 523 3547 582 3614; x_wconf 81' lang='grc' dir='ltr'><strong><em>τοῦ</em></strong></span> <span class='ocrx_word' id='word_1_270' title='bbox 599 3549 761 3634; x_wconf 84' lang='grc' dir='ltr'><strong><em>στόματος</em></strong></span> <span class='ocrx_word' id='word_1_271' title='bbox 782 3545 888 3615; x_wconf 81' lang='grc' dir='ltr'><strong><em>αὐτοῦ</em></strong></span> <span class='ocrx_word' id='word_1_272' title='bbox 904 3549 1070 3634; x_wconf 88' lang='grc' dir='ltr'><strong><em>προέσθαι</em></strong></span> <span class='ocrx_word' id='word_1_273' title='bbox 1091 3549 1220 3637; x_wconf 79' lang='grc' dir='ltr'><strong><em>θελήσῃ</em></strong></span> <span class='ocrx_word' id='word_1_274' title='bbox 1238 3560 1272 3614; x_wconf 79' lang='grc'><strong><em>30</em></strong></span> 
     </span>
    </p>

    <p class='ocr_par' dir='ltr' id='par_1_4' title="bbox 168 3670 1154 3740">
     <span class='ocr_line' id='line_1_32' title="bbox 168 3670 1154 3740; baseline -0.002 -15"><span class='ocrx_word' id='word_1_275' title='bbox 168 3673 266 3725; x_wconf 80' lang='lat' dir='ltr'>4Gen</span> <span class='ocrx_word' id='word_1_276' title='bbox 284 3675 308 3736; x_wconf 80' lang='lat'><strong><em>2,</em></strong></span> <span class='ocrx_word' id='word_1_277' title='bbox 328 3671 413 3738; x_wconf 71' lang='lat'><strong><em>2112</em></strong></span> <span class='ocrx_word' id='word_1_278' title='bbox 430 3673 492 3724; x_wconf 83' lang='lat' dir='ltr'><strong><em>Tim</em></strong></span> <span class='ocrx_word' id='word_1_279' title='bbox 510 3670 528 3739; x_wconf 85' lang='grc' dir='ltr'><strong><em>β</em></strong></span> <span class='ocrx_word' id='word_1_280' title='bbox 547 3672 571 3736; x_wconf 92' lang='grc'><strong><em>1,</em></strong></span> <span class='ocrx_word' id='word_1_281' title='bbox 591 3670 691 3740; x_wconf 81' lang='grc' dir='ltr'><strong><em>1οΙ16</em></strong></span> <span class='ocrx_word' id='word_1_282' title='bbox 708 3673 783 3724; x_wconf 75' lang='lat' dir='ltr'>Dent</span> <span class='ocrx_word' id='word_1_283' title='bbox 800 3673 825 3737; x_wconf 81' lang='lat'><strong><em>4,</em></strong></span> <span class='ocrx_word' id='word_1_284' title='bbox 844 3670 897 3736; x_wconf 74' lang='lat'><strong><em>201</em></strong></span> <span class='ocrx_word' id='word_1_285' title='bbox 914 3671 946 3722; x_wconf 84' lang='lat'><strong><em>18</em></strong></span> <span class='ocrx_word' id='word_1_286' title='bbox 964 3673 1042 3725; x_wconf 80' lang='lat' dir='ltr'>Exod</span> <span class='ocrx_word' id='word_1_287' title='bbox 1062 3671 1102 3738; x_wconf 77' lang='lat'><strong><em>14,</em></strong></span> <span class='ocrx_word' id='word_1_288' title='bbox 1121 3673 1154 3724; x_wconf 80' lang='lat'><strong><em>29</em></strong></span> 
     </span>
    </p>

    <p class='ocr_par' dir='ltr' id='par_1_5' title="bbox 95 3781 1222 4283">
     <span class='ocr_line' id='line_1_33' title="bbox 95 3781 1221 3858; baseline -0.002 -12"><span class='ocrx_word' id='word_1_289' title='bbox 95 3798 113 3846; x_wconf 77' lang='lat'><strong><em>&#39;2</em></strong></span> <span class='ocrx_word' id='word_1_290' title='bbox 131 3785 342 3858; x_wconf 75' lang='grc' dir='ltr'><strong><em>παντοκράτωρ</em></strong></span> <span class='ocrx_word' id='word_1_291' title='bbox 359 3807 411 3857; x_wconf 80' lang='lat' dir='ltr'><strong><em>xyz</em></strong></span> <span class='ocrx_word' id='word_1_292' title='bbox 432 3787 437 3858; x_wconf 94' lang='grc' dir='ltr'>Ι</span> <span class='ocrx_word' id='word_1_293' title='bbox 456 3793 473 3841; x_wconf 80' lang='grc'>4</span> <span class='ocrx_word' id='word_1_294' title='bbox 490 3789 547 3842; x_wconf 80' lang='grc' dir='ltr'><strong><em>τάν</em></strong></span> <span class='ocrx_word' id='word_1_295' title='bbox 564 3791 681 3842; x_wconf 67' lang='lat' dir='ltr'><strong>alterum</strong></span> <span class='ocrx_word' id='word_1_296' title='bbox 697 3791 733 3856; x_wconf 91' lang='lat'>&gt;</span> <span class='ocrx_word' id='word_1_297' title='bbox 751 3807 765 3841; x_wconf 85' lang='grc' dir='ltr'><strong><em>ι</em></strong></span> <span class='ocrx_word' id='word_1_298' title='bbox 785 3789 790 3858; x_wconf 87' lang='grc' dir='ltr'>Ι</span> <span class='ocrx_word' id='word_1_299' title='bbox 810 3789 827 3842; x_wconf 84' lang='grc'><strong>6</strong></span> <span class='ocrx_word' id='word_1_300' title='bbox 845 3781 991 3858; x_wconf 76' lang='grc' dir='ltr'><strong><em>ἐρχόμεθα</em></strong></span> <span class='ocrx_word' id='word_1_301' title='bbox 1010 3797 1021 3842; x_wconf 82' lang='lat' dir='ltr'>t</span> <span class='ocrx_word' id='word_1_302' title='bbox 1036 3791 1042 3855; x_wconf 94' lang='grc' dir='ltr'>Ι</span> <span class='ocrx_word' id='word_1_303' title='bbox 1059 3791 1077 3843; x_wconf 87' lang='grc'><strong>6</strong></span> <span class='ocrx_word' id='word_1_304' title='bbox 1093 3792 1221 3845; x_wconf 68' lang='grc' dir='ltr'><strong><em>κτισθεί-</em></strong></span> 
     </span>
     <span class='ocr_line' id='line_1_34' title="bbox 95 3868 1222 3944; baseline -0.003 -12"><span class='ocrx_word' id='word_1_305' title='bbox 95 3893 151 3944; x_wconf 85' lang='grc' dir='ltr'><strong><em>σης</em></strong></span> <span class='ocrx_word' id='word_1_306' title='bbox 169 3885 209 3940; x_wconf 75' lang='grc' dir='ltr'><strong><em>ιι,</em></strong></span> <span class='ocrx_word' id='word_1_307' title='bbox 229 3875 420 3944; x_wconf 76' lang='grc' dir='ltr'><strong><em>γεντηθείσης</em></strong></span> <span class='ocrx_word' id='word_1_308' title='bbox 437 3892 471 3942; x_wconf 78' lang='grc' dir='ltr'><strong><em>γα</em></strong></span> <span class='ocrx_word' id='word_1_309' title='bbox 498 3877 503 3939; x_wconf 95' lang='grc' dir='ltr'>Ι</span> <span class='ocrx_word' id='word_1_310' title='bbox 529 3870 711 3942; x_wconf 75' lang='grc' dir='ltr'><strong><em>’ίγέτησιντ</em></strong></span> <span class='ocrx_word' id='word_1_311' title='bbox 738 3875 743 3938; x_wconf 92' lang='grc' dir='ltr'>Ι</span> <span class='ocrx_word' id='word_1_312' title='bbox 769 3871 920 3935; x_wconf 80' lang='grc' dir='ltr'><strong><em>Θδιικνύς</em></strong></span> <span class='ocrx_word' id='word_1_313' title='bbox 937 3893 970 3942; x_wconf 77' lang='grc' dir='ltr'><strong><em>γε</em></strong></span> <span class='ocrx_word' id='word_1_314' title='bbox 991 3874 996 3944; x_wconf 95' lang='grc' dir='ltr'>Ι</span> <span class='ocrx_word' id='word_1_315' title='bbox 1015 3875 1032 3927; x_wconf 86' lang='grc'>9</span> <span class='ocrx_word' id='word_1_316' title='bbox 1051 3868 1127 3929; x_wconf 80' lang='grc' dir='ltr'><strong><em>ἐστιν</em></strong></span> <span class='ocrx_word' id='word_1_317' title='bbox 1143 3895 1160 3928; x_wconf 87' lang='lat' dir='ltr'>x</span> <span class='ocrx_word' id='word_1_318' title='bbox 1180 3877 1222 3940; x_wconf 75' lang='lat'><strong><em>19</em></strong></span> 
     </span>
     <span class='ocr_line' id='line_1_35' title="bbox 96 3953 1220 4029; baseline -0.003 -14"><span class='ocrx_word' id='word_1_319' title='bbox 96 3957 218 4015; x_wconf 69' lang='grc' dir='ltr'><strong><em>ἔπαθεν</em></strong></span> <span class='ocrx_word' id='word_1_320' title='bbox 235 3977 252 4012; x_wconf 85' lang='lat' dir='ltr'>x</span> <span class='ocrx_word' id='word_1_321' title='bbox 272 3959 277 4029; x_wconf 98' lang='grc' dir='ltr'>Ι</span> <span class='ocrx_word' id='word_1_322' title='bbox 298 3959 331 4012; x_wconf 88' lang='grc'><strong><em>10</em></strong></span> <span class='ocrx_word' id='word_1_323' title='bbox 347 3957 398 4012; x_wconf 78' lang='grc' dir='ltr'><strong><em>καὶ</em></strong></span> <span class='ocrx_word' id='word_1_324' title='bbox 415 3962 531 4028; x_wconf 83' lang='lat' dir='ltr'><strong>primum</strong></span> <span class='ocrx_word' id='word_1_325' title='bbox 547 3961 583 4024; x_wconf 94' lang='lat'>&gt;</span> <span class='ocrx_word' id='word_1_326' title='bbox 598 3977 633 4025; x_wconf 78' lang='grc' dir='ltr'><strong><em>γε</em></strong></span> <span class='ocrx_word' id='word_1_327' title='bbox 653 3961 658 4024; x_wconf 92' lang='grc' dir='ltr'>Ι</span> <span class='ocrx_word' id='word_1_328' title='bbox 680 3960 712 4012; x_wconf 90' lang='grc'><strong><em>10</em></strong></span> <span class='ocrx_word' id='word_1_329' title='bbox 729 3953 882 4013; x_wconf 76' lang='grc' dir='ltr'><strong><em>άιιέθανικ</em></strong></span> <span class='ocrx_word' id='word_1_330' title='bbox 899 3979 916 4012; x_wconf 82' lang='lat' dir='ltr'>x</span> <span class='ocrx_word' id='word_1_331' title='bbox 931 3963 936 4026; x_wconf 94' lang='grc' dir='ltr'>Ι</span> <span class='ocrx_word' id='word_1_332' title='bbox 959 3962 988 4010; x_wconf 76' lang='grc'><strong><em>12</em></strong></span> <span class='ocrx_word' id='word_1_333' title='bbox 1007 3961 1163 4027; x_wconf 82' lang='grc' dir='ltr'><strong><em>φατίσαντι</em></strong></span> <span class='ocrx_word' id='word_1_334' title='bbox 1180 3969 1220 4025; x_wconf 77' lang='grc' dir='ltr'><strong><em>ιι,</em></strong></span> 
     </span>
     <span class='ocr_line' id='line_1_36' title="bbox 95 4035 1219 4114; baseline -0.002 -16"><span class='ocrx_word' id='word_1_335' title='bbox 95 4039 264 4114; x_wconf 73' lang='grc' dir='ltr'><strong><em>πηχάσαατι</em></strong></span> <span class='ocrx_word' id='word_1_336' title='bbox 282 4061 316 4110; x_wconf 73' lang='grc' dir='ltr'><strong><em>γε</em></strong></span> <span class='ocrx_word' id='word_1_337' title='bbox 337 4049 342 4105; x_wconf 90' lang='grc' dir='ltr'>Ι</span> <span class='ocrx_word' id='word_1_338' title='bbox 364 4046 395 4097; x_wconf 80' lang='lat'><strong><em>13</em></strong></span> <span class='ocrx_word' id='word_1_339' title='bbox 412 4035 521 4096; x_wconf 78' lang='grc' dir='ltr'><strong><em>σεάντιό</em></strong></span> <span class='ocrx_word' id='word_1_340' title='bbox 538 4061 556 4110; x_wconf 82' lang='lat' dir='ltr'>y</span> <span class='ocrx_word' id='word_1_341' title='bbox 575 4045 580 4108; x_wconf 96' lang='grc' dir='ltr'>Ι</span> <span class='ocrx_word' id='word_1_342' title='bbox 601 4045 632 4096; x_wconf 85' lang='grc'><strong><em>17</em></strong></span> <span class='ocrx_word' id='word_1_343' title='bbox 651 4036 819 4109; x_wconf 79' lang='grc' dir='ltr'><strong><em>άπαλλάξας</em></strong></span> <span class='ocrx_word' id='word_1_344' title='bbox 835 4044 870 4113; x_wconf 90' lang='grc' dir='ltr'><strong><em>-Ι-</em></strong></span> <span class='ocrx_word' id='word_1_345' title='bbox 892 4063 910 4112; x_wconf 81' lang='lat' dir='ltr'>y</span> <span class='ocrx_word' id='word_1_346' title='bbox 932 4051 961 4096; x_wconf 78' lang='lat' dir='ltr'><strong><em>et</em></strong></span> <span class='ocrx_word' id='word_1_347' title='bbox 983 4047 1011 4096; x_wconf 91' lang='lat' dir='ltr'><strong><em>in</em></strong></span> <span class='ocrx_word' id='word_1_348' title='bbox 1030 4048 1156 4113; x_wconf 74' lang='lat' dir='ltr'><strong>margine</strong></span> <span class='ocrx_word' id='word_1_349' title='bbox 1175 4062 1189 4096; x_wconf 81' lang='grc' dir='ltr'><strong><em>ε</em></strong></span> <span class='ocrx_word' id='word_1_350' title='bbox 1214 4045 1219 4114; x_wconf 98' lang='grc' dir='ltr'>Ι</span> 
     </span>
     <span class='ocr_line' id='line_1_37' title="bbox 97 4119 1221 4198; baseline -0.002 -15"><span class='ocrx_word' id='word_1_351' title='bbox 97 4132 133 4184; x_wconf 84' lang='grc'><strong><em>18</em></strong></span> <span class='ocrx_word' id='word_1_352' title='bbox 151 4127 202 4182; x_wconf 80' lang='grc' dir='ltr'><strong><em>καλ</em></strong></span> <span class='ocrx_word' id='word_1_353' title='bbox 219 4130 255 4195; x_wconf 90' lang='grc' dir='ltr'><strong><em>-Ι-</em></strong></span> <span class='ocrx_word' id='word_1_354' title='bbox 271 4137 319 4195; x_wconf 78' lang='grc' dir='ltr'><strong><em>γει</em></strong></span> <span class='ocrx_word' id='word_1_355' title='bbox 338 4131 343 4194; x_wconf 90' lang='grc' dir='ltr'>Ι</span> <span class='ocrx_word' id='word_1_356' title='bbox 363 4119 434 4197; x_wconf 79' lang='grc' dir='ltr'><strong><em>2οἢ</em></strong></span> <span class='ocrx_word' id='word_1_357' title='bbox 450 4129 485 4196; x_wconf 89' lang='grc' dir='ltr'><strong><em>-Ι-</em></strong></span> <span class='ocrx_word' id='word_1_358' title='bbox 502 4137 514 4180; x_wconf 81' lang='grc' dir='ltr'><strong><em>ι</em></strong></span> <span class='ocrx_word' id='word_1_359' title='bbox 533 4127 537 4196; x_wconf 97' lang='grc' dir='ltr'>Ι</span> <span class='ocrx_word' id='word_1_360' title='bbox 557 4130 589 4180; x_wconf 82' lang='lat'><strong><em>21</em></strong></span> <span class='ocrx_word' id='word_1_361' title='bbox 609 4127 774 4197; x_wconf 81' lang='grc' dir='ltr'><strong><em>λαληθέκτα</em></strong></span> <span class='ocrx_word' id='word_1_362' title='bbox 791 4147 825 4196; x_wconf 78' lang='grc' dir='ltr'><strong><em>γε</em></strong></span> <span class='ocrx_word' id='word_1_363' title='bbox 850 4131 855 4195; x_wconf 94' lang='grc' dir='ltr'>Ι</span> <span class='ocrx_word' id='word_1_364' title='bbox 879 4131 911 4182; x_wconf 77' lang='grc'><strong><em>21</em></strong></span> <span class='ocrx_word' id='word_1_365' title='bbox 931 4129 966 4197; x_wconf 82' lang='grc' dir='ltr'><strong><em>σῇ</em></strong></span> <span class='ocrx_word' id='word_1_366' title='bbox 982 4131 1016 4193; x_wconf 94' lang='grc'>&gt;</span> <span class='ocrx_word' id='word_1_367' title='bbox 1035 4136 1046 4181; x_wconf 82' lang='lat' dir='ltr'>t</span> <span class='ocrx_word' id='word_1_368' title='bbox 1064 4128 1069 4198; x_wconf 99' lang='grc' dir='ltr'>Ι</span> <span class='ocrx_word' id='word_1_369' title='bbox 1089 4131 1122 4182; x_wconf 78' lang='grc'><strong><em>’25</em></strong></span> <span class='ocrx_word' id='word_1_370' title='bbox 1140 4121 1221 4182; x_wconf 74' lang='grc' dir='ltr'><strong><em>ἐνδο-</em></strong></span> 
     </span>
     <span class='ocr_line' id='line_1_38' title="bbox 95 4205 1218 4283; baseline 0 -17"><span class='ocrx_word' id='word_1_371' title='bbox 95 4209 230 4282; x_wconf 74' lang='grc' dir='ltr'><strong><em>μάδοςγ</em></strong></span> <span class='ocrx_word' id='word_1_372' title='bbox 257 4217 261 4280; x_wconf 91' lang='grc' dir='ltr'>Ι</span> <span class='ocrx_word' id='word_1_373' title='bbox 287 4215 320 4266; x_wconf 79' lang='lat'><strong><em>27</em></strong></span> <span class='ocrx_word' id='word_1_374' title='bbox 339 4209 412 4267; x_wconf 78' lang='grc' dir='ltr'><strong><em>κακά</em></strong></span> <span class='ocrx_word' id='word_1_375' title='bbox 429 4215 464 4278; x_wconf 95' lang='grc'>&gt;</span> <span class='ocrx_word' id='word_1_376' title='bbox 480 4220 528 4279; x_wconf 75' lang='grc' dir='ltr'><strong><em>γει</em></strong></span> <span class='ocrx_word' id='word_1_377' title='bbox 554 4217 558 4280; x_wconf 90' lang='grc' dir='ltr'>Ι</span> <span class='ocrx_word' id='word_1_378' title='bbox 584 4215 616 4265; x_wconf 80' lang='grc'><strong><em>27</em></strong></span> <span class='ocrx_word' id='word_1_379' title='bbox 637 4205 831 4283; x_wconf 74' lang='grc' dir='ltr'><strong><em>ἀνακύκλησις</em></strong></span> <span class='ocrx_word' id='word_1_380' title='bbox 848 4231 896 4280; x_wconf 79' lang='grc' dir='ltr'><strong><em>γι,</em></strong></span> <span class='ocrx_word' id='word_1_381' title='bbox 920 4205 1166 4280; x_wconf 82' lang='grc' dir='ltr'><strong><em>άντανακύκληαις</em></strong></span> <span class='ocrx_word' id='word_1_382' title='bbox 1184 4215 1218 4280; x_wconf 77' lang='grc' dir='ltr'><strong><em>τΙ</em></strong></span> 
     </span>
    </p>
   </div>
   <div class='ocr_carea' id='block_1_3' title="bbox 95 4289 1221 4452">
    <p class='ocr_par' dir='ltr' id='par_1_6' title="bbox 95 4289 1221 4452">
     <span class='ocr_line' id='line_1_39' title="bbox 95 4289 1221 4367; baseline 0.001 -15"><span class='ocrx_word' id='word_1_383' title='bbox 95 4301 132 4352; x_wconf 79' lang='lat'><strong><em>27</em></strong></span> <span class='ocrx_word' id='word_1_384' title='bbox 153 4295 303 4367; x_wconf 81' lang='grc' dir='ltr'><strong><em>ίοβηλαῑος</em></strong></span> <span class='ocrx_word' id='word_1_385' title='bbox 321 4289 337 4352; x_wconf 83' lang='grc' dir='ltr'><strong><em>ό</em></strong></span> <span class='ocrx_word' id='word_1_386' title='bbox 355 4291 432 4352; x_wconf 71' lang='grc' dir='ltr'><strong><em>ἐστιν</em></strong></span> <span class='ocrx_word' id='word_1_387' title='bbox 448 4298 577 4362; x_wconf 73' lang='grc'>-4-1128</span> <span class='ocrx_word' id='word_1_388' title='bbox 596 4294 697 4366; x_wconf 72' lang='grc' dir='ltr'><strong><em>ἔχωσιν</em></strong></span> <span class='ocrx_word' id='word_1_389' title='bbox 713 4316 730 4350; x_wconf 88' lang='lat' dir='ltr'>x</span> <span class='ocrx_word' id='word_1_390' title='bbox 746 4298 798 4366; x_wconf 76' lang='grc'><strong><em>118</em></strong></span> <span class='ocrx_word' id='word_1_391' title='bbox 816 4293 847 4350; x_wconf 85' lang='grc' dir='ltr'><strong><em>ο1</em></strong></span> <span class='ocrx_word' id='word_1_392' title='bbox 862 4298 897 4367; x_wconf 91' lang='grc' dir='ltr'><strong><em>-Ι-</em></strong></span> <span class='ocrx_word' id='word_1_393' title='bbox 912 4304 960 4364; x_wconf 74' lang='grc' dir='ltr'><strong><em>γει</em></strong></span> <span class='ocrx_word' id='word_1_394' title='bbox 979 4300 983 4363; x_wconf 93' lang='grc' dir='ltr'>Ι</span> <span class='ocrx_word' id='word_1_395' title='bbox 1003 4298 1037 4350; x_wconf 79' lang='lat'><strong><em>28</em></strong></span> <span class='ocrx_word' id='word_1_396' title='bbox 1054 4291 1221 4359; x_wconf 68' lang='grc' dir='ltr'><strong><em>σκέψασθαι</em></strong></span> 
     </span>
     <span class='ocr_line' id='line_1_40' title="bbox 95 4375 774 4452; baseline 0 -17"><span class='ocrx_word' id='word_1_397' title='bbox 95 4401 133 4451; x_wconf 72' lang='grc' dir='ltr'><strong><em>γε</em></strong></span> <span class='ocrx_word' id='word_1_398' title='bbox 150 4383 154 4451; x_wconf 98' lang='grc' dir='ltr'>Ι</span> <span class='ocrx_word' id='word_1_399' title='bbox 169 4383 204 4436; x_wconf 80' lang='grc'><strong><em>29</em></strong></span> <span class='ocrx_word' id='word_1_400' title='bbox 221 4375 379 4450; x_wconf 65' lang='grc' dir='ltr'><strong><em>ἐπέτριψεν</em></strong></span> <span class='ocrx_word' id='word_1_401' title='bbox 395 4377 498 4451; x_wconf 80' lang='grc' dir='ltr'><strong><em>α’ργείν</em></strong></span> <span class='ocrx_word' id='word_1_402' title='bbox 514 4385 630 4452; x_wconf 72' lang='grc' dir='ltr'><strong><em>γι1Ι30</em></strong></span> <span class='ocrx_word' id='word_1_403' title='bbox 646 4401 689 4444; x_wconf 79' lang='grc' dir='ltr'><strong><em>τις</em></strong></span> <span class='ocrx_word' id='word_1_404' title='bbox 705 4384 739 4448; x_wconf 95' lang='grc'>&gt;</span> <span class='ocrx_word' id='word_1_405' title='bbox 756 4401 774 4434; x_wconf 82' lang='lat' dir='ltr'>x</span> 
     </span>
    </p>
   </div>
   <div class='ocr_carea' id='block_1_4' title="bbox 0 0 1504 4972">
    <p class='ocr_par' dir='ltr' id='par_1_7' title="bbox 0 0 1504 4972">
     <span class='ocr_line' id='line_1_41' title="bbox 0 0 1504 4972; baseline 0 3"><span class='ocrx_word' id='word_1_406' title='bbox 0 0 1504 4972; x_wconf 95' lang='lat' dir='ltr'><strong><em> </em></strong></span> 
     </span>
    </p>
   </div>
  </div>
 </body>
</html>
