3160 4976
1398 375 1445 448 17

255 555 319 614 ίστε
329 555 455 622 πάντως
467 553 646 620 ἐπισκόπους
658 545 734 633 παρ’
743 553 830 630 ήμῶν
844 551 1080 632 ὀνομασθέντας
1093 559 1142 613 καί
1161 551 1386 638 πρεσβυτέρους
1397 561 1446 616 καί

257 658 416 730 διακόνους
433 661 509 742 εὐχῇ
526 663 575 720 καί
592 665 704 742 χειρῶν
722 657 870 742 ἐπιθέσει,
887 670 923 738 τῇ
939 657 1075 745 διαφορᾷ
1088 669 1148 722 τῶν
1160 663 1318 740 ὀνομάτων
1331 667 1381 724 καί
1394 668 1448 732 τήν

256 767 408 856 διαφοράν
436 775 497 828 τῶν
525 769 719 850 πραγμάτων
749 764 949 838 δεικνύοντας.
980 769 1014 829 οιί
1042 772 1104 852 γάρ
1128 769 1143 829 ό
1166 765 1351 851 βουλόμενος
1372 765 1448 854 παρ’

256 879 327 956 ἡμῖν
344 873 474 958 ἐπλήρου
491 879 544 943 τήν
562 872 693 958 χεῖρα’,
721 875 822 958 ὥσπερ
840 877 886 934 ἐπί
903 883 960 945 τῆς
975 872 1120 956 κιβδήλου
1139 882 1200 937 τῶν
1220 873 1383 958 δαμάλεων
1400 879 1447 938 έπί

213 1007 227 1045 ι
256 993 309 1046 τού
330 980 494 1067 Ἱεροβοάμ
510 985 783 1065 παρακεκομμένης
800 984 982 1063 ἱερωσύνης,
1007 979 1073 1045 ἀλλ’
1090 985 1105 1044 ό
1122 983 1304 1065 καλούμενος
1321 985 1378 1046 ὑπὸ
1395 991 1449 1046 τοῦ

257 1090 345 1154 θεοῦ.
367 1093 392 1150 τί
407 1093 469 1173 γὰρ
482 1096 525 1170 μὴ
537 1089 659 1169 θεσμός
675 1108 723 1158 τις
742 1089 778 1156 ήν
795 1095 845 1149 καί
862 1085 980 1162 τάξεως
997 1088 1149 1175 διαφορά.
1174 1093 1255 1175 ήρκει
1274 1093 1311 1153 ἀν
1330 1089 1370 1154 δι’
1385 1095 1451 1164 ένός

257 1202 408 1280 ὀνόματος
420 1201 460 1258 τά
477 1195 533 1258 ὅλα
550 1194 729 1256 ἐπιτελέσαι·
747 1195 826 1258 ἀλλά
843 1200 899 1258 ἀπὸ
916 1205 970 1258 τοῦ
985 1203 1087 1280 κυρίου
1101 1195 1307 1282 διδαχθέντες
1321 1175 1449 1262 ἀκολου-

256 1306 333 1368 θίαν
352 1309 548 1389 πραγμάτων
563 1312 628 1373 τοῖς
643 1307 696 1382 μέν
714 1303 885 1373 ἐπισκόποις
901 1307 941 1364 τά
957 1315 1014 1376 τῆς
1031 1285 1264 1390 ἀρχιερωσύνης
1280 1308 1449 1388 ἐνείμαμεν,

259 1425 322 1485 τοῖς
346 1411 378 1473 δέ
402 1409 621 1495 πρεσβυτέροις
642 1414 682 1471 τά
705 1419 762 1480 τῆς
783 1413 967 1495 ίερωσύνης,
998 1421 1063 1483 τοῖς
1094 1410 1127 1474 δέ
1155 1410 1306 1484 διακόνοις
1330 1419 1369 1476 τά
1394 1425 1450 1486 τής

98 1505 100 1510 ’
216 1544 242 1582 ιο
260 1529 336 1610 πρὸς
361 1526 556 1609 ἀμφοτέρους
579 1519 752 1598 διακονίας,
777 1523 826 1582 ίνα
848 1519 867 1598 ᾖ
890 1519 1047 1603 καθαρῶς
1062 1523 1102 1580 τά
1118 1531 1174 1591 τῆς
1189 1521 1361 1604 θρησκείας
1384 1525 1449 1584 ἐπι-

257 1631 434 1712 τελούμενα.
451 1631 519 1692 οὔτε
535 1633 597 1712 γὰρ
615 1626 751 1690 διάκονον
767 1632 945 1714 προσφέρειν
956 1627 1073 1688 θυσίαν
1086 1626 1212 1708 θεμιτόν
1226 1633 1245 1699 ή
1259 1626 1418 1711 βαπτίζειν
1431 1634 1450 1700 ἢ

259 1739 399 1820 εὐλογίαν
411 1740 521 1819 μικράν
531 1739 549 1805 ἢ
559 1733 696 1818 μεγάλην
707 1735 875 1812 ποιεῖσθαι,
886 1737 954 1796 οὔτε
965 1732 1169 1818 πρεσβύτερον
1183 1742 1372 1819 χειροτονίας
1386 1739 1451 1799 ἐπι-

259 1846 361 1908 τελεῖν.
375 1847 485 1928 οὐγὰρ
499 1846 578 1905 ὅσιον
594 1843 812 1929 ἀνεστράφθαι
825 1849 878 1913 τήν
892 1839 988 1916 τάξιν.
1003 1847 1038 1904 ού
1051 1849 1113 1928 γάρ
1127 1848 1205 1905 ἐστιν
1219 1847 1234 1905 ό
1246 1843 1452 1915 θεόςάκατα-

261 1959 403 2030 στασίας,
413 1954 463 2014 ίνα
473 1947 782 2033 οίύποβεβηκότεςτὰ
791 1954 1033 2035 τῶνκρειττόυων
1042 1951 1243 2024 ἀσπάζωνται
1252 1963 1451 2037 τυραννικῶς,

217 2081 243 2120 ιο
260 2061 374 2144 μάλλον
390 2059 423 2122 δέ
440 2058 692 2145 σφετερίζωνται,
709 2058 895 2138 νομοθεσίαν
911 2067 1016 2127 καινήν
1040 2059 1288 2131 ἀναπλάττοντες
1305 2065 1351 2122 έπί
1368 2070 1451 2140 κακῷ

261 2177 304 2248 τῷ
328 2171 462 2244 ἑαυτῶν,
488 2169 670 2249 ἀγνοοῦντες
698 2169 742 2227 ότι
765 2165 890 2250 σκληρόν
905 2168 1010 2238 αὐτοῖς
1025 2171 1101 2250 πρός
1117 2165 1225 2251 κέντρα
1240 2167 1397 2244 λακτίζειν.
1418 2175 1452 2232 ού

261 2281 324 2361 γὰρ
344 2282 430 2356 ἡμᾶς
453 2279 561 2346 ήτούς
582 2277 762 2344 ἐπισκόπους
785 2272 962 2355 πολεμοῦσιν
987 2277 1015 2336 οί
1037 2285 1184 2352 τοιοῦτοι,
1218 2275 1296 2338 ἀλλά
1319 2280 1369 2338 τόν
1392 2287 1453 2339 τῶν

262 2388 407 2448 ἀπάντων
424 2386 580 2445 ἐπίσκοπον
595 2387 645 2443 καί
662 2390 716 2444 τοῦ
731 2385 849 2464 πατρὸς
862 2385 1011 2465 ἀρχιερέα
1025 2381 1143 2452 ’ίησούν
1156 2387 1280 2466 χριστόν
1293 2388 1343 2444 τόν
1355 2389 1454 2468 κύριον

261 2498 360 2574 ήμῶν.
374 2495 431 2553 ύπό
439 2491 576 2560 Μωσέως
586 2494 640 2569 μέν
653 2493 716 2573 γάρ
729 2499 783 2550 τοῦ
793 2487 1036 2575 θεοφιλεστάτου
1047 2489 1287 2562 κατεστάθησαν
1302 2491 1458 2575 ἀρχιερεῖς

217 2617 245 2656 νο
263 2607 312 2664 καί
330 2603 417 2685 ίερεῖς
433 2603 483 2659 καί
498 2597 635 2668 Λευῖται,
664 2600 720 2657 ὑπὸ
739 2596 771 2659 δέ
788 2605 840 2658 τοῦ
863 2608 1001 2680 σωτῆρος
1023 2599 1110 2677 ήμῶν
1133 2599 1221 2678 ἡμεῖς
1237 2601 1266 2658 οἱ
1282 2596 1354 2659 δέκα
1375 2609 1455 2683 τρεῖς

265 2704 439 2784 ἀπόστολοι,
464 2708 520 2766 ύπό
538 2703 571 2764 δέ
587 2713 648 2766 τῶν
666 2703 844 2766 ἀποστόλων
860 2706 923 2787 ἐγὼ
946 2703 1073 2783 Κλήμης
1088 2709 1137 2764 καί
1155 2707 1217 2787 ἐγὼ
1236 2704 1390 2788 Ἰάκωβος
1406 2712 1455 2768 καί

265 2824 317 2878 σύν
339 2820 410 2896 ήμῖν
428 2814 532 2896 έτεροι,
550 2814 599 2873 ίνα
616 2817 658 2892 μή
674 2817 798 2882 πάντας
823 2811 1052 2894 καταλέγωμεν,
1081 2823 1162 2879 κοινή
1190 2809 1223 2872 δέ
1248 2816 1305 2874 ύπδ
1333 2818 1456 2874 πάντων

263 2927 351 3004 ήμῶν
365 2918 563 3005 πρεσβύτεροι
575 2925 626 2982 καί
639 2918 770 2982 διάκονοι
782 2925 831 2980 καί
844 2916 1034 2982 ύποδιάκονοι
1048 2925 1098 2980 καί
1111 2919 1320 3001 ἀναγνῶσται.
1335 2931 1459 3004 πρῶτος

264 3035 362 3091 τοίνυν
379 3032 540 3112 ἀρχιερεύς
557 3028 572 3088 ό
587 3032 756 3110 μονογενής
773 3027 911 3110 χριστός,
929 3029 988 3110 ούχ
1004 3029 1106 3104 ἑαυτῷ
1123 3032 1176 3097 τήν
1193 3032 1280 3107 τιμήν
1298 3029 1457 3111 ἁρπάσας,

219 3153 246 3192 νο
265 3137 344 3200 ἀλλὰ
356 3140 444 3220 παρὰ
461 3144 514 3196 τοῦ
530 3137 646 3217 πατρός
663 3133 889 3203 κατασταθείς·
906 3133 941 3203 ἀς
957 3138 1117 3216 γενόμενος
1134 3132 1306 3218 ἅνθρωπος
1317 3135 1357 3198 δι’
1373 3139 1458 3218 ήμᾰς

264 3252 313 3307 καί
335 3249 389 3313 τήν
410 3247 612 3324 πνευματικήν
635 3240 751 3302 θυσίαν
777 3245 956 3326 προσφέρων
975 3244 1060 3318 αύτῷ
1080 3247 1122 3319 τῷ
1139 3241 1208 3320 θεῷ
1225 3249 1275 3303 καί
1292 3249 1383 3325 πατρί
1401 3249 1458 3326 πρό

264 3361 317 3414 τοῦ
339 3351 468 3421 πάθους
488 3354 558 3431 ἡμῖν
583 3343 744 3421 διετάξατο
765 3352 868 3429 μόνοις
906 3357 995 3412 τοῦτο
1032 3358 1142 3426 ποιεῖν,
1178 3355 1275 3410 καίτοι
1314 3337 1457 3413 τοιούτων

265 3466 318 3522 σύν
342 3464 413 3540 ημῖν
434 3464 483 3520 καί
508 3458 618 3541 ἐτέρων
643 3457 736 3518 ὄντων
759 3458 803 3526 είς
828 3460 919 3518 αὐτόν
944 3461 1198 3518 πεπιστευκότων·
1231 3457 1295 3520 ἀλλ’
1320 3461 1354 3520 οὐ
1376 3466 1458 3521 πάν-

264 3585 328 3637 τως
349 3575 413 3636 πᾶς
436 3567 451 3626 ό
475 3569 642 3632 πιστεύσας
664 3561 723 3634 ήδη
745 3569 794 3623 καί
819 3566 915 3647 ἱερεύς
936 3568 1066 3632 κατέστη
1090 3567 1108 3634 ἢ
1132 3569 1348 3647 ἀρχιερατικῆς
1367 3565 1458 3640 ἀξίας

220 3689 247 3728 ιο
265 3669 422 3760 ε’τυχε[ν].
452 3676 530 3753 μετά
560 3669 593 3732 δέ
614 3677 669 3738 τήν
692 3670 844 3751 ἀνάληψιν
868 3674 962 3735 αὐτοῦ
984 3676 1072 3752 ἡμεῖς
1101 3677 1350 3755 προσενεγκόντες
1377 3681 1459 3737 κατὰ

265 3787 318 3851 τήν
336 3775 473 3853 διάταξιν
490 3782 585 3840 αύτοῡ
603 3778 719 3839 θυσίαν
735 3779 885 3861 καθαράν
902 3783 951 3837 καί
970 3782 1156 3861 ἀναίμακτον
1173 3784 1459 3863 προεχειρισάμεθα

267 3891 446 3958 ἐπισκόπους
461 3893 511 3948 καί
529 3884 758 3971 πρεσβυτέρους
773 3892 823 3946 καί
841 3883 1000 3955 διακόνους
1016 3887 1093 3945 ἐπτά
1111 3890 1160 3946 τόν
1178 3886 1325 3969 ἀριθμόν,
1351 3887 1393 3949 ὡν
1417 3889 1459 3961 είς

265 3997 301 4066 ἧν
318 3995 475 4083 Στέφανος
493 3997 507 4056 ό
524 3999 677 4079 μακάριος
693 3997 825 4078 μάρτυς,
850 3995 900 4053 οὐκ
924 3991 1160 4073 ἀπολειπόμενος
1187 3995 1275 4073 ἡμῶν
1298 3999 1378 4057 κοιτά
1404 4003 1456 4066 τήν

348 4140 358 4176 1
373 4137 420 4178 ίττε
434 4136 474 4191 γάρ
489 4149 511 4177 π.
526 4137 575 4180 OV.
591 4159 617 4168 -
632 4140 645 4178 ⁸
658 4135 792 4180 διιτνόοντετ
806 4135 855 4177 OV.
871 4155 897 4164 —
911 4137 925 4174 ἐ
935 4132 1030 4188 *χρείαν
1040 4133 1070 4172 Π.
1087 4135 1142 4181 Res.
1158 4133 1195 4172 111
1211 4135 1251 4174 ιίΙΙ
1266 4135 1300 4175 ³³.
1316 4157 1342 4166 -
1356 4139 1370 4177 6
1385 4137 1404 4178 τί
1419 4138 1457 4191 μέν

266 4207 297 4262 μὴ
307 4209 356 4250 ΟΥ.
366 4229 393 4240 -
402 4207 486 4256 τάξεων
496 4209 545 4250 OV.
556 4231 583 4239 -
597 4211 608 4250 ’ί
619 4205 773 4250 ἐπιτελεῖσθαι.
785 4206 833 4248 ἀλλ’
845 4208 894 4248 OV.
906 4227 932 4236 -
942 4207 962 4244 ί.
973 4207 986 4244 8
996 4200 1140 4245 ἀκολουθείτω
1150 4203 1199 4246 OV.
1211 4207 1260 4246 -8
1271 4205 1380 4263 ἐνήρεμον
1390 4213 1419 4252 Μ,
1431 4235 1457 4242 -

267 4285 293 4323 10
307 4279 438 4336 ἀμφοτέροις
447 4280 495 4322 OV.
506 4279 568 4320 --ίνΙ
580 4282 629 4324 OV.
640 4301 666 4310 -
677 4283 701 4319 ίί
712 4277 806 4334 διατόνῳ
816 4279 865 4320 OV.
876 4299 902 4308 -
913 4281 938 4318 12
953 4273 1091 4330 πρισβυτέρῳ
1106 4279 1184 4317 eoum
1193 4277 1258 4328 ,ΙΨ
1273 4281 1365 4332 scripsit
1378 4283 1457 4324 Fulm-

266 4355 322 4394 οίυε.
337 4375 364 4384 -
379 4355 406 4394 18
415 4353 516 4394 corinth.
531 4353 544 4391 1
553 4354 592 4394 ιίτ
602 4353 636 4393 ³⁸.
647 4373 672 4382 -
684 4353 710 4391 14
724 4347 799 4399 ἀσπίς.
815 4363 840 4390 ιυ
850 4349 899 4390 OV.
910 4369 937 4378 -
949 4349 973 4390 15
988 4346 1070 4401 μᾶλλον
1084 4345 1108 4387 δέ
1117 4359 1143 4388 ιν
1153 4347 1202 4390 OV.
1213 4369 1240 4379 -
1255 4351 1416 4406 σφετερίῑοντει
1425 4355 1455 4396 Μ,

266 4447 292 4456 -
303 4425 337 4468 ἐτιι
347 4427 379 4481 τῷ
389 4438 409 4467 κ.
421 4425 470 4466 OV.
481 4445 507 4458 ·-
518 4427 544 4465 16
558 4424 590 4479 τῷ
600 4435 626 4465 ιν
635 4425 685 4465 OV.
696 4445 723 4454 -
730 4424 780 4464 Δεῖ.
797 4423 851 4463 xxvi
862 4423 895 4462 14.
907 4441 933 4450 —
943 4421 969 4462 1⁸
979 4417 1065 4460 πάντων
1075 4419 1124 4461 OV.
1136 4441 1162 4450 -
1172 4417 1264 4474 Χριστόν
1274 4420 1360 4476 ’ίηεούν
1370 4425 1419 4468 OV.
1431 4449 1457 4458 -

267 4501 293 4540 1⁹
307 4497 349 4539 ἀπό
364 4495 478 4543 Μωυσέως
488 4499 536 4540 OV.
552 4517 578 4527 -
593 4494 641 4550 ἐρχ.
653 4507 740 4536 κετεστ.
751 4495 800 4537 OV.
812 4517 839 4526 -
853 4496 878 4534 ἀί
890 4491 952 4548 Ἐγὼ
967 4489 1021 4534 Ἰάκ.
1032 4505 1052 4534 ιι.
1065 4491 1082 4533 ἐ.
1095 4489 1135 4533 Κλ.
1146 4493 1195 4536 OV.
1210 4515 1237 4524 -
1251 4497 1279 4535 24
1289 4497 1320 4552 τῇ
1330 4497 1393 4551 φύσει
1407 4509 1458 4551 μοις

265 4569 337 4609 τοίνυν
351 4571 419 4610 Febr.
436 4573 512 4608 εοιιῖει
527 4567 593 4618 „W
607 4567 673 4607 ίίάειιι
686 4567 814 4607 κειται-
824 4567 851 4606 80
861 4561 923 4618 ίτνχτ
937 4563 1009 4606 MOV.
1021 4585 1048 4594 -
1061 4565 1085 4605 ἀί
1102 4564 1316 4619 προετχιιρειιάμιδε
1330 4569 1378 4612 ov.

1224 4662 1240 4708 ‘2
