3160 4976
1411 417 1459 487 81

262 601 310 665 γῆς
322 595 395 663 λιμοί
409 597 453 648 καὶ
466 595 585 664 λοιμοι’”,
608 596 754 665 συγχύσιις
767 597 811 646 καί
825 591 949 658 ἀταξίαι,
970 593 1075 650 στάσεις
1093 592 1181 644 ι’θνῶν
1201 593 1265 662 πρός
1283 588 1349 651 ἔθνη
1369 591 1412 641 καὶ
1429 590 1463 640 τά

262 685 343 738 λοιπά
357 684 428 738 ἀλλα
442 683 458 736 ἃ
470 681 539 738 είπον
549 682 621 753 ὑμῖν.
636 683 786 756 προσέταξα
798 681 827 736 ἀί
841 681 902 751 ύμῖν
914 685 1006 752 νήρεεν
1018 685 1062 734 καί
1075 681 1288 753 προσεύχεσθαι.
1302 683 1347 730 νῦν
1359 677 1396 739 ti,
1409 677 1463 732 υἱοὶ

263 777 359 845 ρωτός,
373 775 514 828 ἀκούσατε.
529 774 569 826 ύτι
581 779 645 844 γοῦν
659 775 805 846 προώρισεν
819 773 833 824 6
848 775 931 844 πατὴρ
945 789 997 838 μου
1011 771 1025 822 6
1039 771 1199 830 ἀποστειλας
1212 788 1242 838 με
1256 769 1294 828 τίς
1306 771 1354 830 τὴν
1367 769 1463 840 κληρο-

261 866 355 932 νομίαν
369 863 451 917 αύτού
465 864 508 918 καί
522 868 650 937 προγνούς
664 863 704 916 ότι
716 864 805 933 μόλλει
818 863 929 916 ἔσεσθαι
944 861 1024 922 σκεύη
1037 861 1102 930 ἅγια
1115 864 1159 914 καὶ
1172 861 1247 928 τίμια
1259 863 1304 912 καί
1314 859 1422 911 ε’κλεκτά
1436 857 1463 910 ε’ν

231 963 244 1000 ῐι
262 959 320 1013 ταῖς
342 953 470 1023 ἐσχάταις
490 954 600 1026 ήμίραις
621 953 647 1006 ὲκ
664 960 717 1006 τῶν
737 951 860 1022 ἀσχάτων
874 953 979 1022 μυλῶνι
992 949 1036 1004 διά
1050 955 1127 1003 τοῦτο
1142 949 1176 1004 δι’
1191 948 1327 1022 ἀκριβείας
1339 949 1463 1020 γνωρίζω

263 1041 325 1112 ὑμῖν
342 1047 375 1096 τά
394 1043 524 1112 μίλλοντα
541 1043 652 1096 ἔσεσθαι
672 1047 715 1096 καὶ
735 1045 795 1095 πότε
814 1042 940 1114 ἐγείρεται
958 1041 971 1094 6
992 1039 1048 1100 υἱός
1068 1046 1115 1102 τῆς
1128 1039 1263 1102 ἀπωλείας
1277 1039 1290 1091 ό
1304 1039 1407 1116 ε’χθρύς
1419 1038 1464 1089 καί

263 1133 408 1192 ἀντίπαλος
420 1133 464 1185 καί
478 1135 552 1192 ποῖός
566 1133 648 1185 ε’στιν.

262 1223 362 1275 Ἔσται
382 1217 427 1274 οὖν
448 1227 545 1291 σημεῖα
565 1222 711 1291 ε’γγισάσης
728 1229 775 1284 τῆς
790 1221 931 1293 βασιλείας
949 1223 1067 1273 τοιαῦτα.
1088 1222 1153 1288 μετά
1166 1222 1227 1279 τοὺς
1240 1220 1334 1288 λιμούς
1347 1221 1464 1278 καὶτοὺς
1483 1211 1502 1274 δ

263 1311 374 1381 λοιμούς
394 1312 438 1365 καί
456 1315 504 1372 τάς
523 1315 669 1382 συγχύσεις
688 1314 736 1373 τάς
749 1311 775 1364 ἐν
788 1317 843 1372 τοῖς
857 1310 947 1363 ε’θνεσι
961 1312 1018 1362 τότε
1031 1309 1201 1382 κυριεύσουσι
1216 1312 1259 1361 καὶ
1273 1309 1464 1384 ἐγερθήσονται

220 1409 245 1448 10
264 1407 367 1474 πρῶτον
386 1401 514 1474 άρχοντις
534 1403 708 1476 ριλάργυροι,
731 1405 867 1470 μισοῦντες
884 1403 932 1462 τὴν
953 1399 1098 1462 ἀλήθειαν,
1120 1398 1320 1469 ἀόελροκτόνοι,
1341 1401 1463 1470 ψεῦσται,

262 1496 401 1559 μισοῦντες
413 1494 475 1551 τούς
488 1493 606 1552 πιστούς,
621 1491 758 1554 ἀλαζόνες,
774 1492 942 1563 ριλόχρυσοι,
959 1489 1091 1558 ὁμογενεῖς
1109 1488 1170 1541 ἀλλ’
1184 1487 1236 1558 ούχ
1249 1489 1406 1558 ὁμοπαθεῖς.
1426 1483 1463 1547 είς

263 1582 315 1654 γάρ
336 1581 446 1641 ίκαστος
465 1579 553 1634 αὐτῶν
573 1583 618 1633 τόν
635 1585 683 1633 τοῦ
703 1581 815 1642 πλησίον
835 1579 917 1634 αύτού
934 1577 995 1650 βίον
1009 1583 1083 1641 ζητεῖ
1094 1579 1284 1652 καταστρέψαι.
1304 1577 1378 1634 ἔσται
1393 1577 1421 1634 tl
1435 1577 1462 1630 ἐν

263 1675 322 1730 ταῖς
335 1670 477 1738 ύννοίμεσιν
491 1669 579 1722 αὐτῶν
592 1670 688 1741 θλίψις
702 1671 787 1732 πολλὴ
801 1673 844 1722 καὶ
859 1673 929 1740 ρυγὴ
944 1672 987 1723 καί
1002 1667 1111 1737 ἔκχυσις
1124 1668 1244 1738 αἱμάτων

264 1763 327 1832 Περὶ
341 1760 476 1832 βασιλόως
490 1760 654 1830 ἀλλοφύλου.
1481 1757 1494 1794 ²

221 1863 246 1902 11
267 1848 458 1922 Ἐγερθήσεται
471 1848 500 1903 ἀί
513 1849 558 1902 καί
572 1849 598 1903 έν
618 1846 649 1920 τῇ
672 1848 747 1904 δύσει
765 1849 894 1922 βασιλεὺς
914 1849 1079 1920 ἀλλόφυλος,
1100 1847 1194 1922 ἀρχῶν
1215 1854 1339 1916 μηχανῆς
1352 1846 1461 1908 πολλῆς,

266 1939 364 1998 ἀθεος,
390 1939 623 2010 ἀνθρωποκτόνος,
650 1940 763 2000 πλάνος,
791 1939 967 2010 ριλύχρυσος,
994 1940 1152 2012 πολύρροιν,
1176 1940 1270 2000 κακός,
1293 1944 1379 2007 μισῶν
1401 1941 1462 1998 τοὺς

264 2030 390 2090 πιστούς,
408 2027 531 2091 όιόικτης.
551 2030 681 2101 κυριεύσει
701 2028 729 2083 tt
748 2031 792 2082 καὶ
811 2028 900 2080 ίθνῶν
916 2028 1063 2102 βαρβάρων
1077 2029 1121 2081 καί
1135 2029 1243 2098 ίκχυνει·
1254 2027 1354 2097 αίματα
1366 2028 1461 2082 πολλά.

263 2120 320 2170 τότε
340 2117 411 2170 ἔσται
429 2122 458 2171 τό
479 2119 603 2193 ἀργύριον
622 2119 884 2191 καταφρονούμενον
897 2121 940 2172 καὶ
954 2121 1132 2188 τιμηθήσεται
1146 2119 1159 2171 6
1172 2120 1284 2191 χρυσός.
1304 2117 1377 2172 ἔσται
1391 2117 1419 2170 tt
1435 2117 1461 2171 όν

263 2211 335 2278 πάση
349 2208 422 2260 πόλει
435 2212 478 2261 καί
489 2209 516 2261 lv
526 2212 604 2261 παντὶ
613 2211 685 2278 τόπῳ
697 2209 802 2281 ἁρπαγὴ
814 2211 858 2260 καὶ
870 2207 1017 2282 ίπιδρομὴ“
1027 2210 1134 2279 λῃστῶν
1144 2211 1188 2262 καὶ
1199 2208 1322 2280 ίκχύσεις
1332 2207 1460 2279 αἱμάτων.

218 2311 245 2349 νο
263 2299 325 2370 Περὶ
339 2303 392 2349 τῶν
406 2298 433 2349 ε“ν
446 2300 484 2363 τῷ
499 2297 602 2370 οὐρανῷ
617 2300 744 2366 σημείων.
1480 2312 1500 2374 ς

262 2388 329 2439 Τότε
343 2387 417 2439 ἔσται
430 2387 456 2438 ίν
467 2389 505 2456 τῷ
516 2386 620 2460 οὐρανῷ
634 2393 741 2456 σημεῖα.
756 2385 830 2452 τόξον
845 2389 914 2460 [ω]
929 2387 1076 2459 όρθὴσεται
1089 2389 1133 2440 καὶ
1147 2389 1223 2459 κίρας
1237 2391 1280 2441 καὶ
1293 2387 1402 2456 λαμπάς
1416 2390 1460 2440 καὶ

262 2473 346 2544 ἦχοι*
360 2475 465 2546 ἄκαιροι
478 2479 522 2528 καί
536 2477 622 2547 ρωναί
635 2479 678 2530 καὶ
691 2477 833 2550 βράσματα
846 2479 991 2541 θαλάσσης
1004 2481 1047 2532 καὶ
1060 2481 1197 2547 μυκηθμολ
1210 2483 1267 2547 γῆς.

265 2567 327 2637 Περί
340 2571 393 2618 τῶν
407 2567 449 2618 ίπὶ
462 2571 508 2627 τῆς
520 2573 577 2634 γῆς.
1480 2561 1497 2633 ζ

263 2656 317 2707 Καί
327 2653 369 2708 ε’πί
379 2654 407 2709 δὲ
418 2661 465 2717 τῆς
474 2661 523 2725 γῆς
534 2655 606 2708 ἔσται
618 2661 724 2725 σημεῖα·
739 2661 871 2726 γεννήσεις
882 2663 968 2720 κητῶν
979 2657 1006 2723 ἐξ
1018 2658 1179 2730 ἀνθρώπων,
1193 2658 1292 2726 ὁμοίως
1302 2659 1345 2710 καί
1355 2660 1460 2732 θηρίων

217 2759 244 2798 νο
262 2744 372 2817 ἀγρίων.
390 2746 433 2796 καί
447 2745 522 2816 κόραι
539 2747 634 2798 νεωστί
651 2752 832 2816 συνῳκηκυῖαι
845 2747 978 2822 impiet·
990 2748 1147 2812 τέξονται’
1120 2767 1196 2801 τικνα
1208 2747 1369 2800 λαλοῦντα’
1355 2755 1461 2822 ρὴματα

262 2835 349 2888 τελιια
369 2838 412 2888 καὶ
433 2835 648 2944 παραγγελλυντα
666 2839 773 2910 καιρούς
787 2837 920 2906 ἐσχάτους
938 2839 983 2891 καί
998 2837 1134 2905 δεόμενα
1120 2857 1182 2890 αναι
1183 2841 1304 2914 ρεθὴναι.
1327 2838 1386 2900 »itt
1401 2839 1460 2910 όψις

262 2923 349 2978 αύτῶν
368 2929 506 2994 γενήσεται
526 2923 563 2985 ῶς
583 2932 635 2978 τῶν
655 2925 859 2999 προβεβηκότων
879 2927 905 2980 ίν
923 2933 978 2988 τοῖς
998 2926 1111 2980 ἔτεσιν“.
1132 2927 1219 2982 πολιοί
1240 2929 1292 2999 γάρ
1312 2945 1416 2981 εσονται
1435 2929 1460 2981 οἱ

260 3017 414 3084 τικτόμενοε.
434 3014 505 3067 ἀλλά
525 3019 569 3068 καί
589 3022 710 3085 γυναῖκες
726 3017 844 3082 τίξονται
862 3017 939 3070 τέκνα
956 3017 1112 3091 τετράποδα,
1132 3017 1161 3069 αί
1180 3017 1222 3070 δὲ
1219 3019 1363 3087 πνεύματα
1379 3021 1459 3086 μόνον

259 3103 393 3170 τίξονται,
412 3105 442 3156 αί
460 3105 488 3158 δί
509 3107 580 3177 παρά
597 3109 750 3175 πνευμάτων
768 3105 930 3179 ἀκαθάρτων
947 3105 1065 3172 τίξονται
1078 3109 1110 3158 τά
1123 3107 1208 3180 βρίρη
1221 3105 1320 3159 αύτῶν.
1335 3109 1416 3162 ἄλλαι
1430 3109 1458 3162 ἀί

216 3205 242 3244 91)
260 3191 489 3265 ίγγαοτρεμάντεις
505 3197 548 3248 καὶ
564 3195 773 3268 ἐγγαστρίμυθοι
789 3194 901 3248 ἔσονται.
916 3196 1057 3248 καὶπολλὰ
1070 3195 1142 3248 ἀλλα
1154 3200 1249 3264 σημεῖα
1263 3196 1361 3273 ροβερά
1377 3197 1457 3254 ἷσται.

263 3287 326 3356 Περὶ
339 3289 386 3346 τῆς
398 3289 518 3356 ταραχῆς
533 3287 636 3346 καὶτῆς
650 3285 808 3354 συγχύσεως
821 3290 873 3337 τῶν
888 3286 974 3338 ε’θνῶν
988 3289 1097 3339 καὶτῶν
1111 3287 1249 3356 ποιμένων.
1476 3322 1495 3368 η

179 3407 182 3418 ι
265 3374 309 3425 Ἐν
323 3373 351 3426 ‹tl
364 3383 395 3446 τῇ
410 3381 552 3445 συναγωγῇ
564 3379 617 3426 τῶν
631 3373 718 3426 ίθνῶν
738 3377 781 3426 καὶ
795 3375 822 3427 ίν
835 3381 893 3436 ταῖς
906 3375 1060 3437 ίκκλησίαις
1073 3377 1219 3447 συγχύσεες
1232 3377 1329 3431 πολλαί
1343 3377 1456 3432 ἔσονται.

260 3463 445 3535 ε’γερθίγσονται
465 3465 516 3535 γάρ
535 3463 653 3532 ποιμίνες
673 3463 774 3533 ἄνομοι,
795 3463 891 3526 άόικοι,
911 3468 1114 3538 καταφρονηταί,
1136 3466 1293 3528 πλεονόκται,
1312 3469 1457 3539 φιλήδονοι,

340 3610 350 3646 1
362 3607 375 3636 ⁸
391 3611 503 3658 sumptum
513 3608 554 3646 hoc
565 3619 592 3648 ex
603 3608 720 3656 evangelio
730 3611 836 3650 Matthaei
847 3612 900 3652 xxiv
911 3611 931 3652 7.
947 3613 1033 3652 slmiles
1046 3614 1213 3662 paronomasia
1226 3615 1307 3652 multra
1318 3613 1388 3654 haber
1398 3617 1456 3666 apud

258 3678 396 3718 Clementem
410 3681 593 3720 alexandrinum:
611 3677 706 3736 φλυαρία
722 3679 807 3733 θεωρία
823 3683 901 3732 μ.127,
919 3685 945 3722 9-1
956 3683 1034 3734 Sylb.;
1049 3681 1116 3736 ίματα
1127 3683 1221 3738 χρίματα
1231 3697 1253 3734 p.
1267 3687 1313 3734 129,
1324 3687 1365 3736 82;
1381 3689 1458 3738 ττῆτις

257 3750 334 3802 χρῆσις
343 3763 365 3799 p.
378 3751 425 3799 291,
437 3753 472 3790 it.
483 3753 523 3790 iii:
538 3751 585 3800 282,
598 3752 622 3790 i:
640 3753 686 3800 909,
700 3753 737 3802 ¹³3
753 3749 848 3804 κρώζειν
858 3751 953 3801 ιλώζων
969 3767 989 3805 p.
1001 3755 1036 3805 29,
1047 3759 1086 3806 21;
1102 3754 1173 3810 τροφὴ
1184 3755 1255 3809 τρυφὴ
1266 3769 1288 3805 μ.
1301 3759 1335 3806 uo,
1347 3760 1386 3807 ⁴⁷3
1404 3755 1457 3799 ἀπα·

258 3819 324 3874 λότης
338 3817 435 3874 ἁπλότης
448 3835 471 3873 p.
486 3823 520 3871 88,
535 3823 573 3872 17;
597 3821 676 3867 ἀταλὸς
686 3821 767 3868 trull:
782 3821 863 3870 ἁπλοῦς
877 3838 898 3876 p.
911 3827 944 3876 39,
961 3829 999 3877 29;
1017 3824 1122 3879 σύντομος
1132 3825 1233 3870 σύντονος
1248 3839 1269 3878 μ.
1282 3829 1315 3876 97,
1329 3830 1366 3880 18γ
1383 3827 1457 3884 ῥίψεις

257 3890 346 3946 στύψεις
360 3906 382 3944 p.
400 3895 435 3942 87,
452 3895 486 3934 15.
503 3897 541 3944 18;
557 3891 603 3947 ἀρὴ
622 3894 680 3948 βαφὴ
697 3897 860 3948 μ.97,19.11;
877 3895 935 3951 ῥῆμα
950 3901 1023 3954 σχῆμα
1039 3901 1159 3950 μ.99,17;
1176 3896 1232 3952 μίλη
1248 3897 1317 3952 μόρηγ
1332 3913 1354 3952 p.
1371 3903 1417 3950 197,
1429 3904 1453 3950 9;

256 3961 369 4004 κλεπτίτεο
379 3964 480 4006 κοπιάτω
490 3977 511 4016 p.
525 3968 572 4014 113,
584 3969 622 4016 39ς
639 3965 743 4019 ἀνόνητος
753 3967 845 4020 ἀνόητος
855 3983 877 4020 p.
889 3973 923 4018 28,
935 3973 969 4012 89.
984 3973 1026 4010 hoc
1044 3973 1122 4012 ultimo
1138 3974 1187 4010 ioco
1201 3975 1267 4022 posui
1278 3983 1322 4022 quo
1333 3975 1456 4016 faciliorem

256 4037 284 4074 nd
299 4037 417 4086 epistolum
432 4037 557 4077 Philemoni
572 4039 662 4078 missam
677 4042 796 4080 transitum
810 4042 929 4092 haberem,
946 4044 1009 4082 euius
1025 4053 1092 4082 versu
1107 4045 1133 4082 20
1149 4041 1241 4096 ὀναίμην
1252 4047 1407 4095 explicandum
1423 4051 1458 4088 ost

256 4119 283 4146 ex
299 4108 406 4147 lucianulr
421 4109 498 4148 hisee:
515 4104 586 4153 ούτιυς
601 4107 661 4150 ὄναιο
676 4113 801 4152 Ῑειιτοπιοο.
817 4115 844 4152 20
854 4115 988 4162 l’seudoiog.
1005 4115 1032 4153 22
1043 4115 1125 4162 dialog.
1137 4123 1226 4155 murrtr.
1238 4119 1260 4156 iv
1272 4119 1282 4155 1
1294 4118 1355 4156 xlvi
1366 4117 1454 4168 lmpltlr.

255 4177 282 4216 2³
291 4179 389 4217 merted.
402 4179 505 4219 eontinet,
516 4183 542 4220 94
553 4176 624 4226 ούτως
636 4181 727 4236 ὀναίμην
737 4185 883 4234 ΡίιίΙομιιοιιᾱ.
895 4187 920 4224 27
931 4182 1006 4240 ὤνησο
1017 4187 1125 4234 anieron.
1138 4191 1170 4228 20.
1180 4209 1206 4218 -
1223 4189 1248 4227 18
1258 4188 1270 4216 ¹
1281 4189 1358 4244 R‘W
1369 4191 1455 4227 121.-

257 4250 281 4288 19
293 4249 306 4278 1
323 4253 401 4289 1111111
412 4253 519 4301 scriptum
529 4257 574 4292 ert:
586 4263 654 4302 quum
664 4251 743 4308 ἀφίόρα
753 4269 796 4298 non
808 4259 933 4306 conveniri,
945 4259 1015 4296 donec
1025 4260 1118 4300 meliors
1127 4261 1223 4300 edocear
1233 4263 1327 4299 11111111
1339 4261 1456 4308 iucundum

255 4331 304 4361 erre
315 4331 404 4361 τοπεοο.
417 4343 442 4350 -
457 4324 483 4361 22
496 4321 526 4360 *i
541 4328 579 4364 111
590 4324 647 4376 τομὴ
660 4327 761 4376 Geopon.
780 4331 805 4366 lii
816 4329 834 4366 Α
846 4330 873 4367 1ι
891 4333 914 4367 11
928 4327 1045 4382 ἀποτάμνει
1058 4332 1088 4369 il›.
1101 4332 1121 4371 3.
1133 4353 1159 4360 -
1174 4333 1200 4372 25
1213 4332 1225 4360 ¹
1241 4328 1356 4386 γενόμενοι
1368 4331 1456 4386 ἀνδράσι

254 4395 315 4432 nolui
326 4387 442 4433 scrihere?
452 4397 470 4433 ri
487 4396 537 4444 quis
548 4397 661 4435 miraculis
672 4399 803 4446 delectatur,
820 4402 890 4438 verbu
905 4404 993 4448 syriaca
1007 4413 1051 4440 non
1063 4403 1159 4452 obstant,
1172 4405 1290 4452 quominus
1301 4403 1415 4457 γενόμεναι
1426 4404 1456 4452 τίς

253 4459 329 4518 ἀνδρας
344 4467 414 4504 tuisse
429 4467 512 4506 crerint.
530 4468 560 4506 ci.
572 4468 636 4507 hulir.
649 4467 731 4508 Ganos.
744 4473 781 4509 117
799 4471 890 4510 Nollem.
903 4473 924 4510 ri
936 4475 956 4510 6.
970 4477 1035 4512 etiam
1055 4477 1138 4526 Spoleti
1151 4477 1260 4526 quondam
1274 4490 1300 4514 εκ
1317 4480 1407 4516 muliere
1422 4482 1456 4518 ιυί·

248 4533 336 4584 suetus,
352 4539 408 4576 terte
419 4537 483 4576 livio
494 4541 547 4578 xxiv
558 4542 591 4587 19,
606 4545 631 4580 ut
645 4542 673 4580 du
689 4543 778 4582 'lirum
792 4545 885 4582 trevam.
903 4544 980 4592 Agrrli
995 4549 1104 4596 supplem.
1122 4552 1133 4594 1
1150 4549 1184 4586 89.
1205 4549 1245 4588 red
1259 4549 1340 4588 νεωττί
1356 4549 1455 4592 muitum

255 4617 298 4645 nou
309 4610 414 4657 placeret.
426 4629 452 4637 -
466 4609 492 4648 27
503 4607 517 4635 ⁸
532 4612 562 4649 ei.
575 4611 629 4649 Luc.
643 4613 649 4650 l
665 4613 685 4652 7.
699 4615 731 4652 18.

1197 4679 1212 4726 6
