3128 4972
638 452 851 513 ..45-

134 637 224 700 ὅοίων
243 632 383 715 ζηλοῦσι).
408 636 502 701 Quae
519 637 618 700 verba
635 636 767 713 docent,
790 658 846 700 eos
863 635 996 720 quidem
1012 636 1205 716 affirmasse,
1223 640 1347 720 pascha

137 782 233 824 suum
254 779 343 822 mere
368 779 440 821 esse
457 755 689 832 christianum,
716 756 936 820 Athanasium
956 779 1033 820 veru
1053 756 1234 840 judicasse,
1259 756 1347 821 idem

136 878 235 943 nimis
264 899 299 941 sc
327 877 494 962 applicare
523 876 564 940 ad
589 875 862 940 consuetudinem
886 876 1070 940 Judaicam.
1117 875 1214 939 Unde
1242 885 1346 960 patet,

137 1000 263 1082 pascha
292 1019 406 1062 eorum
433 997 554 1080 partim
577 997 730 1080 —quod
759 996 800 1059 ad
828 1018 895 1060 rem
920 1035 961 1044 -
985 996 1087 1060 luisse
1118 995 1346 1074 christianum,

138 1119 261 1203 partim
288 1157 329 1166 -
361 1119 449 1201 quod
477 1117 519 1180 ad
547 1117 634 1180 diem
658 1155 698 1164 —
722 1115 908 1180 Judaicum.
956 1117 1099 1180 Eosdem
1129 1125 1241 1180 autem
1271 1137 1348 1179 con·

139 1237 326 1302 suetudinis
350 1259 429 1301 suae
454 1245 622 1300 auctorem
651 1236 759 1320 ipsum
783 1237 962 1300 Dominum
984 1245 1134 1300 nostrum
1158 1236 1348 1320 protulisse,

140 1381 180 1422 ex
204 1382 243 1422 eo
268 1357 423 1435 efficitur,
449 1357 536 1440 quod
552 1356 757 1420 Athanasius
774 1355 959 1439 Epiphanio
983 1357 1136 1436 suadens,
1162 1364 1199 1419 ut
1223 1365 1348 1420 certare

139 1479 282 1558 desinat,
310 1500 374 1560 quo
399 1475 497 1540 citius
520 1476 666 1540 reditura
689 1476 916 1556 sitleuclesiae
939 1499 1014 1559 pax,
1040 1475 1244 1560 argumentis
1268 1475 1348 1538 dicit

139 1598 215 1662 illos
232 1597 440 1661 moverinon
456 1618 565 1681 posse,
591 1595 914 1680 quandoquidem
939 1595 1134 1678 scriptum
1158 1595 1213 1658 sit
1235 1596 1296 1673 „ep
1316 1589 1349 1655 δὲ

140 1714 259 1797 πρώτῃ
277 1717 345 1777 τῶν
363 1713 506 1794 ἀζύμων
523 1709 581 1776 καὶ
601 1713 633 1776 ἐν
650 1707 666 1793 ᾖ
685 1713 753 1777 ἔδει
773 1713 875 1776 θύειν
892 1712 930 1777 τὸ
949 1703 1093 1795 ariulfi
1118 1715 1199 1800 (Mt.
1218 1719 1274 1792 26,
1308 1717 1346 1779 ll

140 1830 216 1892 coll.
243 1829 327 1892 Luc.
353 1831 410 1906 22,
437 1830 479 1910 7).
525 1827 598 1890 Ηοο
626 1827 730 1912 igitur
758 1828 832 1890 loco
860 1827 1045 1911 probabant
1073 1825 1139 1905 illi,
1169 1825 1349 1890 Dominum

140 1951 265 2033 pascha
297 1948 407 2032 egisse
440 1948 492 2012 die
525 1957 642 2032 quarto
672 1946 816 2023 decimo;
851 1968 950 2031 quare
983 1947 1121 2011 eundem
1152 1946 1239 2010 diem
1271 1945 1349 2029 ipsis

139 2091 210 2133 esse
241 2069 499 2132 observandum.
546 2067 669 2147 Viden,
702 2070 762 2130 hos
786 2066 963 2132 Athanasii
987 2067 1191 2132 adversarios
1216 2065 1350 2130 eosdem

140 2211 212 2253 esse
229 2197 331 2273 atque
347 2187 534 2274 Hippolyti,
560 2188 756 2273 Apolinarii,
782 2195 981 2265 ceterorum;
1007 2209 1112 2270 neque
1129 2185 1350 2252 Athanasium

141 2309 231 2373 aliud
255 2308 622 2393 quartodecimanorum
644 2331 749 2392 genus
772 2332 869 2372 nosse
893 2315 993 2392 atque
1017 2307 1066 2386 id,
1098 2306 1184 2390 quod
1213 2304 1262 2368 illi
1290 2303 1350 2368 im·

140 2427 374 2513 pugnaverint.
422 2427 599 2492 Athanasii
628 2437 738 2492 autem
768 2427 972 2513 temporibus
997 2427 1202 2492 consuetudo
1227 2423 1351 2488 Asiana

137 2551 208 2634 jam
238 2547 408 2612 Nicaenae
440 2547 558 2632 synodi
590 2549 724 2612 decreto
758 2557 827 2613 erat
857 2549 1028 2626 damnata,
1063 2569 1162 2631 quare
1195 2545 1251 2608 ille
1279 2546 1352 2630 jam

142 2667 372 2732 vehementius
399 2667 610 2753 reprehendit
640 2691 711 2748 eos,
742 2669 798 2752 qui
824 2691 864 2732 ne
892 2679 971 2732 tunc
996 2667 1129 2752 quidem
1156 2664 1351 2750 reliquerint

143 2787 233 2852 illam
258 2788 545 2852 consuetudinem.

228 2913 259 2972 5.
285 2907 411 2972 Eadem
428 2907 568 2992 denique
586 2908 790 2972 consuetudo
812 2909 1009 2992 reprehensa
1032 2916 1083 2972 est
1103 2907 1136 2970 in
1156 2905 1240 2970 libro
1259 2915 1348 2968 vete-

145 3027 188 3090 ris
212 3027 384 3112 cujusdam
408 3026 563 3106 auctoris,
588 3029 629 3092 de
653 3051 717 3112 quo
741 3029 910 3092 Ροουιοει
935 3029 1017 3091 haec
1040 3027 1157 3090 refert:

232 3161 420 3242 Ἀνογνώσθη
438 3161 544 3246 βιβλίον
563 3161 720 3242 ἀνώνυμον,
738 3155 772 3226 οὗ
789 3164 805 3243 ἡ
825 3159 966 3244 ἐπιγραφὴ
985 3160 1087 3242 „ldycc
1104 3158 1177 3240 πρὸς
1193 3157 1351 3227 Ἰουδαίους

145 3286 193 3352 καὶ
211 3289 279 3361 τοὺς
289 3289 479 3372 μενάνοΰνων
490 3289 646 3372 αἱρουκοὺς
663 3285 721 3353 aci
739 3288 823 3360 τοὺς
839 3288 1083 3368 καλουμένους
1100 3311 1350 3370 τεσσαρεσκαι-

145 3423 355 3492 densamus,
376 3416 415 3500 pl,
437 3421 477 3498 τῷ
500 3419 605 3500 πρώτῳ
627 3417 699 3482 καθ’
716 3411 868 3503 Ἕβραὼυς
888 3413 952 3499 μηνὶ
975 3417 1173 3486 ἐπιτελοῦντας
1195 3417 1245 3479 τοῦ
1268 3416 1350 3498 ἁγίου

145 3546 244 3629 πάσχα
271 3545 321 3628 τὴν
347 3546 464 3629 ἑορτὴν“
480 3551 501 3610 ’.
554 3541 639 3618 οὗτος
660 3543 711 3628 μὲν
741 3547 756 3611 ὁ
783 3545 867 3628 λόγος
890 3545 1031 3628 σύντομος
1053 3540 1100 3608 καὶ
1127 3541 1278 3626 ἀπέρατος
1301 3539 1349 3606 καὶ

145 3675 259 3755 κόμπου
277 3675 408 3759 μετέχων,
427 3676 497 3756 λέγει
513 3675 608 3756 μέντοι
626 3680 660 3755 τῇ
679 3674 746 3758 ἁγίᾳ
765 3675 878 3755 πέμπτῃ
896 3673 933 3756 μὴ
952 3673 986 3739 τὸ
1002 3673 1114 3754 νομικὸν
1133 3683 1233 3756 φαγεῖν
1249 3673 1350 3755 πάσχα

145 3872 323 3880 *—

231 3989 241 4021 ¹
265 3994 469 4067 Bibliotheca,
485 3993 551 4052 cod.
569 3995 640 4052 115.
665 3992 712 4051 cd.
728 3993 877 4064 Burrus,
893 4013 922 4072 p.
939 3995 990 4051 91.

231 4073 242 4106 ¹
266 4081 325 4139 His
345 4079 445 4139 verbis
470 4079 550 4138 idern
572 4079 694 4138 videtur
719 4078 862 4151 indicari,
889 4078 971 4157 quod
992 4097 1009 4136 a
1029 4079 1121 4137 Petro
1143 4074 1348 4134 Alexandrino

146 4164 271 4239 (Chron.
287 4167 390 4244 pasch.
408 4165 453 4224 ed.
470 4167 570 4224 Dlnn.
587 4167 612 4237 l,
630 4169 649 4224 6
665 4163 745 4243 sqq.)
762 4164 889 4224 Judaeis
903 4183 974 4223 suae
990 4163 1098 4222 aetatis
1114 4161 1233 4220 crimini
1249 4159 1348 4234 datur,

146 4271 194 4310 eos
214 4253 323 4310 amissa
343 4255 426 4310 recta
445 4251 652 4310 constituendi
674 4251 734 4310 dici
755 4250 902 4329 paschalis
925 4251 1041 4308 ratione
1065 4266 1153 4326 saepe
1175 4247 1234 4305 alic
1255 4253 1347 4324 atquc

148 4339 366 4416 praescriptum
381 4339 422 4396 sit
437 4343 574 4415 tempore
590 4339 701 4416 pascha
717 4337 877 4396 celebrare.
