3128 4972
606 418 908 504 '-sa-

193 613 324 696 „ritus
348 611 674 679 celebrationem
697 609 921 688 veniamus;
953 610 1023 676 sed
1051 618 1095 675 ut
1118 611 1257 676 idonei
1279 611 1404 677 simus

193 736 265 816 „ad
289 734 466 798 divinum
489 754 632 817 agnum
655 730 846 796 accedere
870 737 904 794 et
921 732 1081 796 caelestes
1106 753 1197 796 escas
1221 733 1402 818 attingere,

192 879 335 935 „manus
364 862 495 918 nostras
524 851 751 937 purificemus,
786 873 931 936 corpus
961 851 1213 931 mundemus,
1247 860 1282 916 et
1313 853 1404 918 omni

193 975 335 1055 „fraiude
358 981 529 1057 expertem
552 969 790 1036 conscientiam
812 978 1013 1035 teneamus“
1035 978 1100 1036 etc.
1135 972 1181 1035 Et
1204 972 1238 1036 in
1261 973 1404 1058 epistola

194 1095 323 1159 sexta².
376 1092 693 1172 „Quemadmodum
730 1091 838 1154 Israel
875 1091 952 1154 dum
986 1091 1252 1176 Hierosolymam
1288 1114 1403 1158 versus

193 1214 389 1293 „tenderet,
415 1219 514 1276 antea
536 1218 643 1276 semet
664 1210 698 1274 in
721 1210 853 1275 deserto
878 1210 1061 1276 mundabat
1084 1211 1339 1296 erudiebatque,
1364 1222 1403 1277 ut

194 1332 372 1418 „Aegypti
394 1330 669 1400 consuetudinem
697 1317 965 1410 oblivisceretur,
996 1330 1044 1395 ita
1073 1354 1239 1415 aequum
1268 1340 1330 1396 est
1357 1341 1403 1397 ut

193 1453 256 1532 „in
282 1459 425 1517 sancta
448 1449 776 1535 quadragesima,
801 1472 885 1533 qnae
901 1473 920 1514 a
935 1450 1031 1515 nobis
1048 1435 1207 1536 suscepta
1219 1461 1286 1532 est,
1311 1475 1401 1538 pur·

194 1572 422 1658 „gationem
450 1577 632 1636 nostram
664 1577 705 1634 et
737 1569 1063 1636 emundat-ionem
1093 1594 1400 1657 prosequamur;

193 1706 258 1773 „ut
281 1692 359 1757 hino
382 1691 524 1776 proiecti
551 1700 585 1755 et
602 1690 721 1774 jejunii
744 1713 905 1755 memores
932 1690 973 1754 ad
998 1692 1212 1756 caenaculum
1237 1715 1311 1756 oum
1333 1693 1401 1756 Do·

193 1812 307 1892 „mino
338 1811 501 1896 possimus
530 1811 707 1876 ascendere
736 1817 869 1874 etcum
898 1831 936 1874 eo
961 1832 1097 1874 caenare
1116 1811 1340 1895 gaudiumque
1368 1812 1402 1876 in

194 1932 311 2010 „caelo
335 1930 543 2014 participare.
577 1931 680 1994 Seous
704 1929 791 1994 enim
813 1951 919 2013 neque
935 1929 1201 2013 Hierosolymam
1224 1930 1401 1995 ascendere

193 2071 325 2133 „neque
356 2051 481 2132 pascha
511 2049 683 2112 comedere
715 2047 778 2112 nisi
810 2049 986 2112 observata
1018 2049 1270 2132 quadragesima
1301 2048 1399 2113 nobis

193 2171 374 2249 „liceret.“
423 2169 510 2231 Item
538 2167 571 2231 in
600 2167 741 2252 epistola
769 2165 1052 2232 undevicesima²2
1098 2167 1204 2246 „Qui
1231 2170 1399 2251 quadra·

193 2288 395 2373 „gesimae
425 2286 726 2351 observantiam
752 2286 1052 2373 aspernabitur,
1086 2287 1119 2350 is
1146 2291 1296 2372 pascha
1323 2311 1400 2353 non

193 2407 464 2488 „celebrabit,
504 2428 608 2471 more
646 2407 732 2491 ejus
765 2406 830 2492 qui
866 2407 1029 2472 incaute
1067 2407 1298 2492 impuroque
1336 2432 1399 2473 res

192 2535 380 2607 „sanctas
408 2526 579 2610 pedibus
609 2527 752 2592 calcat.
801 2526 911 2592 Quare
934 2527 1076 2592 invicem
1099 2550 1260 2594 memores
1284 2529 1397 2608 simus,

192 2671 238 2727 „a
264 2646 472 2730 negligentia
495 2667 686 2724 caveamus,
717 2647 776 2712 sed
805 2647 951 2732 apprime
980 2647 1172 2714 hisdiebus
1196 2648 1397 2732 jejunemus,

193 2767 324 2846 „donec
349 2766 487 2850 jejuniis
515 2765 717 2830 continuatis
745 2766 980 2832 sollemnitatis
1008 2768 1225 2833 celebrationi
1257 2769 1399 2834 feliciter

192 2893 469 2966 „oeourramus.“
490 2923 532 2934 -
555 2886 688 2950 Diserte
717 2889 798 2952 baec
821 2886 999 2952 Athanasii
1021 2888 1122 2952 verba
1145 2888 1283 2968 docent,
1309 2889 1398 2973 jeju·

193 3006 285 3072 nium
308 3005 591 3090 quadragesimale
621 3014 811 3092 susceptum
841 3028 913 3072 esse
940 3029 1008 3072 non
1031 3008 1139 3072 solum
1167 3016 1302 3094 propter
1324 3031 1398 3094 pas·

193 3126 293 3190 sionis
311 3125 493 3218 dominicae
517 3127 719 3206 memoriam,
744 3127 804 3191 sed
827 3126 927 3192 etiam
950 3135 1050 3211 atque
1069 3127 1244 3211 praecipue
1262 3150 1398 3213 praepa·

192 3245 329 3309 rationis
354 3267 466 3325 causa,
495 3256 534 3310 ut
562 3247 736 3312 sollemnia
759 3247 1006 3312 celebrarentur
1034 3247 1150 3314 animis
1174 3247 1309 3312 sinceris
1337 3269 1397 3312 nec

192 3363 300 3449 gratia
324 3364 434 3428 divina
462 3365 619 3450 indignis.
666 3367 750 3430 Cum
774 3375 885 3431 autem
910 3367 997 3454 apud
1021 3366 1236 3432 occidentalis
1260 3389 1397 3432 consue·

191 3484 317 3548 tudinis
334 3483 523 3548 defensores
546 3487 631 3550 hanc
655 3485 859 3550 inveniamus
882 3487 1093 3565 sententiam,
1119 3509 1156 3552 eo
1174 3487 1281 3551 minus
1300 3487 1397 3553 mira·

192 3603 317 3682 bimur,
348 3604 504 3668 ecelesias
528 3604 706 3669 orientales
723 3606 907 3692 jejunando
935 3628 970 3670 se
999 3628 1131 3692 parasse
1158 3607 1200 3671 ad
1222 3608 1398 3672 sollemnia

192 3732 282 3788 recte
311 3723 473 3789 iacienda.
519 3726 632 3808 Atque
654 3725 727 3809 jam
749 3725 961 3789 manifestum
991 3725 1069 3805 erit,
1100 3734 1302 3811 quantopere
1326 3727 1396 3792 ido·

191 3844 262 3908 neis
287 3851 397 3908 careat
420 3845 641 3928 argumentis,
667 3845 755 3930 quod
779 3845 885 3910 Steitz
910 3845 1099 3925 contendit,
1125 3846 1288 3930 jejunium
1312 3846 1397 3912 illud

193 3961 324 4026 institui
349 3985 413 4026 non
443 3963 590 4049 potuisse
619 3964 682 4029 nisi
710 3972 845 4050 propter
872 3965 1033 4050 passionis
1062 3966 1244 4031 dominicae
1273 3989 1395 4033 memo-

280 4237 288 4269 ¹
313 4244 385 4301 Mu
401 4242 421 4301 1.
438 4243 458 4302 l.
475 4264 505 4321 p.
522 4242 572 4303 71.
594 4277 625 4286 -
647 4246 787 4306 Lsnsow
802 4245 822 4303 l.
838 4245 859 4303 l.
876 4265 904 4323 p.
922 4247 962 4306 93
979 4266 1023 4323 sq.

279 4321 290 4354 ²
313 4330 385 4387 Mar
400 4350 429 4407 p.
448 4331 519 4388 144.
541 4363 573 4372 —
594 4331 735 4390 Irnnsow
749 4351 778 4410 p.
797 4332 857 4389 149
873 4351 917 4408 sq.
