3160 4976
1417 387 1464 456 39

274 563 396 645 δυνηθρ
414 573 457 642 τῷ
477 562 541 642 ι’δίῳ
559 561 751 646 βαπτίσματι
768 569 827 634 τὰς
844 566 1003 648 ἁμαρτίας
1020 571 1074 623 τοῦ
1091 559 1317 644 βαπτιζομένου
1334 563 1466 647 ἀνθρώ-

276 693 335 734 που
353 667 542 752 ἀποσμῆξαι.
578 669 630 732 διά
657 691 688 731 τε
716 669 857 742 Ἰεζεκιηλ
878 678 932 734 τοῦ
955 677 1112 752 προφήτου
1134 667 1214 751 λέγει
1237 670 1252 730 6
1277 675 1393 754 κύριος·
1418 675 1468 730 καί

274 783 410 864 ῥαντίσω
427 783 511 860 ὑμᾶς
529 776 619 838 ὕδατι
636 778 775 862 καθαρῷ
791 784 840 839 καί
857 777 1006 861 καθαριῶ
1023 781 1105 858 ὑμᾶς
1123 783 1172 838 καί
1190 775 1281 838 δώσω
1297 781 1366 859 ὑμῖν
1390 799 1468 862 καρ-

274 885 344 947 δίαν
360 893 464 954 καινὴν
481 890 531 946 καί
547 896 668 966 πνεῦμα
684 888 785 947 καινὸν
803 883 895 946 δώσω
912 884 942 944 έν
959 889 1038 964 ὑμῖν.
1071 894 1139 953 πῶς
1164 881 1196 944 δέ
1213 882 1341 946 δύναται
1358 886 1468 947 καθα-

242 999 356 1078 ερίσαι
374 998 423 1054 και·
449 993 580 1073 ἁγιάσαι
606 991 690 1074 ὕδωρ
720 995 815 1063 αὐτὸς
833 993 1018 1076 ἀκάθαρτος
1036 995 1078 1054 ὢν
1104 996 1155 1052 καί
1183 989 1257 1074 παρ’
1287 993 1319 1052 δν
1347 1003 1467 1074 πνεῦμα

273 1103 360 1184 ἅγιον
377 1105 429 1164 οὐκ
445 1103 541 1166 έστιν;
565 1099 708 1182 λέγοντος
724 1111 776 1160 τοῦ
792 1105 894 1182 κυρίου
911 1103 940 1160 ἐν
958 1110 1021 1170 τοῖς
1039 1099 1199 1180 ἀριθμοῖς·
1218 1106 1266 1160 καί
1283 1102 1407 1160 πάντων
1425 1099 1467 1160 ὧν

273 1209 312 1269 ἂν
329 1208 442 1289 ἅψεται
458 1209 474 1268 6
491 1207 676 1290 ἀκάθαρτος
693 1207 867 1291 ἀκάθαρτα
883 1209 979 1268 ἐσται.
999 1218 1067 1277 πῶς
1083 1206 1244 1289 βαπτίζων
1262 1204 1366 1268 δοῦναι
1384 1207 1468 1285 ἄλλῳ

272 1317 381 1400 ἄφεσιν
399 1317 559 1397 ἁμαρτιῶν
584 1312 712 1376 δύναται
730 1316 746 1375 6
762 1320 804 1396 μὴ
822 1313 969 1385 δυνηθείς
984 1319 1023 1374 τά
1038 1313 1100 1375 ἴδια
1114 1317 1328 1398 ἁμαρτήματα
1340 1309 1398 1387 ἐξω
1411 1325 1469 1384 τῆς

273 1423 431 1492 ἐκκλησίας
454 1422 639 1483 ἀποθέσθαι
646 1441 655 1491 ;
682 1420 760 1482 ἀλλὰ
777 1428 827 1482 καί
844 1419 921 1489 αὐτὴ
939 1425 958 1492 ἡ
975 1422 1124 1505 ἐρώτησις
1139 1427 1159 1492 ἡ
1173 1425 1202 1482 ἐν
1216 1430 1260 1499 τῷ
1274 1419 1469 1504 βαπτίσματι

231 1555 256 1590 ιο
274 1529 415 1614 γινομένη
432 1534 553 1613 μάρτυς
569 1532 631 1589 ἐστί
647 1539 703 1598 τῆς
726 1528 893 1598 άληθείας.
917 1527 1053 1611 λέγοντες
1083 1534 1144 1612 γάρ
1172 1538 1217 1608 τῷ
1249 1525 1467 1611 ἐξεταζομένῳ·

273 1642 422 1707 πιστεύεις
437 1639 482 1708 είς
498 1640 618 1697 αἰώνιον
637 1637 717 1710 ζωὴν
735 1641 784 1696 καί
801 1638 909 1721 ἄφεσιν
927 1637 1104 1719 άμαρτιῶν;
1127 1640 1179 1697 οιίκ
1203 1634 1275 1699 ἄλλο
1298 1658 1324 1697 τι
1342 1635 1467 1720 λέγομεν

274 1748 357 1826 τίμὴ
374 1751 405 1805 έν
422 1757 458 1824 τῇ
475 1743 624 1822 καθολικῇ
642 1741 783 1822 ἐκκλησία
800 1740 935 1812 δοθῆναι
953 1742 1122 1805 δύνασθαι.
1142 1749 1233 1828 παρά
1252 1742 1284 1806 δέ
1301 1757 1366 1815 τοῖς
1382 1748 1467 1830 αίρε-

273 1863 376 1931 τικοῖς,
393 1855 468 1914 ὅπου
485 1850 622 1923 ἐκκλησία
641 1853 692 1912 οὐκ
705 1853 793 1926 ἔστιν,
807 1849 957 1912 άδύνατέν
971 1852 1050 1910 ἐστιν
1064 1853 1172 1937 ἄφεσιν
1185 1849 1292 1932 λαβεῖν
1306 1857 1346 1912 τά
1359 1855 1467 1936 άμαρ-

273 1967 399 2041 τὴματα
416 1967 466 2020 καί
489 1958 541 2020 διὰ
558 1967 645 2020 τοῦτο
663 1963 691 2020 οί
711 1966 771 2019 τῶν
795 1962 951 2042 αίρετικῶν
977 1963 1138 2042 συνήγοροι
1161 1962 1179 2027 ἦ
1202 1967 1255 2026 τὴν
1279 1955 1467 2043 Ιέπεριίιτησιυ

231 2089 255 2127 ιο
274 2066 439 2153 ὀφείλουσιν
458 2062 588 2139 ἀλλάξαι
605 2072 623 2137 ἢ
641 2072 695 2135 τὴν
721 2066 874 2136 ἀληθειαν
892 2064 1055 2142 ἐκδικῆσαι,
1070 2069 1095 2126 τί
1111 2075 1153 2147 μη
1170 2088 1198 2126 τι
1215 2070 1322 2137 αὐτοῖς
1345 2075 1395 2128 καί
1412 2073 1465 2136 τὴν

272 2175 427 2246 ἐκκλησίαν
444 2179 673 2258 προσνέμουσιν,
692 2177 745 2245 οὓς
762 2173 926 2256 βάπτισμα
944 2177 1023 2255 ἔχειν
1041 2172 1313 2256 διαβεβαιοῦνται.
1346 2174 1467 2258 ἀνάγκη

275 2281 307 2342 δέ
324 2285 385 2343 ἐστι
403 2289 453 2344 καί
470 2283 618 2366 χρίεσθαι
636 2289 685 2344 τον
704 2281 962 2366 βεβαπτισμένον,
981 2285 1029 2344 ἵνα
1054 2280 1162 2363 λαβὼν
1189 2289 1307 2365 χρίσμα
1335 2289 1469 2365 μέτοχος

273 2395 397 2471 γένηται
420 2395 616 2473 χαρίσματος
640 2400 775 2473 χριστοῦ.
810 2391 991 2473 εὐχαριστία
1021 2388 1053 2450 δέ
1071 2393 1149 2450 ἐστιν
1182 2390 1255 2452 ὅθεν
1278 2397 1418 2474 χρίονται
1442 2393 1470 2451 σι’

274 2494 503 2578 βαπτισθέντες
519 2496 616 2557 ἔλαιον
634 2499 663 2557 ἐν
676 2505 720 2575 τῷ
728 2496 944 2578 θυσιαστηρίῳ
961 2500 1157 2578 ἡγιασμένον.
1170 2499 1300 2579 ἁγιάσαι
1319 2496 1351 2558 δέ
1369 2497 1467 2558 ἔλαιον

228 2629 255 2664 τι
274 2606 306 2664 ού
325 2601 453 2666 δύναται
478 2606 624 2686 αίρετικδς
645 2605 660 2664 6
678 2609 753 2684 μητε
769 2604 991 2687 θυσιαστήριον
1009 2607 1089 2687 έχων
1106 2610 1183 2686 μήτι
1198 2604 1366 2674 ἐκκλησίαν·
1391 2606 1465 2668 ὅθεν

274 2713 309 2771 οὐ
325 2709 455 2772 δύναται
472 2711 591 2793 χρίσμα
608 2715 640 2770 τὸ
659 2715 746 2794 παρὰ
763 2721 825 2772 πᾶν
842 2715 929 2793 παρὰ
945 2721 1009 2782 τοῖς
1026 2715 1185 2795 αἰρετικοίς
1201 2711 1287 2774 εἶναι.
1316 2711 1466 2796 πρόδηλον

272 2823 334 2902 γάρ
351 2822 430 2879 ἐστιν
447 2821 517 2898 ἡμῖν
534 2814 691 2897 μηδαμῶς
708 2814 865 2878 δύνασθαι
882 2818 956 2902 παρ’
970 2821 1090 2888 ἐκείνοις
1103 2819 1296 2903 άγιάζεσθαι
1313 2818 1412 2881 έλαιον
1426 2823 1469 2892 είς

273 2932 481 3009 εὐχαριστίαν.
507 2923 618 2986 εἰδέναι
646 2925 708 3008 γάρ
737 2931 786 2985 καί
810 2931 852 3006 μή
879 2929 997 3008 άγνοείν
1027 2925 1181 3012 ὀφείλομεν
1206 2929 1249 2987 ὅτι
1281 2931 1468 3010 γέγραπται·

274 3032 372 3094 έλαιον
391 3031 577 3117 ἀμαρτωλοῦ
594 3037 636 3112 μδ
649 3030 806 3095 λιπανάτω
823 3039 877 3102 τὴν
894 3033 1026 3118 κεφαλὴν
1043 3054 1114 3114 μου,
1132 3031 1196 3102 δδη
1212 3039 1261 3094 καί
1278 3031 1374 3094 πάλαι
1391 3035 1467 3115 ἐμη-

229 3163 255 3201 ιε
274 3159 343 3200 νυσε
359 3143 393 3200 τδ
410 3150 529 3221 πνεῦμα
546 3143 579 3200 τὸ
597 3141 686 3222 ἅγιον
702 3144 732 3201 έν
750 3139 894 3221 ψαλμοῖς,
912 3146 1023 3222 μήπως
1052 3135 1260 3222 ἐξιχνιασθείς
1276 3159 1322 3210 τις
1344 3146 1395 3200 καί
1408 3144 1468 3202 άπδ

275 3259 330 3317 τῆς
346 3247 475 3318 εὐθείας
492 3245 564 3308 ὁδοῦ
580 3246 753 3318 πλανηθείς
769 3254 856 3333 παρὰ
874 3258 938 3319 τοῖς
955 3251 1114 3332 αίρετικοῖς
1131 3258 1196 3318 τοῖς
1212 3257 1265 3308 τοῦ
1275 3258 1404 3332 χριστοῦ
1414 3249 1469 3310 άν-

274 3354 411 3424 τιπάλοις
427 3355 560 3438 χρισθῇ.
586 3365 654 3424 πῶς
671 3353 704 3414 δέ
721 3350 842 3427 εὔξηται
860 3357 934 3439 ὺπέρ
957 3365 1010 3416 τοῦ
1027 3353 1259 3437 βαπτισθέντος
1281 3358 1339 3438 οὐχ
1362 3357 1468 3440 ἱερεύς,

278 3459 348 3524 ἀλλ’
369 3459 523 3545 ἱερόσυλος
542 3469 593 3522 καί
611 3461 808 3545 ἁμαρτωλός,
825 3460 973 3544 λεγούσης
989 3473 1046 3532 της
1063 3474 1208 3548 γραφῆς·
1234 3465 1250 3525 6
1266 3463 1345 3534 θεὸς
1362 3466 1468 3547 ἀμαρ-

274 3566 381 3631 τωλίιν
398 3572 450 3630 οὐκ
466 3571 577 3639 ἀκούει,
596 3568 662 3630 ἀλλ’
675 3571 728 3630 έάν
745 3589 791 3638 τις
806 3568 964 3652 θεοσεβὴς
979 3570 999 3650 ᾗ
1016 3575 1066 3631 καί
1083 3575 1116 3632 τί
1132 3570 1259 3651 θέλημα
1277 3575 1373 3632 αὐτοῦ
1386 3585 1468 3650 ποιῇ,

231 3699 257 3737 ιο
275 3683 383 3740 τούτου
413 3681 530 3749 ἀκούεις
556 3675 606 3740 διά
631 3688 687 3749 τῆς
710 3680 806 3761 ἁγίας
829 3675 986 3747 ἐκκλησίας
1009 3687 1132 3759 νοοῦμεν
1157 3681 1264 3764 ἄφεσιν
1290 3680 1468 3761 ἁμαρτιῶν·

275 3792 321 3856 τίς
337 3783 370 3846 δέ
387 3784 517 3848 δύναται
534 3784 650 3862 δουναι,
669 3791 741 3869 ὅπερ
759 3787 854 3855 αὐτὸς
878 3788 929 3846 οὐκ
945 3789 1027 3869 έχει;
1051 3789 1069 3854 ἠ
1096 3796 1164 3855 πῶς
1181 3783 1309 3846 δῦναται
1327 3805 1469 3864 πνευμα-

274 3899 341 3956 τικά
355 3893 546 3978 ἐργάζεσθαι
560 3895 575 3955 6
589 3891 759 3976 ἀποβαλὼν
772 3903 891 3975 πνεῦμα
905 3896 1008 3977 άγιον;
1027 3892 1078 3954 διά
1092 3898 1242 3954 τοῦτοκαὶ
1255 3890 1469 3974 βαπτίζεσθαι

355 4073 368 4110 2
392 4069 507 4123 ἐκοσμίξαι
532 4067 559 4111 Μ.
584 4093 610 4100 -
635 4068 647 4111 6
666 4081 692 4110 ιν
711 4071 736 4110 Ρ.
760 4091 786 4100 -
812 4072 892 4110 ἐλκεοίι.
918 4071 986 4110 xxxvl
1006 4070 1045 4120 25,
1065 4071 1099 4108 26.
1120 4089 1147 4098 -
1167 4069 1180 4108 8
1198 4065 1291 4121 καθαρεῖ)
1313 4063 1373 4108 ὕδατι
1394 4069 1418 4106 P.
1441 4091 1467 4100 -

275 4145 323 4183 m
337 4139 463 4185 πιίνςινέστιν
473 4153 499 4182 ιν
508 4143 533 4182 Ρ.
549 4155 606 4192 quw
621 4145 781 4193 praetermissa
794 4147 847 4182 τυπί
862 4145 885 4182 ln
899 4143 996 4182 editione
1008 4143 1091 4181 hubent
1104 4141 1142 4190 gh,
1158 4141 1198 4179 ιοιί
1213 4135 1245 4179 ὢν
1256 4138 1320 4185 αὐτὸς
1334 4142 1370 4181 καί
1386 4143 1435 4194 παρ’
1449 4137 1469 4196 ᾦ

275 4225 307 4253 κν.
320 4215 491 4262 [tn-fluum.
504 4216 541 4254 xlx
552 4211 789 4255 βία-ΗΜΛ).-
804 4212 879 4265 ί.8β.
889 4211 978 4254 δύναται
992 4211 1053 4266 ἐλλῳ
1068 4210 1141 4252 δοῦναι
1151 4209 1171 4252 6.
1184 4209 1269 4266 λοφιὴ
1281 4213 1305 4262 Ρ,
1318 4216 1357 4253 τεά
1368 4225 1469 4262 g=mon.

276 4283 379 4329 -ίίείς
392 4297 418 4324 ιν
432 4286 457 4324 1².
474 4306 500 4316 -
514 4282 627 4338 ἁμαρτιῶν
646 4283 762 4339 λαμβάνειν
777 4287 802 4326 P.
818 4287 881 4325 -12
896 4285 915 4325 ιέ
930 4283 961 4339 μὴ
977 4279 1010 4325 έτι
1026 4285 1052 4324 P.
1068 4305 1094 4314 -
1108 4281 1195 4324 δύναται
1210 4285 1234 4323 P.
1247 4305 1272 4314 -
1285 4287 1317 4324 15.
1330 4287 1355 4325 14
1367 4281 1471 4325 ἀδύνατον

277 4355 441 4410 ἁμαρτημάτων
455 4355 531 4411 ἐφεοιν
545 4355 620 4409 λαβεῖν
635 4359 671 4398 καί
685 4359 710 4398 Ρ.
721 4379 749 4388 -
763 4359 789 4400 16
804 4353 894 4406 ἀλλέξαι
905 4355 1030 4412 ὀφείλουσιν
1045 4358 1071 4396 Ρ.
1082 4378 1109 4386 -
1124 4360 1149 4397 18
1163 4358 1296 4412 χαρίσματος
1305 4369 1331 4397 ιν
1341 4359 1366 4406 Ρ,
1381 4356 1470 4410 χρίσμα·

275 4441 312 4474 τος
336 4431 376 4479 gh:
406 4431 465 4480 quod
489 4431 562 4470 οέίίοτ
586 4431 718 4481 pumentia
743 4441 756 4470 α
779 4429 891 4480 cyprium
915 4428 1003 4484 χάριτος
1026 4431 1097 4470 scribi
1121 4432 1176 4468 vult.
1202 4451 1228 4458 -
1252 4427 1367 4484 ιύχιίριττα
1390 4431 1420 4469 Μ.
1447 4451 1471 4460 -

277 4503 310 4542 18.
327 4503 353 4541 1⁹
373 4497 602 4555 ιὺχαρννὴγιασμένον
617 4511 643 4541 τυ
658 4501 682 4540 P.
694 4521 721 4530 -
735 4501 819 4542 Ρεαίιτι.
835 4502 880 4541 exn
894 4503 915 4542 δ.
931 4520 958 4530 -
976 4503 1003 4542 2⁰
1024 4497 1068 4542 δέν.
1084 4499 1096 4541 6
1110 4499 1153 4554 αίρ.
1169 4501 1194 4542 P.
1210 4522 1237 4531 -
1257 4501 1283 4541 26
1305 4499 1390 4551 εὔξεται
1403 4503 1429 4540 Ρ.
1446 4523 1472 4531 -

276 4571 325 4626 οὐχί
340 4574 404 4613 P.-
417 4575 444 4614 2⁸
458 4585 491 4628 γρ.
504 4569 632 4614 MP.-
645 4573 742 4614 somn.
754 4575 776 4614 ίκ
787 4575 821 4614 81.
838 4594 864 4604 -
879 4575 905 4614 ³2
920 4571 1060 4625 βαπτίζεσθαι
1074 4576 1181 4626 καίινΡ,
1198 4575 1265 4615 habet
1279 4575 1346 4613 οέίειιι
1362 4586 1383 4622 g.
