3128 4972
658 433 907 495 -10-·

163 611 213 681 uui
231 615 364 701 κυριακὴα
381 617 489 700 ἡμέραν
506 615 698 696 ἐπιτελοῦμεν,
719 618 771 677 τοῦ
790 612 930 694 ἀληθινοῦ
948 611 1113 697 προβάτου,
1136 611 1173 677 δι’
1194 608 1228 678 οὗ
1247 613 1370 697 ἐλυτρώ-

164 745 266 818 cuper,
279 735 316 800 roi
330 735 470 819 μυστήρια
485 735 725 818 ἀναπληροῦντες.
752 735 915 820 Mystcria
930 734 1033 818 igitur
1049 734 1210 799 facientes
1227 735 1370 821 singulis

164 858 426 924 hebdomadibus
451 857 621 922 christiani
640 858 765 942 pascha
785 855 1015 930 celebrabant;
1041 877 1124 938 quae
1145 856 1305 939 mysteria
1326 897 1370 906 —

165 979 236 1043 scil.
260 1001 362 1044 coena
385 977 550 1043 dominica
570 1015 611 1026 -
633 976 777 1040 Eusebio
797 981 932 1040 auctore
954 995 1068 1038 revera
1084 969 1118 1036 rb
1137 972 1238 1056 πάσχα
1260 985 1367 1042 orant.

166 1100 275 1165 Quare
296 1097 459 1162 Eusebius
479 1096 596 1161 codem
616 1097 714 1160 modo
735 1118 799 1180 quo
820 1093 970 1159 Marcion
992 1094 1180 1174 contendit,
1201 1090 1236 1156 τὸ
1256 1093 1369 1176 πάσχα,

165 1221 205 1284 de
230 1241 294 1303 quo
319 1217 471 1282 Christus
494 1216 577 1279 Luc.
597 1220 648 1294 22,
668 1220 706 1280 15
731 1216 886 1299 loquatur
909 1210 1061 1298 (ἐπιθυμίᾳ
1084 1211 1256 1293 ἐπεθύμησα
1280 1216 1367 1276 τοῦτο

164 1335 197 1401 τὸ
217 1335 317 1418 πάσχα
335 1343 436 1418 φαγεῖν
453 1330 527 1414 μεθ’
551 1332 632 1413 ὑμῶν
656 1329 713 1414 πρὸ
736 1334 787 1396 τσῦ
809 1357 845 1412 με
866 1336 1004 1417 παθεῖν),
1028 1356 1095 1397 non
1118 1333 1219 1399 fnisse
1242 1337 1369 1418 pascha

165 1456 354 1536 Judaioum,
379 1456 437 1521 sed
460 1456 603 1520 salutare
627 1455 704 1520 novi
727 1454 868 1519 foederis
892 1460 1152 1518 sacramentum:
1176 1449 1210 1515 τὸ
1230 1451 1369 1534 σωτήριον

164 1575 318 1658 μυστήριον
335 1578 386 1656 τῆς
403 1576 501 1655 καινῆς
520 1549 663 1655 &acrinus
681 1578 722 1660 (o.
741 1578 797 1659 9.).
836 1577 919 1640 Post
941 1573 1123 1638 Eusebium
1146 1573 1246 1637 simili
1268 1574 1367 1638 modo

166 1699 266 1763 etiam
288 1700 513 1775 Accusamus
536 1697 693 1760 Ismonus
715 1698 945 1774 Pauusrunsrs,
969 1692 1043 1758 alii¹
1067 1715 1204 1757 coenam
1226 1693 1365 1758 domini·

166 1841 237 1883 cam
261 1819 384 1901 pascha
408 1817 689 1901 appellaverunt².

252 1939 403 2020 Apparet
434 1935 553 2018 igitur,
586 1931 620 1995 rt
651 1931 752 2014 πάσχα
785 1933 1002 1998 christianum
1036 1932 1189 1997 omnibus
1224 1932 1368 2016 numeris

165 2055 318 2141 paschati
342 2054 480 2118 Judaico
509 2053 718 2137 respondere.
766 2054 814 2116 Ut
840 2053 957 2117 Judaei
987 2052 1034 2117 sic
1065 2052 1166 2120 etiam
1196 2052 1368 2116 christiani

166 2199 286 2259 agnum
304 2174 494 2257 paschalem
511 2174 647 2251 habent,
661 2173 717 2257 qui
732 2195 790 2259 pro
806 2173 921 2258 populi
936 2171 1082 2257 peccatis
1094 2171 1285 2236 immolatus
1298 2179 1365 2249 est;

166 2294 314 2378 utrisque
331 2314 433 2357 coena
448 2298 509 2372 est,
525 2292 559 2356 in
574 2317 638 2376 qua
651 2294 751 2378 hujus
766 2293 843 2377 agni
858 2315 989 2357 caruem
1003 2293 1119 2357 fideles
1134 2292 1229 2357 edere
1244 2291 1365 2356 solent.

167 2415 277 2479 Quare
300 2435 374 2477 cnm
391 2411 562 2476 christiani
578 2414 693 2478 eodem
711 2413 808 2478 modo
825 2436 889 2498 quo
905 2414 925 2477 J
927 2413 1024 2477 udaei
1039 2412 1200 2476 sollemne
1216 2411 1366 2476 anniver-

166 2533 287 2598 sarium
303 2532 528 2611 instituerent,
546 2533 634 2616 quod
649 2533 818 2618 paschatis
831 2534 904 2597 loco
918 2521 1095 2612 essetjhoc
1109 2531 1206 2596 aliter
1218 2531 1288 2595 fieri
1300 2553 1367 2594 non

165 2652 287 2740 potuit,
309 2651 371 2716 nisi
387 2659 425 2716 ut
440 2651 676 2736 redemptionis
693 2675 751 2737 por
767 2652 937 2717 Christum
953 2652 1050 2717 nobis
1065 2660 1199 2736 paratae
1215 2650 1367 2715 recorda·

165 2781 280 2838 rentur
300 2794 500 2856 coenamque
521 2771 718 2836 dominicam
738 2772 910 2836 abeodem
928 2771 1007 2836 olim
1022 2771 1211 2835 institutam
1226 2768 1367 2834 admini-

166 2901 321 2958 strarent.
347 2890 447 2956 Quod
462 2913 575 2955 revera
590 2890 717 2955 factum
733 2913 815 2970 esse,
834 2891 918 2955 etin
935 2890 1151 2956 orientalibus
1168 2888 1316 2953 ecclesiis
1333 2899 1368 2952 et

165 3013 199 3078 in
220 3011 492 3089 occidentalibus,
510 3010 694 3075 accuratior
708 3011 953 3076 controversiae
969 3008 1135 3094 paschalis
1150 3006 1366 3090 investigatio

165 3156 226 3197 nos
250 3132 396 3197 docebit.

660 3237 874 3247 ——--

252 3337 353 3423 Apud
368 3337 566 3403 Eusebiom⁸
588 3338 684 3402 nobis
700 3336 852 3416 refertur,
869 3335 1030 3400 Vrcrorus
1047 3333 1191 3420 episcopi
1208 3331 1366 3398 Romani*

167 3467 202 3523 et
232 3460 438 3522 Ponroarrrs
471 3456 617 3542 episcopi
648 3456 808 3542 Ephesiui
843 3457 1049 3542 temporibus
1086 3455 1173 3520 inter
1210 3451 1368 3519 ecclesias

254 3632 263 3664 ¹
281 3637 342 3694 vid.
358 3637 588 3706 Hruoanrunn,
604 3627 829 3702 Pautaureir,
847 3654 875 3711 p.
893 3637 966 3708 204,
982 3642 1046 3694 not.

253 3716 317 3780 'ot
341 3723 433 3780 etiam
455 3721 684 3779 celeberrimum
703 3720 781 3778 illud
800 3721 943 3779 'Psonis
962 3724 1146 3790 Aourruuns
1169 3735 1288 3776 carmen
1310 3714 1368 3788 „do

166 3808 332 3867 venerabili
344 3813 530 3866 sacramento
543 3807 576 3864 in
588 3807 666 3864 festo
679 3807 811 3883 corporis
822 3806 967 3879 Christi“,
979 3807 1031 3865 ubi
1043 3807 1116 3864 haec
1130 3807 1250 3862 exstant
1262 3801 1367 3860 verba:

510 3893 548 3951 In
563 3892 619 3950 bac
635 3910 738 3949 mensa
753 3891 824 3949 novi
839 3891 919 3968 regis

511 3979 654 4037 Novum
675 3977 814 4054 pascha
833 3996 928 4035 novas
948 3975 1025 4052 legis

511 4065 608 4124 Pbase
624 4071 711 4122 vetus
726 4064 881 4122 terminat.

253 4145 595 4224 ’fluum-m

254 4232 334 4296 ‘Dc
355 4236 574 4314 antiquissimis
595 4237 801 4294 Romanorum
823 4233 1002 4313 pontificum
1024 4228 1171 4306 catalogis
1195 4226 1367 4305 nuperrime

167 4323 299 4382 L11>s1ur
316 4322 505 4400 sagacissimo
521 4321 705 4400 disputavit;
721 4319 782 4378 vid.
800 4315 863 4377 Die
878 4309 1196 4395 Popatoerzeictairac
1211 4308 1262 4370 des
1272 4307 1367 4371 Erue·
