3160 4976
1404 365 1454 438 23

272 559 309 620 Εί
331 556 363 620 δὲ
387 561 402 620 ό
427 561 604 636 ἐπίσκοπος,
630 555 706 642 παρ’
723 557 748 637 ᾧ
764 561 970 641 τυγχάνουσι,
995 556 1069 641 παρ’
1088 553 1175 617 ου’δίν
1192 555 1394 636 λογισάμενος
1409 553 1464 618 τήν
1487 567 1521 614 ιτ

273 663 343 726 κατ’
368 668 471 728 αὐτῶν
496 665 676 751 ὁρισθεῖσαν
700 666 814 749 ἀργίαν
839 658 957 738 δέξεται
982 667 1095 733 αύτούς
1119 664 1163 733 ὡς
1184 661 1356 745 κληρικούςε
1383 657 1465 742 ἀφο-

271 773 410 858 ριζέοθω
428 775 471 844 ὡς
488 771 676 844 διδάσκαλος
693 768 837 846 ἀταξίας.

274 877 312 942 ‘0
327 879 394 942 δυσί
407 887 522 965 γάμοις
538 880 725 962 συμπλακεὶς
740 885 819 962 μετά
836 884 870 941 τό
887 878 1052 962 βάπτισμα
1068 881 1087 947 ή
1104 875 1262 945 παλλακήν
1278 878 1466 956 κτησάμενος
1485 867 1521 940 ιζ

243 1003 257 1040 ο
275 991 308 1047 ού
329 987 458 1052 δύναται
474 988 549 1051 εἶναι
563 993 755 1060 ίπίσκοποςή
769 986 1006 1073 πρεσβύτεροςή
1021 985 1160 1056 διάκονος
1173 989 1191 1057 ή
1204 985 1284 1055 ὅλως
1298 993 1352 1045 τοῦ
1368 1003 1466 1045 κατα-

272 1093 363 1177 λόγου
380 1106 433 1158 τοῦ
451 1100 610 1180 ἱερατικοῦ.
626 1106 640 1134 ⁰¹

275 1199 312 1262 Ὁ
338 1209 440 1287 χήραν
468 1203 576 1286 λαβὼν
604 1210 623 1276 ή
652 1200 877 1286 ἐκβεβλημένην
905 1203 1071 1285 ήίταίροιν
1097 1205 1116 1270 ἢ
1148 1203 1251 1263 οἰκέτιν
1282 1203 1301 1270 ἦ
1329 1209 1390 1262 τῶν
1420 1201 1467 1260 ἐπί
1487 1216 1520 1280 ιογ

274 1321 385 1380 σκηνῆς
416 1315 449 1372 ού
474 1309 602 1374 δύναται
625 1311 700 1373 εἶναι
718 1314 879 1382 ἐπίσκοπος
900 1315 918 1382 ή
936 1307 1143 1395 πρεσβύτερος
1160 1313 1179 1378 ή
1197 1306 1337 1379 διάκονος
1353 1311 1372 1377 ή
1390 1307 1468 1377 σ’λως

273 1425 326 1477 τσῦ
342 1418 515 1502 καταλόγου
533 1429 584 1481 τοῦ
602 1421 763 1504 ίερατικοῦ.

231 1541 257 1576 ¹⁰
275 1521 314 1585 ‘0
331 1523 384 1586 δύο
401 1524 540 1612 ἀδελφάς
556 1529 753 1611 ἀγαγόμενος
780 1530 798 1596 ή
824 1523 988 1614 ἀδελφιδῆν
1011 1527 1044 1587 σύ
1065 1522 1193 1587 δύναται
1222 1524 1297 1586 εἶναι
1319 1523 1467 1609 κληρικός.
1487 1515 1525 1582 ιό

274 1631 420 1717 Κληρικός
436 1637 553 1717 ίγγύας
570 1628 944 1718 διδοῦςκαθαιρείσθω.θ
1039 1659 1042 1666 ·
1488 1652 1506 1691 κ

363 1793 394 1857 α)
414 1791 485 1852 ζήτει
504 1796 551 1851 τῆς
570 1789 597 1844 δν
616 1793 807 1864 Νεσκαισαρεὶερ
820 1773 1043 1844 συνόδουικανόνα
1061 1796 1086 1852 ς,
1100 1795 1146 1852 τής
1161 1789 1187 1842 ίν
1209 1787 1356 1860 Λαοδικείᾳ
1369 1791 1468 1842 κανόνα

273 1895 299 1939 α,
318 1883 365 1940 τῆς
385 1877 460 1941 ἕκτης
479 1881 575 1933 κανόνα
593 1901 618 1949 γ,
638 1884 684 1932 τού
703 1880 820 1950 μεγάλου
840 1879 983 1931 Βασιλείου
1003 1881 1100 1932 κανόνα
1119 1878 1143 1941 δ,
1164 1877 1202 1949 ιβ,
1224 1898 1251 1941 ιη
1271 1881 1315 1931 καί
1333 1897 1374 1946 νγ.

363 1967 395 2038 β)
410 1974 528 2038 sequitur
541 1974 571 2023 ίιι
587 1975 626 2023 M:
645 1971 764 2040 Σχόλιον.
780 1971 870 2022 Διττόν
881 1971 909 2022 τό
920 1965 968 2031 τῆς
977 1967 1074 2038 ἰγγύης
1084 1975 1201 2042 πρᾶγμα.
1212 1969 1315 2037 λέγεται
1326 1971 1376 2041 γάρ
1388 1967 1470 2038 ίγγύη

272 2059 301 2109 τό
321 2055 373 2111 ἀπό
392 2061 462 2119 τινός
480 2078 539 2113 τινα
558 2059 752 2114 οἰκειώσασθαι
769 2062 814 2112 καί
834 2056 977 2129 ἀναλαβεῖν
1002 2063 1049 2111 τοῦ
1073 2062 1109 2128 μή
1136 2057 1284 2132 ἀποδράναι
1302 2058 1396 2130 χάριν,
1428 2057 1472 2110 ἵνα

273 2147 350 2200 πάλιν
369 2146 439 2218 δοθῇ
457 2153 495 2220 τῷ
514 2150 692 2222 παραθεμίνῳ
710 2147 761 2202 ιλπό
780 2151 826 2200 τοῦ
840 2145 1105 2218 ἀναλαμβανσμίνον·
1127 2147 1142 2200 ό
1160 2150 1259 2218 γίνεται
1274 2148 1340 2202 ίπάν
1354 2146 1470 2201 ὕποπτον

272 2235 337 2308 ᾐτδ
356 2236 520 2308 ίκδιδύμινον
540 2239 682 2311 πρόσωπον
702 2241 766 2291 καθ’
787 2232 819 2290 οὔ
837 2237 855 2299 ή
876 2235 957 2305 ἒγγύη
976 2237 1088 2305 λέγεται.
1108 2241 1152 2292 καί
1172 2237 1262 2298 ἄλλως
1289 2239 1368 2292 πάλιν
1388 2237 1470 2306 ε’γγύη

271 2327 300 2378 τό
320 2327 384 2399 πρό,-
403 2330 540 2391 συνθήκην
559 2331 617 2380 τινά
637 2332 681 2381 καί
701 2327 844 2397 ὁμολογίαν
863 2326 1034 2389 κατακλείειν,
1055 2325 1092 2388 ὡς
1113 2327 1135 2381 εί
1154 2327 1213 2381 τόδε
1233 2327 1391 2390 ἀπαντήσοι,
1410 2327 1470 2381 τόδε

272 2415 395 2484 πάσχτιν·
428 2414 465 2478 ὡς
497 2418 566 2492 εἴπερ
598 2419 622 2472 εἶ
651 2436 691 2478 τις
723 2417 877 2471 διατείνοιτο
902 2413 925 2466 εί
952 2413 1009 2468 ὕσει
1035 2417 1072 2476 είς
1097 2420 1144 2478 τήν
1168 2415 1270 2490 αὔριον,
1299 2415 1377 2469 τοῦδέ
1400 2435 1470 2477 τινος

272 2501 433 2568 ἀξιοῦσθαιζ
451 2507 498 2566 τὴν
517 2509 564 2575 μίν
584 2501 630 2558 οὖν
654 2508 760 2579 πρώτην
786 2503 882 2574 όγγύην
911 2503 942 2556 ού
965 2507 1043 2572 μόνον
1069 2503 1115 2556 οὐκ
1141 2503 1303 2576 ἀπόβλητον,
1329 2505 1401 2558 ἀλλά
1426 2509 1471 2560 καί

273 2590 408 2656 ίπαενετήν
427 2593 504 2664 ἴσμεν
523 2599 567 2648 καῖ
585 2601 643 2656 τοῖς
660 2595 849 2655 παλαιοτάτοις
868 2600 921 2648 τῶν
941 2596 1058 2668 πατίρων
1078 2593 1195 2662 εὔλογον.
1213 2596 1239 2646 τί
1258 2596 1309 2665 γάρ
1323 2593 1468 2648 σπουδαιό-

272 2699 345 2754 τερον
363 2687 410 2735 τοῦ
428 2687 476 2746 τήν
495 2685 587 2754 ψυχήν
607 2683 671 2757 ὑπὲρ
690 2689 742 2738 τῶν
762 2685 894 2754 ὁμογενῶν
913 2688 957 2738 καί
977 2684 1095 2756 φυλετῶν
1108 2685 1211 2736 θεῖναι·
1233 2687 1281 2745 τήν
1298 2683 1327 2737 δὲ
1347 2683 1469 2754 δευτέραν

271 2774 325 2823 τῶν
344 2772 483 2845 σφαλερῶν
502 2772 571 2842 ἄγαν
590 2778 634 2826 καί
653 2772 815 2845 ἀποβλήτων
835 2777 878 2828 καί
898 2777 963 2846 πρός
983 2771 1058 2826 οὐδὲν
1074 2771 1159 2844 ἕτερον
1172 2773 1189 2836 ή
1203 2775 1268 2846 πρός
1280 2772 1469 2846 ἀποκλήρωσον

198 2901 201 2908 .
272 2865 315 2913 καῖ
334 2861 421 2931 τύχην
441 2865 485 2915 καί
504 2865 532 2915 τό
552 2864 653 2916 τούτων
672 2862 814 2932 αἴσχιστον
834 2865 958 2932 μαντείαν
977 2862 1187 2924 ἀποκλίνουσαν,
1221 2861 1236 2914 ό
1264 2865 1307 2916 καί
1326 2861 1469 2935 βλαβερώ-

272 2967 349 3002 τατον
369 2954 452 3013 πάντη
471 2953 628 3014 καθίστηκε.
647 2953 672 3006 τί
691 2953 783 3025 γάρτί
804 2957 910 3025 πονηρῷ
930 2951 1035 3021 δαίμονι
1056 2951 1261 3024 συνεργούμενον
1280 2953 1309 3005 εδ
1335 2951 1468 3021 ἐγγυηάῖν

273 3037 359 3100 οὕτως
378 3038 542 3112 ίπισυμβαίη
560 3040 668 3113 βλάβης
687 3041 768 3095 ἕνεκεν
787 3047 840 3095 τῶν
854 3041 1033 3111 ίγγυομίνωνγ
1056 3044 1132 3092 τοῦτο
1153 3035 1199 3092 οὖν
1212 3040 1401 3112 ἀπαγορεύειή
1417 3059 1468 3093 πα-

272 3133 358 3201 ροῦσα
376 3129 434 3204 ίερά
454 3130 574 3197 διάταξις
593 3131 631 3192 ὡς
650 3133 780 3204 σφαλερόν
798 3131 842 3184 καλ
859 3131 960 3200 μᾶλλον
971 3130 1063 3200 ὶδνική
1083 3129 1190 3192 κληδόνι
1209 3129 1315 3192 ἀνήιον,
1329 3127 1392 3198 σύχῖ
1405 3148 1467 3202 χρε-

273 3224 386 3272 οτιανῶν
405 3219 536 3291 εὐσεβείᾳ.
557 3220 673 3274 δείκνυσι
691 3223 721 3273 τό
739 3225 786 3273 τοῦ
806 3219 884 3293 ἔργον
903 3222 1028 3290 θεομισίς
1047 3219 1060 3272 ὁ
1080 3223 1169 3292 κριτής
1186 3216 1294 3290 Ἰεφθάε
1307 3223 1351 3272 καί
1364 3219 1393 3272 τό
1407 3221 1468 3273 κατ’

273 3305 353 3360 αὐτόν
372 3307 415 3361 ε’πῖ
434 3315 466 3379 τῇ
486 3309 597 3381 φιλτάτη
618 3312 715 3372 πάθος,
736 3308 798 3383 ὅπερ
818 3311 840 3362 εί
859 3313 903 3362 καί
922 3314 959 3379 μή
977 3327 1048 3370 τινος
1065 3311 1132 3382 πρός
1152 3309 1248 3378 ίγγύην
1268 3307 1468 3380 ἐκβιαζομένου,

273 3396 333 3449 ἀλλ’
355 3391 402 3448 οὖν
420 3401 485 3470 πρός
503 3403 550 3460 τήν
569 3399 651 3452 αὐτοῦ
669 3401 776 3469 γνώμην
795 3401 983 3469 κατεγγυηθίν,
1015 3399 1057 3452 ίπί
1087 3404 1164 3452 τοῦτο
1183 3398 1288 3472 προῦβη
1319 3405 1400 3452 κακοῦ
1432 3398 1468 3460 ῶς

271 3491 325 3546 τοῖς
344 3486 436 3548 ἀλλοις
452 3487 628 3558 φυλάξασθαι
647 3493 703 3549 τοῖς
721 3490 856 3558 μετέπειτα
875 3490 958 3543 πολὺν
976 3490 1055 3558 λόγον
1075 3495 1235 3563 παρασχεῖν.
1255 3493 1300 3542 καί
1309 3509 1333 3542 1ι·
1341 3489 1370 3542 δυ’
1380 3495 1412 3559 τῇ
1424 3508 1466 3542 τε-

272 3579 353 3649 τάρτη
374 3576 402 3631 δί
422 3577 517 3649 πράξει
536 3584 589 3632 τῶν
609 3579 636 3632 ίν
656 3578 804 3642 Χαλκηδόνι
824 3579 1000 3652 πραχθέντων
1020 3579 1094 3643 καίή
1114 3580 1178 3650 ἁγία
1191 3579 1302 3639 σύνοδος
1314 3583 1358 3633 καί
1372 3579 1397 3631 σί
1416 3597 1465 3632 συ-

272 3665 434 3739 νεδρεύοντες
447 3667 537 3728 αὐτοῖς
558 3665 723 3733 ἐνδοξότατοι
743 3668 871 3741 ἄρχοντες
890 3668 1051 3732 διελάλησαν
1065 3673 1126 3732 τοῦς
1136 3671 1294 3739 αίγνεττίους
1305 3669 1465 3729 ίπισκόπονς

272 3755 369 3825 ε’γγὺας
388 3757 558 3830 προσεδρείας
571 3762 719 3830 παρασχεῖν
738 3757 755 3822 ἦ
774 3759 874 3812 τούτων
886 3759 1049 3834 ἀποροῦντας
1062 3759 1200 3829 ἐξωμοσία
1212 3759 1465 3818 καταπιστευθήναι.

272 3843 323 3897 ὅσα
341 3845 429 3912 μέντοι
450 3847 594 3908 πολιτικοῖς
611 3849 701 3917 νόμοις
720 3852 777 3921 περὶ
796 3849 892 3902 τούτου
912 3849 1022 3922 εἴρηται,
1036 3847 1156 3921 εόρήσεες
1175 3847 1202 3901 όν
1220 3851 1259 3916 τῷ
1277 3845 1312 3899 λδ
1329 3845 1465 3917 κεφαλαίῳ

271 3937 318 3985 τού
336 3937 358 3987 3
376 3936 465 3988 τίτλον
484 3939 531 3989 τοῦ
551 3939 677 4010 παρόντος
696 3936 847 4010 βιβλίου-ε,
863 3936 984 4010 εὑρήσεις
1002 3936 1030 3990 δί
1051 3937 1093 3990 καί
1114 3937 1141 3990 ίν
1159 3942 1241 4009 νεαρᾷ
1259 3954 1315 4007 ρκγ,
1333 3934 1464 4007 βιβλίῳγ

271 4029 322 4076 τῶν
341 4023 498 4097 βασιλικῶν,
518 4027 599 4096 τίτλῳ
620 4047 645 4088 α,
662 4027 798 4098 κεφαλαίῳ
817 4027 856 4080 λθ
875 4031 918 4081 καί
932 4048 959 4097 μ.
979 4031 1061 4082 schol.
1075 4031 1122 4078 Μο
1134 4029 1211 4094 signo
1226 4043 1250 4077 «t-
1263 4029 1297 4078 οδ
1314 4028 1425 4078 alterum
1439 4044 1462 4076 ο

271 4117 405 4168 inve-nitur
424 4121 503 4170 etiam
523 4121 551 4168 in
570 4137 606 4180 m,
628 4121 680 4170 nisi
699 4121 771 4185 quod
789 4116 817 4170 δί
834 4121 924 4183 abest,
948 4115 1108 4186 χαλκηδόνει
1128 4119 1253 4168 scribitur
1271 4123 1299 4168 οί
1317 4113 1343 4168 δί
1363 4114 1463 4176 ε’λάλη-

270 4221 328 4264 σαν,
343 4205 509 4277 προσεδρίας.
523 4202 666 4274 ε’ξωμόσια,
681 4207 767 4274 μέντοι
780 4211 837 4267 τοῖς
847 4207 915 4267 πολ,
929 4207 1035 4276 ήρήσις
1048 4223 1096 4272 pro
1107 4201 1227 4275 εὑρήσεις
1237 4213 1264 4258 σε
1273 4203 1366 4258 ίνάτσυ
1377 4207 1464 4270 pro-5.

353 4352 361 4388 ί
374 4347 420 4390 διν
430 4351 459 4400 Η,
474 4352 576 4399 agnoseit
589 4363 653 4390 m.-
664 4349 784 4400 ίιείσιιοπος,
796 4347 817 4414 ᾤ
828 4351 1015 4404 παρατυγχάνοντῖ
1030 4351 1058 4389 ῖί.
1074 4371 1100 4379 -
1115 4346 1254 4403 τυγχάνουσιν
1270 4349 1295 4388 G.
1312 4367 1338 4376 -
1352 4345 1463 4402 ἦῖλῦόμε-

270 4434 305 4466 νος
320 4423 346 4470 C,
366 4421 507 4478 λογισάμενος
522 4435 542 4462 ε.
558 4442 585 4452 ·-
605 4425 617 4462 2
638 4421 713 4478 ἀργίαν
727 4435 753 4464 ιν
767 4435 801 4474 m,
824 4425 865 4464 εοό
884 4425 957 4464 serlus
977 4424 1001 4462 ln
1022 4423 1122 4463 eiusdem
1142 4422 1242 4470 πιετςίιιο
1261 4421 1361 4460 εδιῖίιιιειι
1380 4423 1421 4459 ονε.
1438 4441 1460 4448 -

270 4489 356 4546 δίξηεειι
371 4494 396 4544 Ο,
412 4492 496 4544 δίξεται
510 4507 529 4535 ο.
545 4516 571 4524 -
587 4495 598 4536 ί
614 4492 700 4547 οίκίτην
714 4497 741 4545 Ρ,
757 4497 837 4536 τινι-Μ.
853 4517 879 4525 -
896 4497 921 4535 10
936 4493 1033 4546 ἀδελφήν
1049 4495 1114 4542 Μιιιτ,
1134 4493 1174 4534 sed
1189 4494 1210 4531 ln
1226 4493 1326 4540 margine
1341 4491 1362 4531 Μ
1376 4503 1411 4545 γρ.
1427 4493 1462 4530 ιιειί

270 4561 395 4618 ἀδελφιδήν.
412 4567 478 4606 onam
493 4579 514 4606 ιτι
530 4579 542 4607 ο
557 4574 683 4606 correctore
700 4564 826 4620 ἀδελφιδῆν,
