3052 4974
117 415 173 466 αδ
1219 423 1239 484 7

76 591 101 640 οι
119 581 267 663 δεσμεῖν.
305 581 389 646 ἔσται
411 579 451 645 δέ
466 596 519 645 σοι
538 576 604 663 πρὸ
626 575 816 663 ὀφθαλμῶν
837 579 1018 664 γινώσκειν
1041 585 1055 669 ΙΙ
1085 586 1122 649 τί
1137 583 1241 667 νόμος

117 679 265 765 φυσικὸς
292 679 349 746 καί
375 683 411 746 τί
440 678 480 745 τά
504 687 521 724 *
543 684 602 766 τῆς
620 679 866 766 δευτερώσεως,
881 682 922 746 τά
942 706 981 748 τε
1002 684 1039 748 ἐν
1064 687 1106 770 τῇ
1127 685 1240 773 ἐρήμῳ

117 793 189 860 τοῖς
219 780 485 866 μοσχοποιήσασι
514 781 661 848 δοθέντα
689 782 878 848 ἐπείσακτα.
924 776 1026 868 νόμος
1051 783 1116 870 γάρ
1146 788 1239 852 ἐστιν

118 879 141 949 δι’
171 882 315 967 ἐλάλησε
343 881 460 970 κύριος
488 879 506 949 ὁ
529 880 611 960 θεὸς
632 881 698 967 πρὸ
718 887 779 950 τοῦ
802 882 862 950 τὸν
891 883 975 950 λαδν
995 887 1239 972 είδωλολατρῆ-

119 1002 177 1052 σαι
198 993 232 1068 *,
257 981 352 1050 τοῦτ’
375 987 467 1050 ἐστιν
485 985 506 1070 τΙ
529 984 720 1069 δεκάλογος.
766 982 789 1051 ά
811 987 849 1052 δὲ
870 985 1102 1072 ἁμαρτήσασιν
1124 986 1271 1066 αύτολςε

118 1088 262 1172 ἐπετέθη
288 1086 411 1170 δεσμά,
441 1085 485 1152 σύ
514 1086 622 1173 ἑαυτῷ
645 1084 689 1171 μιΙ
719 1080 898 1174 ἐκισπάση.
943 1084 1053 1175 ὁγάρ
1082 1087 1194 1175 σωτήρ
1221 1091 1238 1130 *

116 1187 216 1274 ήμῦν
238 1185 279 1254 ού
299 1186 344 1254 δι’
368 1186 484 1272 ἕτερόν
504 1209 537 1254 τι
555 1179 664 1273 ἦλθεν
685 1183 708 1272 ή
735 1190 793 1255 ’ίνα
817 1191 834 1230 *
863 1188 1024 1276 πληρώση
1050 1189 1110 1256 τδν
1132 1191 1240 1275 νόμον

118 1289 176 1358 καί
202 1287 283 1368 τούς
310 1289 486 1374 προφήτας
517 1289 574 1356 καί
599 1288 640 1355 τά
667 1288 773 1374 δεσμά
807 1295 866 1376 τής
898 1292 1132 1378 δευτερώσεως
1169 1297 1238 1360 τών

118 1391 329 1460 ἐπεισάκτων
345 1387 369 1475 ή
386 1388 499 1476 παύση
533 1384 557 1474 ή
573 1391 715 1478 μεταθῇ.
750 1391 806 1458 διδ
824 1391 889 1480 γάρ
908 1396 1007 1460 τοῦτο
1023 1395 1238 1481 προσκαλού-

117 1517 222 1580 μενος
243 1490 331 1579 ἡμᾶς
355 1495 470 1576 ἔλεγεν
490 1495 599 1558 Δεῦτε
623 1494 651 1572 *,
686 1493 809 1572 πάντες
831 1496 868 1560 οί
889 1499 1073 1572 κοπιῶντες
1096 1496 1154 1562 καί
1178 1515 1289 1566 ate-10

117 1595 357 1684 φορτισμένοι,
389 1591 479 1678 κάγώ
502 1592 688 1662 ἀναπαύσω
711 1591 805 1679 ύμάς.
843 1595 886 1662 σύ
905 1585 968 1662 οὖν
988 1593 1159 1680 ἀναγνούς
1179 1597 1239 1664 τὸν

119 1699 244 1784 νόμον,
279 1696 466 1780 σύμφωνον
494 1694 574 1762 ὄντα
594 1701 642 1783 τῷ
665 1694 848 1785 εὐαγγελίῳ
871 1697 928 1763 καί
948 1703 1020 1774 τοῖς
1039 1697 1237 1785 προφήταις,

118 1800 333 1884 ἀναγίνωσκε
353 1795 410 1864 καί
430 1795 489 1874 τάς
511 1800 725 1881 βασιλείους,
753 1795 841 1876 ὅπως
866 1799 989 1864 είδέναι
1011 1801 1098 1884 ἔχοις
1120 1796 1239 1866 ὁκόσοι

117 1905 246 1970 δίκαιοι
269 1901 424 1984 ἐγένουτο
444 1901 602 1983 βασιλείς,
623 1898 680 1966 καί
694 1897 892 1985 ηὐξήθησαν
909 1896 977 1966 ύπδ
995 1902 1057 1967 τοῦ
1065 1905 1162 1984 θεοῦ,
1182 1901 1239 1968 καί

117 2003 138 2092 ή
163 2004 346 2088 ἐπαγγελίαι
373 2004 432 2085 τῆς
450 2002 591 2066 αίωνίου
619 2006 702 2087 ζωῆς
729 1999 843 2078 αὐτοῖς
863 2003 1008 2087 διέμεινε
1030 2001 1111 2087 παρ’
1135 2000 1237 2090 αὐτῷ,
1258 2023 1289 2077 15

117 2107 193 2176 ὅσοι
223 2105 261 2171 δέ
286 2105 435 2188 βασιλείς
455 2102 702 2189 ἐξεπόρνευσαν
720 2101 788 2170 ἀπὸ
805 2107 892 2170 θεοῦ
909 2104 947 2170 ἐν
969 2101 1157 2191 ἀποστασία
1175 2101 1238 2170 αύ-

117 2213 201 2292 vav,
222 2203 396 2289 συντόμως
417 2202 593 2272 ἀπώλοντο
614 2208 656 2290 τῇ
674 2209 736 2270 τοῦ
751 2208 838 2271 θεοῦ
857 2207 1085 2293 δικαιοκρισία
1101 2203 1159 2272 καί
1180 2209 1239 2291 τῆς

118 2308 227 2378 αύτοῦ
246 2311 329 2391 ζωής
356 2306 604 2392 ἐστερήθησαν,
630 2305 707 2374 ἀντί
730 2305 951 2385 ἀναπαύσεως
974 2310 1116 2374 αίιονίαν
1135 2307 1238 2374 κόλα-

117 2429 176 2480 σιν
196 2407 460 2495 κληρωσάμενοι.
504 2412 610 2474 ταῦτα
632 2399 696 2474 οῦν
718 2407 981 2494 ἀναγινώσκων,
1015 2405 1102 2475 πολύ
1120 2412 1162 2492 τή
1181 2413 1237 2474 πί-

118 2532 191 2583 στει
207 2509 367 2596 αὐξηθείς
378 2510 720 2598 προσοικοδομηθήση
739 2515 878 2597 χριστῷ,
893 2501 941 2576 οῦ
956 2513 1052 2594 σώμα
1070 2509 1126 2574 καλ
1140 2511 1239 2594 με’λος
1255 2529 1289 2580 κο

118 2614 307 2700 τυγχάνεις.
338 2615 533 2696 περιπαιῷν
555 2612 593 2678 δὲ
615 2614 653 2678 ἐν
674 2617 716 2698 τή
737 2612 846 2700 ἀγορᾷ
867 2613 924 2678 καλ
945 2611 1136 2678 λούσασθαι
1153 2615 1238 2696 βου-

119 2717 262 2801 λόμενος
282 2713 388 2799 χρήση
409 2717 579 2801 βαλανείῳ
595 2711 750 2802 ἀνδρείῳ,
772 2716 830 2781 ἳνα
847 2713 892 2800 μή
910 2713 968 2780 διδ
986 2713 1024 2779 τὸ
1046 2713 1239 2780 ἐπιδεικνύ·

119 2845 177 2887 ναι
205 2815 244 2884 τὸ
265 2819 360 2900 σώμα
387 2816 425 2882 ἐν
446 2812 624 2902 ἀσχημόνῳ
650 2814 862 2895 ἀποκαλύψει
885 2813 1041 2900 γυναιξὶν
1066 2810 1238 2900 ήθεάσα-

117 2927 203 2988 σθαι
230 2919 317 2985 θέαν
346 2913 407 3001 οῦχ
434 2913 646 3001 ἁρμόζουσαν
679 2915 847 3004 ἀνδράσιν
869 2913 892 3004 ή
917 2917 961 2984 σύ
983 2912 1239 3002 παγιδενθήςή

118 3019 328 3108 παγιδεύσης
342 3017 399 3086 ἐπὶ
412 3019 545 3105 σεαυτῷ
559 3021 586 3084 *.
620 3009 799 3104 φυλάσσου
815 3009 879 3086 ούν
895 3019 1100 3102 τὰτοιαῦτα,
1120 3019 1178 3083 ἵνα
1191 3015 1235 3101 μή
1254 3035 1288 3086 νο

186 3247 202 3296 τ
220 3243 310 3296 κιαι
328 3243 354 3308 ε,
374 3241 404 3293 ιι
420 3243 424 3306 ι
442 3241 474 3294 ιο
491 3243 580 3294 Mam]
602 3242 640 3307 ιι,
660 3243 693 3294 νε

116 3453 133 3502 λ
153 3443 204 3502 διὰ
221 3445 256 3513 «Ι-
273 3463 316 3512 wy
336 3443 372 3513 13
389 3438 633 3513 μοιχοτοιήσασιν
644 3463 680 3511 xy
695 3443 700 3514 Ι
716 3437 884 3498 θέπίτακτα
897 3461 914 3496 x
929 3441 933 3511 Ι
948 3437 1035 3497 δέστι
1054 3450 1065 3494 ι
1080 3441 1085 3511 Ι
1100 3446 1117 3494 4
1134 3432 1236 3508 ἀκεγ,

118 3533 185 3588 τίνα
200 3539 213 3586 ι
228 3531 233 3601 Ι
247 3534 265 3583 4
278 3523 415 3598 ἐλάλησεν
427 3548 462 3596 xy
475 3529 480 3595 Ι
494 3533 519 3586 4.
531 3532 548 3582 5
561 3526 796 3598 είδολολατρήσαι
809 3547 843 3594 w,
862 3525 1095 3594 είδολολατρίσαι
1107 3547 1125 3581 x
1140 3525 1145 3596 Ι
1160 3529 1176 3580 5
1189 3525 1239 3580 καί

117 3615 328 3686 μοσχονοιήσαι
351 3609 402 3668 τὸν
423 3609 495 3681 παρ’
518 3611 681 3682 αίχνπτίοις
698 3606 778 3668 'Am
794 3614 828 3679 -Ι-
847 3621 858 3666 t
883 3611 888 3682 Ι
912 3613 972 3666 5.ss
995 3606 1120 3680 ἐπετέθη
1139 3606 1238 3674 αύτοίς

118 3703 188 3772 γΙδ
206 3701 316 3770 σεαυτῷ
333 3706 345 3751 t
360 3699 365 3768 Ι
379 3701 397 3752 δ
413 3699 462 3754 καλ
481 3694 551 3760 θεὸς
568 3701 602 3766 -Ι-
619 3719 642 3752 w
659 3698 694 3768 17
713 3695 831 3768 δύσηται
844 3692 911 3760 τούς
927 3691 1087 3760 ὑποδίκους
1104 3697 1155 3766 τής
1166 3691 1238 3750 ἀπο·

118 3784 252 3856 κειμένης
270 3777 357 3854 ἀργῆς
375 3783 425 3838 καί
441 3784 475 3849 -Ι-
494 3779 677 3852 ιΙδπαύσιι
695 3803 718 3836 w
734 3784 738 3852 Ι
757 3785 787 3836 λθ
806 3779 882 3850 ἔλεγε
899 3783 930 3852 ιΙ
949 3784 979 3835 10
996 3776 1067 3848 πρὸς
1084 3777 1120 3848 με’
1137 3782 1235 3852 -Ι-γλΙ

120 3875 152 3928 13
171 3872 319 3938 βασιλείας
334 3887 352 3937 y
367 3869 372 3938 Ι
390 3871 420 3924 13
439 3866 512 3938 ἔχεις
529 3869 613 3937 κεΥΙ
636 3869 665 3921 14
684 3862 876 3937 ηύξήνθησαν
893 3887 916 3920 w
937 3867 941 3935 Ι
964 3870 995 3920 14
1010 3868 1062 3920 τοῦ
1078 3873 1113 3933 >
1131 3873 1162 3933 γλ
1180 3865 1186 3936 Ι
1208 3869 1239 3920 15

117 3953 293 4025 ἐιαγγελεία
311 3973 333 4008 w
354 3954 360 4023 Ι
384 3957 414 4007 15
432 3951 577 4022 διέμεινεν
594 3973 629 4020 xy
649 3953 655 4022 Ι
677 3955 707 4006 18
725 3951 845 4007 αἰώνιον
857 3972 880 4005 w
900 3953 905 4022 Ι
927 3954 958 4006 19
970 3947 1176 4020 κληροσάμενοι
1189 3971 1213 4003 w
1232 3949 1236 4016 Ι

118 4044 153 4098 20
164 4034 329 4110 αάξηθήσει
344 4038 394 4092 καλ
412 4033 713 4108 προσοικοδομηθήσει
726 4058 749 4090 w
764 4039 769 4106 Ι
784 4039 818 4090 '20
835 4031 1135 4106 προιοικοδομηθήσει
1153 4038 1239 4088 etiam

118 4127 203 4198 yl2l
223 4119 368 4194 τνγχάνης
385 4124 476 4194 ΥΙ22
495 4126 622 4193 βαλανίω
640 4131 670 4190 γι
695 4122 699 4191 Ι
723 4127 755 4176 22
774 4116 895 4188 ἀνδρίαι
915 4142 946 4188 w,
966 4115 1076 4188 α’νδρίω
1093 4120 1135 4188 γΙ
1161 4114 1238 4172 22τό

117 4219 181 4280 ιγί,
200 4211 253 4264 τοῦ
271 4210 319 4278 w!
345 4213 378 4264 ’λθ
395 4205 426 4264 τὸ
444 4229 495 4274 wx,
515 4225 545 4263 σε
563 4217 593 4276 γι
620 4209 624 4278 Ι
651 4211 684 4261 23
705 4201 823 4276 ἀσχήμω
841 4216 871 4274 γι
896 4207 900 4274 Ι
924 4211 956 4259 ‘2⁴
978 4206 1168 4274 παγιδενθεις
1190 4221 1207 4255 x
1232 4204 1235 4268 Ι

117 4299 151 4351 2⁶
169 4289 356 4364 καγιδεύσεις
378 4313 395 4346 1
419 4295 425 4361 Ι
452 4297 485 4348 25
506 4295 599 4361 σαυτῷ
616 4303 646 4360 yt
667 4292 671 4362 Ι
692 4296 725 4346 25
742 4287 793 4354 τάς
812 4284 901 4354 οὕτως
920 4284 1078 4351 εὐαλώτους
1097 4292 1238 4356 γυναῖκας

117 4382 151 4450 -Ιι
168 4388 180 4434 t
200 4383 205 4438 1
223 4383 259 4433 25
277 4397 313 4433 να
332 4387 344 4432 t
