2994 4972
288 413 349 478 142
1282 409 1287 418 ’
1341 425 1355 461 ι
1373 408 1406 460 1-1

286 599 406 660 χοντος
424 575 517 661 Μήτι
532 575 618 660 έχω’;
638 575 694 641 καλ
716 581 777 642 τοῦ
797 581 920 662 κυρίου
935 577 1145 658 σιωπῶντος,
1164 573 1314 652 ἀναστὰς
1327 575 1406 659 ἔχω’,

287 671 631 762 εἶς*το1νδω’δειια,*
644 677 849 762 φιλούμενος
863 675 920 743 ὑπ’
937 675 1043 742 αὐτοῦ
1059 681 1178 743 πλεῖον
1192 681 1262 742 τῶν
1278 675 1406 758 ἄλλων,

288 780 586 867 ἐνστερνισάμενος
608 779 711 847 αὐτὸν
735 781 885 846 ἱκέτευον
900 781 918 820 *
933 782 1040 846 είπείν
1062 783 1111 856 τίς
1128 773 1239 864 ἀνείη
1256 775 1275 844 6
1291 803 1405 862 παρα-

286 881 407 948 δείσων
427 879 548 948 αὐτόν·
573 880 629 948 καὶ
645 880 718 948 οὐδ’
741 881 847 958 οὕτως
865 888 1002 966 είρηιιεν
1014 877 1096 966 ήμίν
1116 878 1223 946 αὐτοῦ
1236 879 1275 946 τό
1297 879 1407 964 ὄνομα

252 981 305 1052 οὸ
331 981 460 1067 ἀγαθός
486 983 617 1070 κύριος,
646 984 731 1050 ἀλλὰ
754 984 816 1050 δόο
839 995 959 1069 σημεῖα
986 987 1047 1048 τοῦ
1072 982 1241 1067 προδότου
1264 985 1407 1058 ἔδωκεν,

287 1087 325 1150 ’ἐν
350 1092 413 1169 μὲν
440 1083 545 1151 είπιόν
567 1083 602 1151 Ὁ
626 1085 877 1172 ἐμβαπτόμενος
903 1083 976 1170 μετ’
1001 1084 1085 1169 ἐμοῦ
1112 1085 1151 1151 ἐν
1173 1090 1219 1172 τῷ
1241 1088 1406 1172 τρυβλίῳ,

287 1187 447 1271 δεύτερον
473 1188 512 1252 δέ
532 1179 585 1253 Ὧι
610 1187 673 1272 ἐγω
697 1191 714 1228 *
736 1191 847 1273 βάψας
869 1185 907 1252 τό
929 1191 1061 1272 ψωμίον
1084 1186 1247 1252 ἐπιδώσω.
1294 1191 1408 1252 καίτοι

287 1287 447 1354 κάκείνου
466 1291 621 1374 λέγοντος
642 1289 734 1376 Μήτι
758 1291 823 1375 ἐχιό
842 1292 872 1372 *,
897 1289 1013 1373 ραββίς
1042 1287 1105 1354 οὐκ
1129 1283 1223 1354 εἶπεν
1244 1286 1263 1353 ὁ
1286 1289 1409 1374 κύριος

287 1389 336 1456 ότι
356 1395 441 1474 Ναί,
465 1390 540 1456 ἀλλ’
564 1391 614 1457 ὃτι
641 1391 694 1458 Σὺ
715 1388 821 1468 εἶπας·
846 1391 902 1456 καὶ
923 1394 1071 1476 φοβῆσαι
1093 1389 1197 1456 αὐτόν
1219 1389 1275 1456 έπλ
1296 1391 1409 1478 τούτῳ

238 1511 269 1562 10
286 1495 484 1577 βουληθείς,
508 1493 613 1579 φησὶν
638 1492 724 1559 Οὐαὶ
745 1499 791 1582 τῷ
808 1491 1137 1581 ἀνθρώπῳέκείνῳ,
1161 1491 1207 1557 δι’
1229 1483 1310 1558 οὖό
1333 1491 1409 1570 υἱός

286 1599 346 1662 τοῦ
363 1595 550 1681 ἀνθρώπου
573 1597 808 1678 παραδίδοται·
845 1593 950 1659 καλὸν
971 1585 1015 1680 ήν
1039 1593 1146 1682 αὐτῷ,
1168 1598 1199 1660 εί
1220 1593 1282 1661 οὐκ
1307 1595 1408 1678 ἐχεν-

285 1697 385 1782 νήθη.
430 1700 573 1764 *ταῦτα
595 1697 759 1781 ἀκούσας,
781 1695 944 1762 ἀπελθόν
966 1693 1060 1762 εἶπεν
1088 1709 1157 1774 τοῖς
1191 1697 1341 1784 ἱερεῦσιν
1367 1701 1412 1763 Τί

285 1800 403 1866 θέλετέ
428 1825 485 1884 μοι
517 1801 655 1884 δοῦναι,
691 1798 783 1884 κάχά
812 1793 894 1883 ὑμῖν
922 1797 1026 1864 αὐτόν
1058 1799 1265 1884 παραδώσως
1299 1801 1337 1863 οί
1367 1801 1407 1864 δὲ

286 1905 431 1985 ἔστησαν
453 1900 545 1988 αὐτῷ
565 1903 745 1984 τριάκοντα
768 1900 920 1988 ἀργόρια.
952 1899 1042 1966 *καὶ
1061 1901 1103 1987 τῇ
1124 1902 1254 1986 πέμπτῃ
1271 1899 1405 1986 φαγόν-

237 2021 268 2072 15
286 2025 339 2078 τες
362 2001 440 2086 παρ’
465 2000 555 2090 αὐτῷ
577 1999 614 2068 τό
637 2005 764 2088 πάσχα,
791 2004 963 2088 βάψαυτος
986 2002 1120 2068 ἐκείνου
1143 2000 1204 2087 τήν
1234 2015 1331 2087 χεῖρα
1358 2007 1409 2080 είς

285 2101 324 2168 τό
342 2106 505 2190 τρυβλίον
525 2103 581 2170 καλ
601 2103 639 2169 τὸ
658 2109 792 2189 ψωμίον
807 2105 969 2189 λαβόντος
985 2104 1041 2170 καλ
1060 2104 1256 2183 ἐξελθόντος
1269 2107 1406 2188 νυκτός,

283 2201 366 2290 ἡμίν
387 2201 480 2271 εἶπεν
501 2203 520 2271 ό
541 2205 658 2293 κύριος
675 2205 861 2292 Ἐλήλυθεν
881 2203 902 2291 ή
924 2205 996 2292 ἀρα
1017 2208 1074 2270 ἵνα
1095 2212 1325 2291 σκορπισθῆτε
1348 2207 1408 2272 καὶ

287 2307 344 2392 ἐμὲ
366 2308 474 2391 μόνον
491 2307 614 2393 ἀφῆτε·
640 2308 696 2374 καλ
718 2309 862 2374 έκάστου
884 2309 1172 2392 διισχυριζομένου
1191 2307 1236 2394 μή
1260 2309 1408 2393 ἐγκατα-

285 2414 397 2488 λείψαι
416 2408 530 2494 αὐτόν,
554 2411 637 2495 ἐμοῦ
647 2413 665 2450 *
676 2413 809 2495 Πέτρου
825 2410 1110 2494 ἐπαγγειλαμένου
1126 2409 1182 2476 καὶ
1199 2419 1406 2477 συναποθα-

234 2529 268 2580 20
285 2521 374 2594 νεῖν,
398 2507 492 2577 εἶπεν
512 2510 613 2596 Ἀμήν
639 2514 723 2597 λέχω
746 2529 817 2596 σοι,
845 2511 926 2595 πρὶν
949 2511 1113 2598 ἀλέκτορα
1133 2517 1306 2597 φωνῆσαι,
1332 2515 1408 2599 τρὶς

285 2611 463 2699 ἀπαρνήσῃ
489 2613 533 2698 μή
563 2616 686 2680 είδέναι
714 2637 764 2698 με.
811 2612 983 2697 παραδοὺς
1008 2615 1045 2679 δὲ
1071 2609 1152 2699 ήμῑν
1173 2613 1213 2680 τά
1235 2612 1406 2681 ἀντίτυπα

285 2714 452 2798 μυστήρια
471 2716 532 2779 τοῦ
550 2719 662 2799 τιμίου
677 2716 830 2801 στόματος
843 2717 861 2756 *
873 2714 928 2782 καλ
944 2717 1101 2800 αἳματος,
1121 2715 1230 2782 Ἰοόδα
1246 2715 1291 2802 μή
1315 2735 1406 2802 συμ-

286 2816 452 2902 παρόντος
479 2814 576 2901 ήμίν,
609 2817 754 2903 ἐξῆλθεν
780 2821 827 2896 είς
853 2817 891 2884 τό
918 2817 995 2902 ὄρος
1023 2820 1092 2883 τοῖν
1113 2818 1236 2884 ε’λαιοῐν
1256 2823 1406 2903 πλησίον

285 2923 345 2984 τοῦ
365 2918 549 3002 χειμάρρου
570 2920 638 2984 τῶν
660 2921 806 3006 κέδρων,
831 2911 872 2986 οὗ
893 2909 938 3004 ἦν
958 2923 1081 3003 κῆπος·
1111 2925 1263 3004 συνῆμεν
1285 2921 1324 2988 δέ
1345 2921 1405 2987 καλ

234 3035 267 3085 25
284 3017 378 3106 ήμείς
399 3019 455 3086 καλ
476 3017 673 3107 ὑμνήσομεν
701 3020 785 3086 κατὰ
806 3021 845 3087 τό
867 3025 956 3098 ἔθος.
1002 3022 1058 3088 καὶ
1091 3021 1271 3108 χωρισθεὶς
1305 3021 1406 3108 ἡμῶν

351 3211 368 3262 6
385 3214 462 3263 Marc
483 3213 522 3276 14,
542 3213 575 3263 20
594 3215 599 3277 Ι
620 3214 635 3262 ’ί
655 3214 704 3264 1ο1ι
725 3213 763 3276 13,
782 3213 816 3264 20
834 3215 838 3277 Ι
858 3215 874 3264 6
892 3215 983 3265 11ο111ι
1000 3213 1048 3276 26,
1061 3213 1099 3263 -26
1120 3212 1124 3279 Ι
1150 3213 1288 3264 1011ε111ι
1306 3213 1348 3277 26,
1369 3217 1404 3266 2-1

355 3298 357 3360 Ι
380 3297 409 3347 12
428 3297 516 3348 Matth
535 3298 576 3361 20,
599 3299 629 3348 15
644 3297 649 3365 Ι
666 3298 695 3348 17
715 3299 764 3349 Ioh
785 3297 823 3359 10,
843 3297 876 3348 32
891 3297 895 3360 Ι
911 3298 944 3348 20
962 3299 1052 3350 Matth
1070 3298 1112 3362 26,
1132 3297 1165 3348 31
1185 3299 1237 3362 121
1257 3300 1307 3350 Ioh
1328 3299 1368 3362 18,
1388 3301 1401 3350 l

287 3448 298 3498 Ι
318 3441 472 3508 σιωπόντος
492 3467 514 3498 w
530 3450 565 3512 12
585 3443 614 3501 ἐκ
633 3449 667 3517 -Ι-
684 3457 712 3501 zt
727 3448 731 3517 Ι
747 3453 762 3500 2
781 3441 796 3500 ό
813 3450 848 3515 -Ι-
865 3467 886 3500 w
905 3453 908 3514 Ι
924 3452 940 3500 2
957 3439 1009 3501 ἀπ’
1028 3441 1117 3501 αότοῦ
1135 3456 1198 3516 post
1215 3441 1311 3502 ἄλλων
1327 3459 1376 3516 yzt
1397 3508 1400 3516 1

284 3533 300 3584 3
319 3525 568 3600 ἐνστερνισάμενος
586 3526 675 3586 αότόν
693 3540 759 3598 οπο,
784 3527 926 3586 ἐπιπεσών
944 3534 982 3586 τιό
999 3531 1101 3601 στήθει
1119 3525 1210 3586 αάτοό
1227 3551 1260 3601 yn
1283 3537 1288 3600 1
1308 3537 1325 3588 3
1343 3529 1403 3587 λιτέ-

284 3633 368 3668 τευον
433 3621 449 3668 4
467 3615 515 3670 καλ
533 3619 567 3682 >
586 3635 608 3668 w
629 3621 633 3684 Ι
654 3621 670 3672 3
689 3614 817 3685 ἱκέτεβον
834 3636 852 3684 y
872 3620 877 3686 Ι
904 3621 919 3671 3
938 3612 1027 3671 αὐτόν
1043 3619 1077 3686 -Ι-
1095 3637 1112 3670 x
1135 3620 1140 3684 Ι
1159 3621 1176 3669 4
1194 3611 1265 3686 ήμίν
1284 3619 1404 3686 είρήιεν

283 3707 330 3766 yzt
345 3703 348 3770 Ι
364 3703 380 3752 6
400 3697 488 3754 ἔδωκε
506 3721 530 3752 w
550 3707 554 3768 Ι
574 3703 591 3754 6
609 3696 819 3771 ἐνβαπτόμενος
837 3721 853 3754 x
874 3703 878 3768 Ι
898 3705 913 3754 7
931 3693 953 3754 ἀ
972 3711 1043 3768 sym,
1063 3692 1079 3755 ὃ
1098 3721 1120 3753 w
1141 3707 1145 3766 1
1166 3706 1181 3754 7
1200 3701 1283 3756 δόσιν
1299 3705 1333 3770 -Ι-
1350 3723 1377 3754 w
1395 3706 1400 3774 Ι

284 3789 298 3837 7
318 3779 447 3838 ἐπιδώσω
463 3788 498 3851 >
516 3805 547 3847 w,
568 3781 689 3840 ἐπιδέτω
708 3807 722 3839 τ
742 3793 746 3854 Ι
767 3789 784 3839 8
802 3784 861 3853 είμλ
879 3788 912 3856 -Ι-
930 3795 941 3838 t
961 3791 964 3852 Ι
984 3789 1001 3839 0
1018 3788 1102 3840 τοῦτο
1121 3806 1145 3838 w
1160 3788 1164 3855 Ι
1187 3789 1217 3839 12
1235 3787 1285 3842 καλ
1303 3789 1337 3854 -Ι-
1353 3801 1403 3855 ,τοι

285 3873 287 3931 Ι
310 3873 341 3922 12
360 3865 424 3923 εἷπε
443 3879 479 3922 wt
505 3873 510 3934 Ι
539 3873 568 3922 12
588 3868 693 3938 ἷερεάσι
711 3891 744 3939 yz
772 3873 775 3940 Ι
804 3874 836 3926 13
853 3874 902 3926 καλ
921 3867 975 3939 1χά
992 3879 1039 3938 yzt
1059 3887 1062 3936 Ι
1091 3874 1120 3925 14
1139 3871 1188 3924 καλ
1207 3866 1364 3941 ἐπληράθή
1384 3869 1402 3942 ή

283 3951 381 4023 γραφή
395 3948 413 4022 ή
427 3951 547 4022 λέγουσα
566 3957 667 4024 [Matth
685 3960 726 4022 27,
746 3957 830 4026 01οΙ
850 3956 907 4011 Kal
928 3953 1031 4026 ἔλαβον
1043 3952 1077 4009 τὰ
1095 3951 1251 4024 τριάκοντα
1265 3951 1401 4024 ἀργύρια,

282 4037 335 4108 τήν
353 4033 438 4108 τιμήν
455 4041 507 4093 τοῦ
524 4037 721 4109 τετιμημένον,
741 4031 775 4095 όν
788 4035 957 4110 ἐτιμήσαντο
971 4035 1029 4095 ἀπὸ
1042 4039 1112 4096 υἱόν
1127 4034 1247 4110 Ἰσραήλ,
1267 4043 1316 4096 καί
1329 4040 1402 4096 ἐδτι-

283 4143 339 4178 καν
357 4119 430 4178 αότά
450 4121 491 4187 εἰς
508 4121 559 4180 τὸν
576 4119 666 4195 ἀγρὸν
684 4122 779 4194 [οἷκον
796 4128 818 4194 t]
837 4129 888 4180 τοῦ
905 4124 1050 4196 κεραμέως
1067 4128 1100 4194 -Ι-
1117 4134 1165 4193 yzt
1180 4129 1184 4193 Ι
1207 4129 1237 4178 11
1255 4124 1354 4195 πέμπῃ
1374 4147 1402 4196 5,

283 4207 375 4278 πέπτη
394 4229 408 4262 ι
424 4214 428 4277 Ι
448 4212 533 4264 1310
551 4205 749 4279 ἐγκαταλείψω
766 4215 800 4276 z!
823 4213 853 4265 10
872 4208 904 4265 δὲ
922 4212 956 4280 -Ι-
973 4231 990 4278 y
1009 4229 1091 4280 super
1108 4227 1216 4264 versum
1236 4219 1241 4273 Ι
1262 4213 1293 4264 10
1312 4207 1403 4280 ἐταχ-

284 4293 454 4362 χελλομένου
471 4307 518 4363 yzt
538 4297 542 4364 Ι
561 4297 596 4348 20
614 4296 677 4348 είτε
696 4299 730 4348 W
750 4306 755 4363 Ι
774 4297 808 4347 20
825 4290 998 4364 ἀλέκτοτοροι
1016 4303 1028 4348 t
1047 4299 1051 4361 Ι
1071 4298 1103 4348 22
1121 4289 1212 4348 αότου·
1229 4298 1263 4364 -Ι-
1279 4299 1346 4362 yztl
1367 4303 1403 4352 21

283 4369 356 4430 ὅπου
373 4387 420 4446 χτλ
