<?xml version="1.0" encoding="UTF-8"?>
<!DOCTYPE html PUBLIC "-//W3C//DTD XHTML 1.0 Transitional//EN"
    "http://www.w3.org/TR/xhtml1/DTD/xhtml1-transitional.dtd">
<html xmlns="http://www.w3.org/1999/xhtml" xml:lang="en" lang="en">
 <head>
  <title>
</title>
<meta http-equiv="Content-Type" content="text/html;charset=utf-8" />
  <meta name='ocr-system' content='tesseract 3.04.00' />
  <meta name='ocr-capabilities' content='ocr_page ocr_carea ocr_par ocr_line ocrx_word'/>
</head>
<body>
  <div class='ocr_page' id='page_1' title='image "./decontroversiis00schgoog_0041.png"; bbox 0 0 3128 4972; ppageno 0'>
   <div class='ocr_carea' id='block_1_1' title="bbox 678 429 890 489">
    <p class='ocr_par' dir='ltr' id='par_1_1' title="bbox 678 429 890 489">
     <span class='ocr_line' id='line_1_1' title="bbox 678 429 890 489; baseline 0 -17"><span class='ocrx_word' id='word_1_1' title='bbox 678 429 890 489; x_wconf 56' lang='lat'><strong>..33-</strong></span> 
     </span>
    </p>
   </div>
   <div class='ocr_carea' id='block_1_2' title="bbox 176 593 1393 1651">
    <p class='ocr_par' dir='ltr' id='par_1_2' title="bbox 176 593 1393 1651">
     <span class='ocr_line' id='line_1_2' title="bbox 176 593 1388 683; baseline 0.003 -21"><span class='ocrx_word' id='word_1_2' title='bbox 176 593 400 662; x_wconf 88' lang='lat' dir='ltr'>necessarium</span> <span class='ocrx_word' id='word_1_3' title='bbox 418 602 480 673; x_wconf 84' lang='lat' dir='ltr'>est,</span> <span class='ocrx_word' id='word_1_4' title='bbox 498 602 536 658; x_wconf 89' lang='lat' dir='ltr'>ut</span> <span class='ocrx_word' id='word_1_5' title='bbox 547 594 719 660; x_wconf 87' lang='lat' dir='ltr'>vobiscum</span> <span class='ocrx_word' id='word_1_6' title='bbox 733 617 794 680; x_wconf 87' lang='lat' dir='ltr'>ego</span> <span class='ocrx_word' id='word_1_7' title='bbox 811 595 1028 678; x_wconf 82' lang='lat' dir='ltr'>meminerim,</span> <span class='ocrx_word' id='word_1_8' title='bbox 1046 599 1242 683; x_wconf 70' lang='lat' dir='ltr'>scripturam</span> <span class='ocrx_word' id='word_1_9' title='bbox 1259 623 1388 668; x_wconf 85' lang='lat' dir='ltr'>sacram</span> 
     </span>
     <span class='ocr_line' id='line_1_3' title="bbox 176 714 1388 800; baseline 0.005 -19"><span class='ocrx_word' id='word_1_10' title='bbox 176 717 269 782; x_wconf 91' lang='lat' dir='ltr'>nolle</span> <span class='ocrx_word' id='word_1_11' title='bbox 298 737 358 780; x_wconf 91' lang='lat' dir='ltr'>nos</span> <span class='ocrx_word' id='word_1_12' title='bbox 387 714 583 799; x_wconf 87' lang='lat' dir='ltr'>simpliciter</span> <span class='ocrx_word' id='word_1_13' title='bbox 612 715 650 779; x_wconf 86' lang='lat' dir='ltr'>ad</span> <span class='ocrx_word' id='word_1_14' title='bbox 681 716 850 799; x_wconf 88' lang='lat' dir='ltr'>paschatis</span> <span class='ocrx_word' id='word_1_15' title='bbox 874 716 998 781; x_wconf 81' lang='lat' dir='ltr'>festum</span> <span class='ocrx_word' id='word_1_16' title='bbox 1021 719 1193 800; x_wconf 77' lang='lat' dir='ltr'>accedere,</span> <span class='ocrx_word' id='word_1_17' title='bbox 1224 723 1282 786; x_wconf 85' lang='lat' dir='ltr'>sed</span> <span class='ocrx_word' id='word_1_18' title='bbox 1311 745 1388 786; x_wconf 90' lang='lat' dir='ltr'>non</span> 
     </span>
     <span class='ocr_line' id='line_1_4' title="bbox 178 833 1385 920; baseline 0.004 -19"><span class='ocrx_word' id='word_1_19' title='bbox 178 837 265 901; x_wconf 87' lang='lat' dir='ltr'>sine</span> <span class='ocrx_word' id='word_1_20' title='bbox 282 835 462 918; x_wconf 85' lang='lat' dir='ltr'>allegoriis,</span> <span class='ocrx_word' id='word_1_21' title='bbox 479 833 727 914; x_wconf 88' lang='lat' dir='ltr'>traditionibus,</span> <span class='ocrx_word' id='word_1_22' title='bbox 744 835 914 920; x_wconf 86' lang='lat' dir='ltr'>legisque</span> <span class='ocrx_word' id='word_1_23' title='bbox 931 839 1238 905; x_wconf 86' lang='lat' dir='ltr'>observantia.“</span> <span class='ocrx_word' id='word_1_24' title='bbox 1260 842 1385 906; x_wconf 83' lang='lat' dir='ltr'>Eodem</span> 
     </span>
     <span class='ocr_line' id='line_1_5' title="bbox 177 957 1386 1046; baseline 0.002 -24"><span class='ocrx_word' id='word_1_25' title='bbox 177 958 278 1022; x_wconf 90' lang='lat' dir='ltr'>modo</span> <span class='ocrx_word' id='word_1_26' title='bbox 310 957 522 1020; x_wconf 81' lang='lat' dir='ltr'>&#39;lucorurnus</span> <span class='ocrx_word' id='word_1_27' title='bbox 553 958 815 1020; x_wconf 77' lang='lat' dir='ltr'>Aauxaunumus</span> <span class='ocrx_word' id='word_1_28' title='bbox 848 959 1121 1023; x_wconf 71' lang='lat' dir='ltr'>commentationi</span> <span class='ocrx_word' id='word_1_29' title='bbox 1153 960 1193 1024; x_wconf 90' lang='lat' dir='ltr'>de</span> <span class='ocrx_word' id='word_1_30' title='bbox 1227 963 1386 1046; x_wconf 87' lang='lat' dir='ltr'>paschate</span> 
     </span>
     <span class='ocr_line' id='line_1_6' title="bbox 179 1067 1388 1159; baseline -0.001 -17"><span class='ocrx_word' id='word_1_31' title='bbox 179 1076 409 1142; x_wconf 80' lang='lat' dir='ltr'>christiano</span> <span class='ocrx_word' id='word_1_32' title='bbox 432 1077 514 1140; x_wconf 79' lang='lat' dir='ltr'>haec</span> <span class='ocrx_word' id='word_1_33' title='bbox 538 1073 744 1159; x_wconf 74' lang='lat' dir='ltr'>inscripsit¹t</span> <span class='ocrx_word' id='word_1_34' title='bbox 787 1067 861 1154; x_wconf 69' lang='grc' dir='ltr'><em>Περὶ</em></span> <span class='ocrx_word' id='word_1_35' title='bbox 887 1077 938 1138; x_wconf 77' lang='grc' dir='ltr'>τοῦ</span> <span class='ocrx_word' id='word_1_36' title='bbox 966 1073 1056 1139; x_wconf 80' lang='grc' dir='ltr'><em>κατὰ</em></span> <span class='ocrx_word' id='word_1_37' title='bbox 1076 1074 1134 1140; x_wconf 74' lang='grc' dir='ltr'>τὸν</span> <span class='ocrx_word' id='word_1_38' title='bbox 1159 1085 1258 1141; x_wconf 64' lang='grc' dir='ltr'><em>θεῖον</em></span> <span class='ocrx_word' id='word_1_39' title='bbox 1280 1077 1388 1158; x_wconf 76' lang='grc' dir='ltr'>νόμον</span> 
     </span>
     <span class='ocr_line' id='line_1_7' title="bbox 177 1195 1387 1292; baseline 0.005 -25"><span class='ocrx_word' id='word_1_40' title='bbox 177 1203 325 1287; x_wconf 66' lang='grc' dir='ltr'>γινομένου</span> <span class='ocrx_word' id='word_1_41' title='bbox 351 1198 413 1264; x_wconf 76' lang='grc' dir='ltr'>κατ’</span> <span class='ocrx_word' id='word_1_42' title='bbox 440 1199 566 1265; x_wconf 76' lang='grc' dir='ltr'>ἐνιαυτὸν</span> <span class='ocrx_word' id='word_1_43' title='bbox 590 1200 672 1283; x_wconf 78' lang='grc' dir='ltr'><strong><em>ἁγίου</em></strong></span> <span class='ocrx_word' id='word_1_44' title='bbox 695 1195 744 1264; x_wconf 78' lang='lat' dir='ltr'>nal</span> <span class='ocrx_word' id='word_1_45' title='bbox 769 1203 965 1284; x_wconf 80' lang='grc' dir='ltr'><strong><em>σωτηριώόους</em></strong></span> <span class='ocrx_word' id='word_1_46' title='bbox 990 1204 1100 1287; x_wconf 73' lang='grc' dir='ltr'><strong><em>πάσχα.</em></strong></span> <span class='ocrx_word' id='word_1_47' title='bbox 1154 1209 1209 1272; x_wconf 89' lang='lat' dir='ltr'>Sic</span> <span class='ocrx_word' id='word_1_48' title='bbox 1246 1208 1387 1292; x_wconf 83' lang='lat' dir='ltr'>denique</span> 
     </span>
     <span class='ocr_line' id='line_1_8' title="bbox 177 1324 1393 1418; baseline 0.002 -28"><span class='ocrx_word' id='word_1_49' title='bbox 177 1327 388 1390; x_wconf 68' lang='lat' dir='ltr'>curramus</span> <span class='ocrx_word' id='word_1_50' title='bbox 418 1326 519 1406; x_wconf 84' lang='lat' dir='ltr'>(haer.</span> <span class='ocrx_word' id='word_1_51' title='bbox 546 1328 601 1402; x_wconf 81' lang='lat'>50,</span> <span class='ocrx_word' id='word_1_52' title='bbox 632 1327 663 1406; x_wconf 83' lang='lat'>3)</span> <span class='ocrx_word' id='word_1_53' title='bbox 696 1324 869 1388; x_wconf 86' lang='lat' dir='ltr'>ecclesiam</span> <span class='ocrx_word' id='word_1_54' title='bbox 898 1325 1008 1390; x_wconf 89' lang='lat' dir='ltr'>omnia</span> <span class='ocrx_word' id='word_1_55' title='bbox 1036 1327 1077 1390; x_wconf 92' lang='lat' dir='ltr'>de</span> <span class='ocrx_word' id='word_1_56' title='bbox 1105 1331 1265 1412; x_wconf 87' lang='lat' dir='ltr'>paschate</span> <span class='ocrx_word' id='word_1_57' title='bbox 1293 1351 1393 1418; x_wconf 35' lang='lat' dir='ltr'>prae-¹</span> 
     </span>
     <span class='ocr_line' id='line_1_9' title="bbox 179 1443 1388 1531; baseline 0.001 -19"><span class='ocrx_word' id='word_1_58' title='bbox 179 1461 279 1531; x_wconf 88' lang='lat' dir='ltr'>cepta</span> <span class='ocrx_word' id='word_1_59' title='bbox 307 1447 482 1509; x_wconf 86' lang='lat' dir='ltr'>observare</span> <span class='ocrx_word' id='word_1_60' title='bbox 506 1443 604 1523; x_wconf 93' lang='lat' dir='ltr'>dicit,</span> <span class='ocrx_word' id='word_1_61' title='bbox 634 1444 682 1508; x_wconf 87' lang='lat' dir='ltr'>ita</span> <span class='ocrx_word' id='word_1_62' title='bbox 710 1450 747 1506; x_wconf 89' lang='lat' dir='ltr'>ut</span> <span class='ocrx_word' id='word_1_63' title='bbox 775 1443 875 1508; x_wconf 89' lang='lat' dir='ltr'>etiam</span> <span class='ocrx_word' id='word_1_64' title='bbox 903 1468 1025 1530; x_wconf 89' lang='lat' dir='ltr'>agnum</span> <span class='ocrx_word' id='word_1_65' title='bbox 1050 1447 1102 1511; x_wconf 91' lang='lat' dir='ltr'>die</span> <span class='ocrx_word' id='word_1_66' title='bbox 1125 1448 1270 1528; x_wconf 90' lang='lat' dir='ltr'>decimo,</span> <span class='ocrx_word' id='word_1_67' title='bbox 1301 1449 1388 1513; x_wconf 90' lang='lat' dir='ltr'>sicut</span> 
     </span>
     <span class='ocr_line' id='line_1_10' title="bbox 178 1559 1387 1651; baseline -0.002 -21"><span class='ocrx_word' id='word_1_68' title='bbox 178 1564 420 1651; x_wconf 67' lang='lat' dir='ltr'>praescriptum</span> <span class='ocrx_word' id='word_1_69' title='bbox 435 1563 491 1642; x_wconf 78' lang='lat' dir='ltr'>sit,</span> <span class='ocrx_word' id='word_1_70' title='bbox 510 1563 630 1648; x_wconf 83' lang='lat' dir='ltr'>eligat:</span> <span class='ocrx_word' id='word_1_71' title='bbox 656 1561 839 1645; x_wconf 76' lang='grc' dir='ltr'><em>λαμβάνομεν</em></span> <span class='ocrx_word' id='word_1_72' title='bbox 856 1559 889 1625; x_wconf 78' lang='grc' dir='ltr'>τὸ</span> <span class='ocrx_word' id='word_1_73' title='bbox 902 1563 1050 1646; x_wconf 76' lang='grc' dir='ltr'><strong><em>πρόβατον</em></strong></span> <span class='ocrx_word' id='word_1_74' title='bbox 1068 1561 1128 1626; x_wconf 76' lang='grc' dir='ltr'>ἀπὸ</span> <span class='ocrx_word' id='word_1_75' title='bbox 1147 1565 1276 1646; x_wconf 73' lang='grc' dir='ltr'>δεκάτης,</span> <span class='ocrx_word' id='word_1_76' title='bbox 1294 1563 1387 1646; x_wconf 72' lang='grc' dir='ltr'><em>ὄνομα</em></span> 
     </span>
    </p>
   </div>
   <div class='ocr_carea' id='block_1_3' title="bbox 177 1679 1386 1770">
    <p class='ocr_par' dir='ltr' id='par_1_3' title="bbox 177 1679 1386 1770">
     <span class='ocr_line' id='line_1_11' title="bbox 177 1679 1386 1770; baseline 0.003 -23"><span class='ocrx_word' id='word_1_77' title='bbox 177 1682 272 1763; x_wconf 78' lang='grc' dir='ltr'><em>Ἰησοῦ</em></span> <span class='ocrx_word' id='word_1_78' title='bbox 295 1681 452 1764; x_wconf 68' lang='grc' dir='ltr'>ἐπιγνόντες</span> <span class='ocrx_word' id='word_1_79' title='bbox 473 1679 519 1744; x_wconf 79' lang='grc' dir='ltr'>διὰ</span> <span class='ocrx_word' id='word_1_80' title='bbox 542 1679 575 1744; x_wconf 82' lang='grc' dir='ltr'>τὸ</span> <span class='ocrx_word' id='word_1_81' title='bbox 597 1681 678 1756; x_wconf 78' lang='grc' dir='ltr'><strong><em>ἰῶτα,</em></strong></span> <span class='ocrx_word' id='word_1_82' title='bbox 697 1706 780 1768; x_wconf 87' lang='lat' dir='ltr'>quae</span> <span class='ocrx_word' id='word_1_83' title='bbox 792 1685 893 1748; x_wconf 84' lang='lat' dir='ltr'>verba</span> <span class='ocrx_word' id='word_1_84' title='bbox 903 1685 1037 1764; x_wconf 82' lang='lat' dir='ltr'>docent,</span> <span class='ocrx_word' id='word_1_85' title='bbox 1053 1684 1277 1769; x_wconf 86' lang='lat' dir='ltr'>Epiphaniam</span> <span class='ocrx_word' id='word_1_86' title='bbox 1294 1709 1386 1770; x_wconf 88' lang='lat' dir='ltr'>prae·</span> 
     </span>
    </p>
   </div>
   <div class='ocr_carea' id='block_1_4' title="bbox 170 1802 1387 4164">
    <p class='ocr_par' dir='ltr' id='par_1_4' title="bbox 170 1802 1387 4164">
     <span class='ocr_line' id='line_1_12' title="bbox 179 1802 1386 1890; baseline 0 -20"><span class='ocrx_word' id='word_1_87' title='bbox 179 1815 312 1890; x_wconf 86' lang='lat' dir='ltr'>ceptum</span> <span class='ocrx_word' id='word_1_88' title='bbox 336 1804 421 1868; x_wconf 91' lang='lat' dir='ltr'>illud</span> <span class='ocrx_word' id='word_1_89' title='bbox 444 1804 623 1888; x_wconf 81' lang='lat' dir='ltr'>allegorice</span> <span class='ocrx_word' id='word_1_90' title='bbox 646 1802 902 1888; x_wconf 87' lang='lat' dir='ltr'>interpretatum</span> <span class='ocrx_word' id='word_1_91' title='bbox 926 1804 1144 1884; x_wconf 75' lang='lat' dir='ltr'>existimasse,</span> <span class='ocrx_word' id='word_1_92' title='bbox 1171 1829 1306 1870; x_wconf 88' lang='lat' dir='ltr'>numero</span> <span class='ocrx_word' id='word_1_93' title='bbox 1330 1807 1386 1870; x_wconf 90' lang='lat' dir='ltr'>de·</span> 
     </span>
     <span class='ocr_line' id='line_1_13' title="bbox 179 1924 1385 2008; baseline 0 -18"><span class='ocrx_word' id='word_1_94' title='bbox 179 1926 265 1990; x_wconf 91' lang='lat' dir='ltr'>cimo</span> <span class='ocrx_word' id='word_1_95' title='bbox 293 1924 431 1989; x_wconf 90' lang='lat' dir='ltr'>indicari</span> <span class='ocrx_word' id='word_1_96' title='bbox 459 1946 579 1989; x_wconf 90' lang='lat' dir='ltr'>nomen</span> <span class='ocrx_word' id='word_1_97' title='bbox 602 1926 697 2002; x_wconf 85' lang='lat' dir='ltr'>Jesn,</span> <span class='ocrx_word' id='word_1_98' title='bbox 732 1924 853 2007; x_wconf 89' lang='lat' dir='ltr'>quippe</span> <span class='ocrx_word' id='word_1_99' title='bbox 881 1925 970 2008; x_wconf 89' lang='lat' dir='ltr'>quod</span> <span class='ocrx_word' id='word_1_100' title='bbox 998 1948 1016 1988; x_wconf 87' lang='lat' dir='ltr'>a</span> <span class='ocrx_word' id='word_1_101' title='bbox 1044 1925 1141 1990; x_wconf 89' lang='lat' dir='ltr'>litera</span> <span class='ocrx_word' id='word_1_102' title='bbox 1168 1925 1190 1987; x_wconf 82' lang='grc' dir='ltr'>ι’</span> <span class='ocrx_word' id='word_1_103' title='bbox 1215 1948 1385 1990; x_wconf 89' lang='lat' dir='ltr'>nnmerum</span> 
     </span>
     <span class='ocr_line' id='line_1_14' title="bbox 179 2043 1386 2132; baseline 0 -21"><span class='ocrx_word' id='word_1_104' title='bbox 179 2047 343 2111; x_wconf 91' lang='lat' dir='ltr'>decimum</span> <span class='ocrx_word' id='word_1_105' title='bbox 371 2044 581 2128; x_wconf 90' lang='lat' dir='ltr'>significante</span> <span class='ocrx_word' id='word_1_106' title='bbox 608 2043 779 2127; x_wconf 91' lang='lat' dir='ltr'>inciperet.</span> <span class='ocrx_word' id='word_1_107' title='bbox 811 2083 853 2092; x_wconf 91' lang='lat'>·—</span> <span class='ocrx_word' id='word_1_108' title='bbox 881 2045 946 2109; x_wconf 87' lang='lat' dir='ltr'>Sed</span> <span class='ocrx_word' id='word_1_109' title='bbox 975 2045 1143 2110; x_wconf 79' lang='lat' dir='ltr'>sufficient</span> <span class='ocrx_word' id='word_1_110' title='bbox 1172 2069 1276 2132; x_wconf 88' lang='lat' dir='ltr'>pauca</span> <span class='ocrx_word' id='word_1_111' title='bbox 1304 2049 1386 2112; x_wconf 88' lang='lat' dir='ltr'>haec</span> 
     </span>
     <span class='ocr_line' id='line_1_15' title="bbox 183 2164 1387 2250; baseline -0.001 -19"><span class='ocrx_word' id='word_1_112' title='bbox 183 2165 349 2250; x_wconf 84' lang='lat' dir='ltr'>exempla,</span> <span class='ocrx_word' id='word_1_113' title='bbox 380 2164 499 2248; x_wconf 91' lang='lat' dir='ltr'>quibus</span> <span class='ocrx_word' id='word_1_114' title='bbox 523 2165 752 2243; x_wconf 88' lang='lat' dir='ltr'>confirmetur,</span> <span class='ocrx_word' id='word_1_115' title='bbox 781 2164 941 2228; x_wconf 85' lang='lat' dir='ltr'>ecelesiae</span> <span class='ocrx_word' id='word_1_116' title='bbox 963 2173 1075 2249; x_wconf 86' lang='lat' dir='ltr'>patres</span> <span class='ocrx_word' id='word_1_117' title='bbox 1099 2166 1231 2230; x_wconf 90' lang='lat' dir='ltr'>omnino</span> <span class='ocrx_word' id='word_1_118' title='bbox 1251 2166 1387 2250; x_wconf 86' lang='lat' dir='ltr'>judaica</span> 
     </span>
     <span class='ocr_line' id='line_1_16' title="bbox 182 2283 1385 2371; baseline -0.002 -21"><span class='ocrx_word' id='word_1_119' title='bbox 182 2287 257 2368; x_wconf 87' lang='lat' dir='ltr'>lege</span> <span class='ocrx_word' id='word_1_120' title='bbox 279 2285 430 2371; x_wconf 87' lang='lat' dir='ltr'>paschali</span> <span class='ocrx_word' id='word_1_121' title='bbox 453 2284 493 2350; x_wconf 91' lang='lat' dir='ltr'>de</span> <span class='ocrx_word' id='word_1_122' title='bbox 515 2287 675 2369; x_wconf 86' lang='lat' dir='ltr'>paschate</span> <span class='ocrx_word' id='word_1_123' title='bbox 699 2283 878 2348; x_wconf 85' lang='lat' dir='ltr'>christiano</span> <span class='ocrx_word' id='word_1_124' title='bbox 903 2285 1052 2349; x_wconf 87' lang='lat' dir='ltr'>adhibita</span> <span class='ocrx_word' id='word_1_125' title='bbox 1076 2285 1273 2364; x_wconf 77' lang='lat' dir='ltr'>affirmasse,</span> <span class='ocrx_word' id='word_1_126' title='bbox 1300 2286 1385 2350; x_wconf 88' lang='lat' dir='ltr'>chri-</span> 
     </span>
     <span class='ocr_line' id='line_1_17' title="bbox 183 2403 1385 2489; baseline -0.001 -19"><span class='ocrx_word' id='word_1_127' title='bbox 183 2406 363 2470; x_wconf 86' lang='lat' dir='ltr'>stianorum</span> <span class='ocrx_word' id='word_1_128' title='bbox 395 2407 520 2489; x_wconf 88' lang='lat' dir='ltr'>pascha</span> <span class='ocrx_word' id='word_1_129' title='bbox 551 2426 664 2468; x_wconf 87' lang='lat' dir='ltr'>revera</span> <span class='ocrx_word' id='word_1_130' title='bbox 694 2403 874 2488; x_wconf 82' lang='lat' dir='ltr'>praescribi</span> <span class='ocrx_word' id='word_1_131' title='bbox 906 2405 1028 2469; x_wconf 88' lang='lat' dir='ltr'>veteris</span> <span class='ocrx_word' id='word_1_132' title='bbox 1063 2406 1258 2469; x_wconf 78' lang='lat' dir='ltr'>testamenti</span> <span class='ocrx_word' id='word_1_133' title='bbox 1292 2428 1385 2489; x_wconf 87' lang='lat' dir='ltr'>prae·</span> 
     </span>
     <span class='ocr_line' id='line_1_18' title="bbox 183 2523 1385 2610; baseline 0 -20"><span class='ocrx_word' id='word_1_134' title='bbox 183 2525 300 2610; x_wconf 88' lang='lat' dir='ltr'>ceptis.</span> <span class='ocrx_word' id='word_1_135' title='bbox 338 2525 448 2590; x_wconf 78' lang='lat' dir='ltr'>Quare</span> <span class='ocrx_word' id='word_1_136' title='bbox 471 2533 595 2588; x_wconf 87' lang='lat' dir='ltr'>temere</span> <span class='ocrx_word' id='word_1_137' title='bbox 620 2523 691 2608; x_wconf 87' lang='lat' dir='ltr'>quis</span> <span class='ocrx_word' id='word_1_138' title='bbox 716 2523 908 2602; x_wconf 86' lang='lat' dir='ltr'>contendat,</span> <span class='ocrx_word' id='word_1_139' title='bbox 934 2524 1120 2608; x_wconf 90' lang='lat' dir='ltr'>quicunque</span> <span class='ocrx_word' id='word_1_140' title='bbox 1144 2526 1185 2589; x_wconf 91' lang='lat' dir='ltr'>ad</span> <span class='ocrx_word' id='word_1_141' title='bbox 1209 2533 1385 2590; x_wconf 88' lang='lat' dir='ltr'>consuetu·</span> 
     </span>
     <span class='ocr_line' id='line_1_19' title="bbox 183 2643 1386 2728; baseline 0.001 -19"><span class='ocrx_word' id='word_1_142' title='bbox 183 2644 291 2710; x_wconf 90' lang='lat' dir='ltr'>dinem</span> <span class='ocrx_word' id='word_1_143' title='bbox 321 2667 414 2708; x_wconf 90' lang='lat' dir='ltr'>suam</span> <span class='ocrx_word' id='word_1_144' title='bbox 438 2643 678 2708; x_wconf 79' lang='lat' dir='ltr'>defendendam</span> <span class='ocrx_word' id='word_1_145' title='bbox 707 2643 829 2708; x_wconf 87' lang='lat' dir='ltr'>veteris</span> <span class='ocrx_word' id='word_1_146' title='bbox 858 2644 1052 2709; x_wconf 79' lang='lat' dir='ltr'>testamenti</span> <span class='ocrx_word' id='word_1_147' title='bbox 1081 2645 1121 2708; x_wconf 89' lang='lat' dir='ltr'>de</span> <span class='ocrx_word' id='word_1_148' title='bbox 1148 2647 1308 2728; x_wconf 85' lang='lat' dir='ltr'>paschate</span> <span class='ocrx_word' id='word_1_149' title='bbox 1333 2667 1386 2710; x_wconf 87' lang='lat' dir='ltr'>ce·</span> 
     </span>
     <span class='ocr_line' id='line_1_20' title="bbox 182 2763 1384 2848; baseline 0.002 -20"><span class='ocrx_word' id='word_1_150' title='bbox 182 2765 341 2830; x_wconf 84' lang='lat' dir='ltr'>lebrando</span> <span class='ocrx_word' id='word_1_151' title='bbox 373 2765 483 2848; x_wconf 86' lang='lat' dir='ltr'>legem</span> <span class='ocrx_word' id='word_1_152' title='bbox 521 2763 725 2842; x_wconf 86' lang='lat' dir='ltr'>adhibuerit,</span> <span class='ocrx_word' id='word_1_153' title='bbox 766 2785 841 2828; x_wconf 91' lang='lat' dir='ltr'>enm</span> <span class='ocrx_word' id='word_1_154' title='bbox 871 2765 1071 2828; x_wconf 87' lang='lat' dir='ltr'>Judaeorum</span> <span class='ocrx_word' id='word_1_155' title='bbox 1103 2767 1227 2848; x_wconf 88' lang='lat' dir='ltr'>pascha</span> <span class='ocrx_word' id='word_1_156' title='bbox 1264 2764 1384 2848; x_wconf 86' lang='lat' dir='ltr'>egisse.</span> 
     </span>
     <span class='ocr_line' id='line_1_21' title="bbox 183 2883 1384 2963; baseline 0 -15"><span class='ocrx_word' id='word_1_157' title='bbox 183 2885 255 2949; x_wconf 92' lang='lat' dir='ltr'>Imo</span> <span class='ocrx_word' id='word_1_158' title='bbox 292 2885 458 2963; x_wconf 88' lang='lat' dir='ltr'>videmus,</span> <span class='ocrx_word' id='word_1_159' title='bbox 496 2905 549 2948; x_wconf 91' lang='lat' dir='ltr'>res</span> <span class='ocrx_word' id='word_1_160' title='bbox 587 2906 675 2948; x_wconf 90' lang='lat' dir='ltr'>mere</span> <span class='ocrx_word' id='word_1_161' title='bbox 708 2883 904 2948; x_wconf 84' lang='lat' dir='ltr'>christianas</span> <span class='ocrx_word' id='word_1_162' title='bbox 937 2885 1188 2949; x_wconf 84' lang='lat' dir='ltr'>confirmaturos</span> <span class='ocrx_word' id='word_1_163' title='bbox 1225 2885 1384 2949; x_wconf 87' lang='lat' dir='ltr'>ecclesiae</span> 
     </span>
     <span class='ocr_line' id='line_1_22' title="bbox 180 3003 1383 3089; baseline -0.001 -20"><span class='ocrx_word' id='word_1_164' title='bbox 180 3016 290 3089; x_wconf 88' lang='lat' dir='ltr'>patres</span> <span class='ocrx_word' id='word_1_165' title='bbox 313 3005 424 3088; x_wconf 89' lang='lat' dir='ltr'>legem</span> <span class='ocrx_word' id='word_1_166' title='bbox 446 3004 538 3068; x_wconf 91' lang='lat' dir='ltr'>illam</span> <span class='ocrx_word' id='word_1_167' title='bbox 563 3004 729 3068; x_wconf 86' lang='lat' dir='ltr'>attulisse.</span> <span class='ocrx_word' id='word_1_168' title='bbox 775 3003 834 3068; x_wconf 91' lang='lat' dir='ltr'>Nil</span> <span class='ocrx_word' id='word_1_169' title='bbox 863 3025 941 3087; x_wconf 89' lang='lat' dir='ltr'>ergo</span> <span class='ocrx_word' id='word_1_170' title='bbox 966 3013 1033 3082; x_wconf 89' lang='lat' dir='ltr'>est,</span> <span class='ocrx_word' id='word_1_171' title='bbox 1065 3003 1152 3069; x_wconf 92' lang='lat' dir='ltr'>unde</span> <span class='ocrx_word' id='word_1_172' title='bbox 1176 3005 1383 3088; x_wconf 88' lang='lat' dir='ltr'>colligamus,</span> 
     </span>
     <span class='ocr_line' id='line_1_23' title="bbox 180 3123 1385 3208; baseline -0.001 -19"><span class='ocrx_word' id='word_1_173' title='bbox 180 3123 488 3208; x_wconf 85' lang='lat' dir='ltr'>quartodecimanos</span> <span class='ocrx_word' id='word_1_174' title='bbox 504 3123 582 3188; x_wconf 88' lang='lat' dir='ltr'>illos</span> <span class='ocrx_word' id='word_1_175' title='bbox 598 3125 639 3188; x_wconf 86' lang='lat' dir='ltr'>ab</span> <span class='ocrx_word' id='word_1_176' title='bbox 652 3123 850 3208; x_wconf 87' lang='lat' dir='ltr'>Hippolyto,</span> <span class='ocrx_word' id='word_1_177' title='bbox 867 3123 1072 3207; x_wconf 83' lang='lat' dir='ltr'>Apolinario,</span> <span class='ocrx_word' id='word_1_178' title='bbox 1091 3123 1385 3207; x_wconf 87' lang='lat' dir='ltr'>Pseudo-Origene</span> 
     </span>
     <span class='ocr_line' id='line_1_24' title="bbox 179 3242 1384 3329; baseline 0 -21"><span class='ocrx_word' id='word_1_179' title='bbox 179 3244 393 3329; x_wconf 85' lang='lat' dir='ltr'>impugnatos</span> <span class='ocrx_word' id='word_1_180' title='bbox 416 3244 618 3308; x_wconf 90' lang='lat' dir='ltr'>Judaeorum</span> <span class='ocrx_word' id='word_1_181' title='bbox 643 3245 766 3328; x_wconf 85' lang='lat' dir='ltr'>pascha</span> <span class='ocrx_word' id='word_1_182' title='bbox 795 3242 914 3327; x_wconf 87' lang='lat' dir='ltr'>egisse.</span> <span class='ocrx_word' id='word_1_183' title='bbox 960 3243 1150 3307; x_wconf 86' lang='lat' dir='ltr'>Utebantur</span> <span class='ocrx_word' id='word_1_184' title='bbox 1173 3242 1306 3326; x_wconf 90' lang='lat' dir='ltr'>quidem</span> <span class='ocrx_word' id='word_1_185' title='bbox 1330 3265 1384 3308; x_wconf 86' lang='lat' dir='ltr'>ve-</span> 
     </span>
     <span class='ocr_line' id='line_1_25' title="bbox 179 3359 1385 3448; baseline 0 -20"><span class='ocrx_word' id='word_1_186' title='bbox 179 3364 259 3428; x_wconf 87' lang='lat' dir='ltr'>teris</span> <span class='ocrx_word' id='word_1_187' title='bbox 291 3363 487 3428; x_wconf 89' lang='lat' dir='ltr'>testamenti</span> <span class='ocrx_word' id='word_1_188' title='bbox 517 3363 720 3448; x_wconf 86' lang='lat' dir='ltr'>praeceptis,</span> <span class='ocrx_word' id='word_1_189' title='bbox 760 3362 879 3447; x_wconf 87' lang='lat' dir='ltr'>quibus</span> <span class='ocrx_word' id='word_1_190' title='bbox 911 3384 946 3425; x_wconf 87' lang='lat' dir='ltr'>se</span> <span class='ocrx_word' id='word_1_191' title='bbox 978 3359 1067 3444; x_wconf 89' lang='lat' dir='ltr'>ipsos</span> <span class='ocrx_word' id='word_1_192' title='bbox 1100 3362 1280 3428; x_wconf 88' lang='lat' dir='ltr'>obstrictos</span> <span class='ocrx_word' id='word_1_193' title='bbox 1313 3385 1385 3428; x_wconf 88' lang='lat' dir='ltr'>esse</span> 
     </span>
     <span class='ocr_line' id='line_1_26' title="bbox 179 3482 1384 3566; baseline 0 -18"><span class='ocrx_word' id='word_1_194' title='bbox 179 3483 401 3548; x_wconf 85' lang='lat' dir='ltr'>affirmabant.</span> <span class='ocrx_word' id='word_1_195' title='bbox 458 3484 524 3548; x_wconf 88' lang='lat' dir='ltr'>Sed</span> <span class='ocrx_word' id='word_1_196' title='bbox 559 3483 647 3548; x_wconf 89' lang='lat' dir='ltr'>idern</span> <span class='ocrx_word' id='word_1_197' title='bbox 686 3483 846 3548; x_wconf 87' lang='lat' dir='ltr'>ecelesiae</span> <span class='ocrx_word' id='word_1_198' title='bbox 883 3489 994 3566; x_wconf 86' lang='lat' dir='ltr'>patres</span> <span class='ocrx_word' id='word_1_199' title='bbox 1032 3482 1248 3548; x_wconf 86' lang='lat' dir='ltr'>orthodoxiae</span> <span class='ocrx_word' id='word_1_200' title='bbox 1286 3483 1384 3548; x_wconf 87' lang='lat' dir='ltr'>laude</span> 
     </span>
     <span class='ocr_line' id='line_1_27' title="bbox 178 3601 1382 3687; baseline -0.002 -19"><span class='ocrx_word' id='word_1_201' title='bbox 178 3603 324 3687; x_wconf 86' lang='lat' dir='ltr'>insignes</span> <span class='ocrx_word' id='word_1_202' title='bbox 350 3603 468 3668; x_wconf 80' lang='lat' dir='ltr'>secisse</span> <span class='ocrx_word' id='word_1_203' title='bbox 492 3605 590 3668; x_wconf 92' lang='lat' dir='ltr'>modo</span> <span class='ocrx_word' id='word_1_204' title='bbox 614 3601 914 3668; x_wconf 87' lang='lat' dir='ltr'>demonstravimus</span> <span class='ocrx_word' id='word_1_205' title='bbox 922 3626 931 3678; x_wconf 78' lang='lat'>3</span> <span class='ocrx_word' id='word_1_206' title='bbox 963 3601 1049 3666; x_wconf 89' lang='lat' dir='ltr'>unde</span> <span class='ocrx_word' id='word_1_207' title='bbox 1078 3601 1290 3668; x_wconf 76' lang='lat' dir='ltr'>manifestum</span> <span class='ocrx_word' id='word_1_208' title='bbox 1320 3611 1382 3683; x_wconf 88' lang='lat' dir='ltr'>est,</span> 
     </span>
     <span class='ocr_line' id='line_1_28' title="bbox 178 3721 1384 3808; baseline 0 -22"><span class='ocrx_word' id='word_1_209' title='bbox 178 3722 254 3786; x_wconf 89' lang='lat' dir='ltr'>hnic</span> <span class='ocrx_word' id='word_1_210' title='bbox 278 3723 400 3788; x_wconf 86' lang='lat' dir='ltr'>veteris</span> <span class='ocrx_word' id='word_1_211' title='bbox 421 3723 618 3788; x_wconf 86' lang='lat' dir='ltr'>testamenti</span> <span class='ocrx_word' id='word_1_212' title='bbox 640 3729 892 3808; x_wconf 89' lang='lat' dir='ltr'>praeceptorum</span> <span class='ocrx_word' id='word_1_213' title='bbox 918 3721 1142 3787; x_wconf 89' lang='lat' dir='ltr'>observationi</span> <span class='ocrx_word' id='word_1_214' title='bbox 1170 3721 1253 3786; x_wconf 91' lang='lat' dir='ltr'>nihil</span> <span class='ocrx_word' id='word_1_215' title='bbox 1282 3722 1384 3786; x_wconf 91' lang='lat' dir='ltr'>studii</span> 
     </span>
     <span class='ocr_line' id='line_1_29' title="bbox 178 3841 1383 3927; baseline -0.001 -22"><span class='ocrx_word' id='word_1_216' title='bbox 178 3843 307 3906; x_wconf 71' lang='lat' dir='ltr'>{ludaici</span> <span class='ocrx_word' id='word_1_217' title='bbox 333 3843 452 3908; x_wconf 88' lang='lat' dir='ltr'>inesse.</span> <span class='ocrx_word' id='word_1_218' title='bbox 499 3843 610 3907; x_wconf 75' lang='lat' dir='ltr'>Quare</span> <span class='ocrx_word' id='word_1_219' title='bbox 633 3850 723 3907; x_wconf 88' lang='lat' dir='ltr'>recte</span> <span class='ocrx_word' id='word_1_220' title='bbox 752 3841 867 3927; x_wconf 90' lang='lat' dir='ltr'>opinor</span> <span class='ocrx_word' id='word_1_221' title='bbox 890 3848 1091 3920; x_wconf 88' lang='lat' dir='ltr'>statuemus,</span> <span class='ocrx_word' id='word_1_222' title='bbox 1121 3841 1383 3926; x_wconf 86' lang='lat' dir='ltr'>quartodecima-</span> 
     </span>
     <span class='ocr_line' id='line_1_30' title="bbox 170 3959 1383 4057; baseline 0 -32"><span class='ocrx_word' id='word_1_223' title='bbox 170 3984 238 4057; x_wconf 36' lang='lat' dir='ltr'>&#39;nos</span> <span class='ocrx_word' id='word_1_224' title='bbox 268 3962 345 4027; x_wconf 91' lang='lat' dir='ltr'>illos</span> <span class='ocrx_word' id='word_1_225' title='bbox 376 3965 501 4047; x_wconf 87' lang='lat' dir='ltr'>pascha</span> <span class='ocrx_word' id='word_1_226' title='bbox 533 3985 629 4027; x_wconf 89' lang='lat' dir='ltr'>suum</span> <span class='ocrx_word' id='word_1_227' title='bbox 661 3961 895 4039; x_wconf 89' lang='lat' dir='ltr'>christianum,</span> <span class='ocrx_word' id='word_1_228' title='bbox 926 3963 960 4026; x_wconf 91' lang='lat' dir='ltr'>h.</span> <span class='ocrx_word' id='word_1_229' title='bbox 987 3983 1015 4025; x_wconf 92' lang='lat' dir='ltr'>e.</span> <span class='ocrx_word' id='word_1_230' title='bbox 1047 3982 1168 4026; x_wconf 89' lang='lat' dir='ltr'>coenae</span> <span class='ocrx_word' id='word_1_231' title='bbox 1201 3959 1383 4025; x_wconf 88' lang='lat' dir='ltr'>dominicae</span> 
     </span>
     <span class='ocr_line' id='line_1_31' title="bbox 179 4079 1384 4164; baseline 0.001 -21"><span class='ocrx_word' id='word_1_232' title='bbox 179 4089 294 4164; x_wconf 87' lang='lat' dir='ltr'>quarto</span> <span class='ocrx_word' id='word_1_233' title='bbox 314 4082 441 4147; x_wconf 88' lang='lat' dir='ltr'>decimo</span> <span class='ocrx_word' id='word_1_234' title='bbox 459 4083 512 4146; x_wconf 91' lang='lat' dir='ltr'>die</span> <span class='ocrx_word' id='word_1_235' title='bbox 529 4081 797 4160; x_wconf 87' lang='lat' dir='ltr'>celebrationem,</span> <span class='ocrx_word' id='word_1_236' title='bbox 822 4089 966 4146; x_wconf 89' lang='lat' dir='ltr'>evetere</span> <span class='ocrx_word' id='word_1_237' title='bbox 988 4088 1191 4144; x_wconf 88' lang='lat' dir='ltr'>testamento</span> <span class='ocrx_word' id='word_1_238' title='bbox 1212 4079 1384 4163; x_wconf 90' lang='lat' dir='ltr'>repetiisse</span> 
     </span>
    </p>
   </div>
   <div class='ocr_carea' id='block_1_5' title="bbox 221 4306 1167 4459">
    <p class='ocr_par' dir='ltr' id='par_1_5' title="bbox 221 4306 1167 4459">
     <span class='ocr_line' id='line_1_32' title="bbox 221 4306 1101 4390; baseline -0.005 -20"><span class='ocrx_word' id='word_1_239' title='bbox 221 4327 229 4336; x_wconf 94' lang='grc'><strong><em>·</em></strong></span> <span class='ocrx_word' id='word_1_240' title='bbox 266 4307 273 4340; x_wconf 92' lang='lat'><strong>¹</strong></span> <span class='ocrx_word' id='word_1_241' title='bbox 297 4313 423 4383; x_wconf 79' lang='lat' dir='ltr'>Mrams¹</span> <span class='ocrx_word' id='word_1_242' title='bbox 447 4311 623 4390; x_wconf 89' lang='lat' dir='ltr'>Patrologia</span> <span class='ocrx_word' id='word_1_243' title='bbox 638 4329 755 4390; x_wconf 83' lang='lat' dir='ltr'>graeca,</span> <span class='ocrx_word' id='word_1_244' title='bbox 771 4317 793 4369; x_wconf 93' lang='lat' dir='ltr'>t.</span> <span class='ocrx_word' id='word_1_245' title='bbox 810 4311 905 4380; x_wconf 84' lang='lat' dir='ltr'>LXV,</span> <span class='ocrx_word' id='word_1_246' title='bbox 927 4309 982 4368; x_wconf 91' lang='lat' dir='ltr'>col.</span> <span class='ocrx_word' id='word_1_247' title='bbox 1000 4306 1040 4368; x_wconf 80' lang='lat'>47</span> <span class='ocrx_word' id='word_1_248' title='bbox 1057 4329 1101 4386; x_wconf 92' lang='lat' dir='ltr'>sq.</span> 
     </span>
     <span class='ocr_line' id='line_1_33' title="bbox 1152 4409 1167 4459; baseline 0 0"><span class='ocrx_word' id='word_1_249' title='bbox 1152 4409 1167 4459; x_wconf 81' lang='lat'><strong>3</strong></span> 
     </span>
    </p>
   </div>
   <div class='ocr_carea' id='block_1_6' title="bbox 0 0 1568 4972">
    <p class='ocr_par' dir='ltr' id='par_1_6' title="bbox 0 0 1568 4972">
     <span class='ocr_line' id='line_1_34' title="bbox 0 0 1568 4972; baseline 0 0"><span class='ocrx_word' id='word_1_250' title='bbox 0 0 1568 4972; x_wconf 95' lang='lat' dir='ltr'> </span> 
     </span>
    </p>
   </div>
  </div>
 </body>
</html>
