2994 4972
287 407 347 468 152
1272 411 1284 446 ε
1306 393 1401 445 Ιθ-λθ

285 565 457 642 ἀθάνατος
478 563 534 629 καὶ
562 561 626 648 ζωή
654 561 800 638 αίοόνιος.
852 559 935 646 μετὰ
959 562 996 627 δὲ
1018 567 1036 608 *
1059 558 1146 627 όκτοό
1168 558 1293 648 ήμέρας
1321 563 1401 627 ἐστο)

285 663 366 751 ὑμῖν
389 666 493 732 πόλιν
511 661 607 748 ἑορτή
629 669 721 748 τιμία
743 662 828 749 αὕτη
855 661 874 748 ή
897 661 1017 748 όγόόη,
1047 662 1087 729 ἐν
1110 653 1133 746 ή
1154 664 1403 728 όυσκιστοῦντα

288 767 345 852 ἐμὲ
361 771 487 851 Θωμᾶν
509 765 565 832 ἐπὶ
585 767 626 851 τῇ
642 764 823 831 ἀναστάσει
842 765 1109 852 ἐκληροφόρησε,
1132 765 1241 844 όείξας
1260 763 1405 848 μοιτοός

287 870 415 946 τόπους
435 871 504 934 τιόν
529 867 623 952 ἥλων
647 865 705 932 καὶ
731 872 790 952 τῆς
811 865 932 951 λόγχης
954 867 993 934 ἐν
1020 871 1062 954 τῇ
1085 870 1216 953 πλευρᾷ
1238 863 1302 951 τήν
1320 869 1405 950 τρό-

252 985 353 1037 οσιν.
405 967 463 1035 καὶ
490 969 593 1034 πόλιν
621 966 687 1034 ἀπό
715 972 773 1053 τής
799 965 933 1055 πριότης
965 971 1131 1054 κυριακής
1157 965 1405 1052 ἀριθμήσαντες

286 1070 538 1154 τεσσαράκοντα
561 1066 703 1155 ήμέρας,
728 1067 796 1137 ἀπὸ
818 1075 982 1156 κυριακής
1010 1067 1086 1155 ἄχρι
1114 1069 1265 1154 πέμπτης
1288 1067 1405 1154 ἑορτά-

286 1179 355 1254 ζετε
382 1171 445 1257 τήν
464 1170 584 1257 ἑορτήν
609 1175 666 1252 τῆς
686 1169 885 1256 ἀναλήψεως
903 1156 965 1237 τοῦ
989 1175 1129 1256 κυρίου,
1153 1169 1233 1236 καθ’
1256 1167 1302 1254 ήν
1323 1175 1405 1256 πλη-

287 1274 398 1359 ροόσας
424 1278 537 1340 πᾶσαν
563 1276 760 1358 οἰκονομίαν
785 1272 842 1339 καὶ
871 1273 1040 1356 όιοίταξιν,
1074 1270 1206 1357 όνήλθε
1237 1270 1323 1358 πρός
1349 1271 1406 1338 τόν

286 1375 531 1442 ἀποστείλαντα
559 1373 663 1441 αὐτόν
689 1372 775 1441 θεόν
800 1377 818 1416 *
846 1375 903 1442 καὶ
931 1375 1073 1459 κατέρα,
1104 1377 1249 1451 καθίσας
1281 1373 1322 1440 ἐκ
1352 1375 1406 1440 όε-

236 1491 269 1542 10
286 1479 367 1557 ξιιόν
386 1481 444 1562 τῆς
464 1477 643 1562 όυυόμεοος
670 1475 727 1542 καὶ
750 1477 940 1562 πὲριμόνων
963 1475 1040 1561 ἄχρι
1059 1479 1208 1542 τεθιόσιυ
1229 1477 1266 1541 ολ
1289 1474 1407 1560 ἐχθροὶ

287 1577 393 1646 αὐτοῦ
411 1575 480 1646 ὑπό
496 1577 576 1657 τούς
598 1578 703 1656 πόόας
723 1576 838 1644 αὐτοῦ.
879 1573 916 1655 ός
937 1579 994 1644 καλ
1016 1577 1188 1643 ἐλεύσεται
1209 1574 1265 1642 ἐπὶ
1286 1595 1406 1644 συυτε·

286 1686 360 1769 λείᾳ
378 1685 439 1747 τοῦ
462 1683 585 1758 αίοίνος
605 1677 688 1766 μετὰ
716 1680 892 1764 δυνάμεως
918 1679 975 1746 καὶ
996 1679 1094 1764 δόξης
1120 1683 1264 1764 πολλής,
1292 1691 1406 1762 κρίναι

285 1787 410 1862 ζιιντας
425 1781 481 1848 καὶ
499 1780 643 1868 νεκροὺς
665 1782 722 1848 καὶ
743 1780 931 1848 όποόοῦυαι
946 1783 964 1822 *
978 1781 1107 1869 ἑκόστιμ
1129 1779 1305 1846 κατὰτὰ*
1325 1783 1406 1867 ἐργα

286 1883 407 1950 αὐτοῦ·
441 1884 498 1950 καί
523 1883 598 1950 τότε
629 1881 769 1962 ὄψονται
795 1887 855 1948 τόν
882 1881 1056 1968 ἀγαπητόν
1082 1883 1100 1922 *
1128 1885 1189 1947 τοῦ
1219 1886 1325 1965 θεοῦ,
1368 1878 1406 1947 ὃν

237 1999 268 2050 15
287 1985 525 2071 ἐξεκέντησαν,
552 1983 609 2050 καὶ
631 1984 825 2069 ἐπιγνόντες
849 1981 954 2051 αὐτόν
978 1983 1141 2063 κόψονται
1168 1983 1223 2070 ἐφ’
1254 1983 1404 2066 ἑαυτούς,

286 2083 377 2172 φυλή
395 2083 480 2151 κατὰ
496 2085 622 2172 φυλήν,
645 2085 702 2152 καὶ
719 2085 758 2152 αί
768 2098 927 2171 γυναῖκες
946 2083 1059 2152 αὐτῶν
1080 2083 1153 2151 κατ’
1175 2087 1276 2152 ίόίαν.
1312 2089 1318 2174 Ι
1352 2083 1447 2156 mmo

286 2186 351 2273 γόρ
369 2187 425 2253 καὶ
442 2192 508 2254 νῦν
524 2188 649 2275 δεκάτη
664 2191 756 2254 τοῦ*
777 2185 882 2273 μηνός
896 2191 1084 2273 Γορπιαίου
1105 2187 1407 2272 συναθροιζόμεναι

285 2287 523 2376 τοόςθρήυους
533 2286 1005 2375 Ἱερεμίουόναγινιόσκουσιν,
1019 2289 1059 2355 ἐν
1068 2281 1118 2366 οές
1130 2293 1406 2374 ελρηταιΠνεῦμα

287 2389 353 2476 πρό
382 2391 565 2474 προσιόπου
592 2389 689 2478 ήμιόν
719 2389 853 2476 χριστός
885 2391 1002 2476 κύριος
1032 2391 1235 2476 συνελήφθη
1268 2390 1308 2456 ἐν
1336 2401 1407 2468 ταλς

234 2507 269 2558 20
286 2493 492 2580 διαφθοραῖς
512 2491 642 2576 αὐτῶν,
665 2496 723 2559 καλ
741 2491 801 2559 τόν
822 2491 975 2578 Βαρούχ,
996 2495 1034 2559 ἐν
1057 2483 1281 2581 ςόγέγρακται
1297 2482 1407 2570 Οὗτος

288 2590 405 2670 όθεός
430 2590 543 2678 ήμῶν,
571 2593 613 2661 οὐ
640 2594 879 2680 λογισθήσεται
900 2597 1012 2680 ἕτερος
1038 2593 1122 2680 πρὸς
1143 2590 1261 2660 αὐτόν·
1292 2595 1406 2679 ἐξεῦρε

286 2697 399 2760 πᾶσαν
421 2691 502 2760 όόόν
524 2695 722 2782 ἐπιστήμης,
750 2696 807 2762 καὶ
830 2699 957 2763 ἐόωκευ
978 2693 1085 2780 αότήν
1102 2693 1221 2780 Ἰακώβ
1242 2699 1290 2784 τῷ
1312 2693 1406 2761 καιόλ

286 2792 392 2860 αὐτοῦ
415 2794 471 2860 καί
489 2794 619 2881 Ἰσραήλ
641 2802 688 2886 τῷ
702 2797 906 2886 ήγαπημένςο
928 2795 986 2864 ὑπ’
1009 2795 1132 2864 αὐτοῦ·
1156 2798 1174 2837 *
1197 2795 1281 2882 μετό
1302 2801 1406 2862 ταῦτα

287 2895 343 2963 ἐπὶ
364 2897 422 2982 τῆς
441 2901 503 2983 γῆς
526 2892 628 2983 ὤφθη
650 2898 707 2965 καὶ
729 2911 798 2976 τοῖς
815 2898 1011 2984 ἀνθρώποις
1032 2899 1305 2983 συνανεστρόφη.
1351 2895 1406 2964 καλ

235 3015 269 3067 κο
287 2999 369 3066 ὅταν
389 3002 407 3040 *
429 2997 635 3083 όυαγνῶσιν,
660 2999 840 3066 κόπτονται
861 3001 918 3068 καὶ
930 3005 1140 3088 θρηνοῦσιν,
1160 2996 1205 3077 ιός
1225 2999 1289 3084 μὲν
1311 2997 1406 3066 αὐτοὶ

286 3106 470 3186 νομίζουσι,
483 3100 545 3187 τήν
556 3101 698 3188 ἐρημίαν
704 3099 766 3185 τήν
776 3097 843 3166 ὑπό
850 3102 1167 3188 Ναβουχοδονόσωρ
1178 3103 1367 3187 γενομένην
1375 3103 1403 3184 *,

286 3199 331 3281 ὣς
342 3201 414 3288 όέἡ
434 3203 578 3287 ἀλήθεια
597 3207 674 3288 ἔχει,
696 3208 855 3290 προοίμια
872 3208 1048 3270 ποιοῦνται
1063 3205 1081 3244 *
1096 3203 1235 3281 ἄκοντες
1249 3207 1311 3269 τοῦ
1326 3203 1404 3288 με’λ-

355 3359 386 3410 13
399 3360 467 3411 Rom
479 3359 504 3424 2,
517 3358 534 3410 6
549 3357 554 3423 Ι
571 3360 602 3410 λλ
614 3360 688 3411 Ζεολι
703 3359 743 3424 12,
759 3359 809 3424 101
828 3359 858 3410 18
870 3360 963 3412 Thren
974 3361 999 3424 λ,
1014 3360 1048 3412 20
1063 3359 1068 3424 Ι
1082 3359 1116 3411 20
1133 3359 1242 3412 Βειιιολι
1262 3360 1287 3421 3,
1305 3357 1406 3412 66-68

288 3509 299 3560 l
320 3502 374 3578 ζωή
394 3507 444 3562 καλ
461 3517 508 3577 γτι
526 3509 531 3576 Ι
553 3512 566 3562 1
586 3503 638 3572 τός
654 3514 689 3578 -Ι-
705 3529 739 3578 γτ
761 3512 765 3572 Ι
784 3515 800 3563 2
818 3511 911 3577 τιμίαι
929 3527 953 3562 w
973 3511 978 3576 Ι
997 3513 1014 3562 2
1032 3505 1107 3579 αότή
1123 3512 1190 3578 γτλΙ
1210 3512 1227 3564 3
1245 3505 1404 3579 ἐπληροφό-

287 3609 373 3660 ρηοεκ
391 3613 407 3646 x
429 3592 434 3662 Ι
453 3594 470 3645 6
487 3593 570 3662 μέχρι
588 3600 600 3646 t
620 3597 624 3658 Ι
643 3596 660 3648 6
678 3591 791 3664 πίμπης
809 3615 840 3663 y,
860 3591 969 3663 ιιείττης
989 3613 1003 3647 τ
1023 3597 1027 3662 Ι
1054 3596 1108 3647 67
1126 3588 1281 3662 ἐορτοίσατε
1292 3603 1340 3664 γτλ
1363 3595 1369 3664 Ι
1388 3597 1405 3648 8

286 3669 418 3746 α’νήλθεν
435 3695 466 3744 x,
485 3672 603 3745 αἰιήλθι
622 3683 641 3732 Ζ
663 3681 667 3747 Ι
686 3682 703 3732 9
721 3673 811 3733 αὐτοῦ
828 3681 862 3747 -Ι-
879 3697 962 3748 nuper
979 3697 1088 3734 vernum
1105 3698 1124 3748 γ
1142 3680 1148 3748 Ι
1168 3681 1242 3734 9.10
1259 3673 1292 3734 ἐν
1310 3679 1403 3746 σιξιιὶι

285 3781 309 3812 w
325 3762 330 3830 Ι
347 3765 379 3816 10
396 3753 463 3830 ἄχρι
482 3781 532 3828 wx,
552 3759 603 3824 ἕως
620 3758 658 3816 ἄν
676 3773 722 3831 yzt
737 3763 743 3832 Ι
758 3766 790 3817 13
809 3757 873 3825 ἐνὸς
889 3765 923 3831 -Ι-
941 3765 1024 3824 α113
1043 3756 1164 3818 ἕκαστον
1182 3783 1196 3818 ι
1217 3765 1223 3832 Ι
1239 3766 1271 3818 1³
1290 3763 1354 3819 tom
1372 3765 1404 3832 -Ι-

284 3867 302 3900 x
317 3847 322 3915 Ι
339 3849 370 3899 λλ
389 3839 480 3900 αὐτοῦ
496 3849 530 3912 >
548 3867 565 3901 x
586 3848 591 3917 Ι
614 3850 643 3900 λλ
662 3845 727 3902 υἱόν
745 3849 778 3917 -Ι-
795 3857 843 3916 yzt
864 3852 868 3915 Ι
893 3851 922 3902 15
941 3841 1055 3909 ἑαυταῖς
1071 3857 1120 3916 γει
1139 3851 1144 3913 Ι
1164 3850 1197 3902 16
1214 3845 1249 3902 αλ
1263 3851 1297 3914 >
1316 3853 1352 3914 xl
1374 3852 1404 3903 17

285 3931 336 3986 καί
350 3932 405 3984 νῦν
422 3939 494 3999 xm,
513 3933 560 4001 τήι
579 3953 602 3986 w
619 3935 622 4002 Ι
641 3936 670 3986 Π
690 3928 795 3988 ἐνάτου
811 3936 845 4000 -Ι-
862 3953 881 4002 γ
898 3951 980 4002 super
997 3951 1106 3987 versum
1127 3933 1131 4002 Ι
1157 3935 1189 3986 16
1207 3934 1341 4001 ἵηρεμίοα
1357 3953 1375 3986 x
1398 3935 1402 3998 Ι

284 4021 315 4072 21
336 4011 546 4086 λογησθήσεται
565 4022 585 4070 Ζ
605 4018 610 4088 Ι
629 4021 658 4071 21
681 4013 798 4086 ἐξεῦρεν
814 4039 832 4072 x
858 4021 863 4084 Ι
886 4021 920 4071 22
939 4015 1045 4072 ἔδακεν
1063 4036 1136 4084 wxy,
1163 4013 1273 4086 ἔδειξεν
1289 4026 1319 4072 τε
1341 4019 1347 4084 Ι
1372 4019 1405 4072 2³

284 4095 336 4156 ὑπ’
356 4095 445 4156 αότοόι
463 4121 486 4154 w
507 4105 512 4170 Ι
533 4105 567 4157 23
585 4101 635 4158 καλ
652 4103 686 4169 -Ι-
703 4123 727 4156 w
749 4107 752 4170 Ι
772 4105 806 4156 23
823 4103 908 4156 τοῦτο
926 4111 973 4170 γει
992 4105 996 4170 Ι
1016 4105 1051 4155 24
1068 4103 1121 4170 γής
1143 4119 1226 4171 super
1243 4121 1352 4157 versum
1371 4122 1403 4160 ιι.

284 4189 318 4252 >
336 4190 369 4238 W
385 4187 390 4256 Ι
405 4189 439 4240 25
456 4175 503 4240 ότι
521 4207 545 4240 w
561 4191 565 4254 Ι
580 4191 613 4241 25
631 4188 721 4241 ταῦτα
738 4188 773 4254 -Ι-
790 4188 833 4254 w!
849 4191 882 4241 25
900 4179 1104 4255 α’ναγνῶσασιν
1116 4207 1150 4254 w,
1168 4181 1316 4255 α’ναγνιόσι
1331 4195 1379 4254 γει
1398 4187 1403 4254 Ι

284 4273 317 4323 25
335 4271 478 4339 θρηνοῦσι
496 4291 520 4324 w
546 4275 550 4338 Ι
576 4275 611 4325 26
628 4273 793 4340 νομίζουσιν
809 4291 827 4326 x
854 4272 911 4340 126
929 4268 1178 4341 ναβονγοόονόσυρ
1195 4280 1236 4338 ιλ,
1257 4291 1320 4326 corr
1335 4275 1372 4324 x?
1397 4275 1402 4337 Ι

286 4353 319 4406 ’26
338 4355 481 4421 θρηνοῦσι
498 4358 532 4421 -Ι-
550 4375 573 4407 w
589 4355 593 4424 Ι
609 4358 640 4407 27
659 4357 793 4409 ποιοῦσιν
810 4375 843 4421 w,
862 4357 1014 4419 ποιοῦντες
1032 4359 1116 4424 1127
1136 4349 1250 4418 ἑαυτοῖς
1267 4358 1302 4424 -Ι-
1319 4375 1342 4409 w
