2994 4972
298 401 358 464 172
1273 411 1291 454 ς
1313 397 1409 450 12-13

296 565 365 628 τοῖν
385 563 499 629 ἐθνῦν
520 560 711 628 ἀπόστολον
732 560 792 628 τόν
817 561 962 646 Ταρσέα,
985 561 1043 628 καὶ
1054 559 1183 628 Ἰούδαν
1204 561 1265 629 τόν
1287 562 1410 628 καλοῦ

295 687 401 748 μενον
420 667 628 750 Βαρσαββᾶν
646 662 703 730 καὶ
722 666 846 746 Σίλαν,
869 659 996 748 ἀνδρας
1015 659 1224 748 ἡγουμένους
1245 666 1263 705 *
1286 664 1327 731 ἐν
1343 675 1412 742 τοῖς

296 764 473 851 ἀδελφοῖς,
495 766 685 850 γράψαντες
703 764 759 830 διά
780 762 891 849 χειρός
912 761 1024 830 αὐτῶν
1044 764 1137 830 τάδε·
1165 766 1211 832 Οί
1229 764 1411 832 ἀπόστολοι

296 867 352 934 καὶ
370 869 406 933 οί
424 869 646 953 πρεσβύτεροι
657 865 714 933 καὶ
731 868 768 932 ol
781 865 924 951 ἀδελφοὶ
944 877 1015 943 τοῖς
1032 865 1116 933 κατά
1131 867 1192 951 τιΙν
1209 865 1412 953 Ἀντιόχειαν

261 969 353 1036 σκαῖ
374 973 507 1053 Συρίαν
533 967 590 1034 καὶ
609 973 768 1035 Κιλικίαν
790 965 951 1053 ἀδελφοῖς
974 979 1045 1046 τοῖς
1072 968 1107 1049 ἐξ
1130 968 1245 1036 ἐθνάν
1272 974 1409 1054 χαίρειν.

297 1068 411 1155 ἐπειδὴ
435 1067 628 1155 ἠκούσαμεν
650 1067 699 1136 ότι
721 1071 809 1148 τινὲς
831 1071 866 1151 ἐξ
886 1066 983 1154 ἡμῶν
1008 1069 1173 1155 ἐτάραξαν
1188 1068 1274 1156 ὑμᾶς
1289 1070 1410 1156 λόγοις,

295 1170 579 1252 ἀνασκευάζοντες
592 1169 651 1249 τάς
666 1170 775 1256 ψυχάς
787 1168 894 1256 ὑμῶν,
916 1163 966 1248 οίς
980 1167 1022 1236 οῦ
1040 1171 1314 1257 διεστειλάμεθα,
1337 1173 1412 1238 ἐδο-

296 1274 354 1352 ξεν
371 1269 455 1358 ἡμῖν
473 1275 667 1358 γενομένοις
690 1270 927 1357 ὁμοθυμαδόν,
952 1273 1192 1356 ἐκλεξαμένους
1205 1273 1335 1358 ἄνδρας
1356 1276 1412 1340 ἐκ-

295 1377 422 1458 πέμψαι
443 1373 527 1462 πρὸς
553 1371 640 1460 ῦμάς
660 1373 726 1442 σύν
751 1386 821 1452 τοῖς
842 1371 1024 1459 ἀγαπητοῖς
1046 1369 1144 1461 ἡμῶν
1165 1375 1330 1463 Βαρνάβα
1358 1375 1413 1442 καλ

247 1493 279 1545 10
296 1475 439 1566 Παύλῳ,
467 1475 663 1564 ἀνθρώποις
691 1475 947 1561 παραδεδωκόσι
976 1473 1035 1553 τάς
1054 1474 1165 1561 ψυχάς
1191 1474 1307 1543 αῦτιιν
1327 1473 1412 1563 ὑπὲρ

295 1583 357 1644 τοῦ
383 1582 507 1664 κυρίου
534 1580 552 1620 *
580 1577 688 1664 Ἰησοῦ
714 1579 747 1660 *,
782 1576 830 1644 δι’
860 1602 910 1644 αν
936 1576 1162 1644 ἀπεστείλατε·
1201 1576 1414 1644 ἀπεστάλκα-

295 1703 358 1765 μεν
384 1681 422 1746 δέ
442 1679 514 1764 μετ’
538 1677 651 1746 αύτω”ν
673 1678 802 1746 Ἰούδαν
831 1677 888 1746 καὶ
907 1683 1034 1762 Σίλαν,
1058 1677 1115 1744 καλ
1133 1676 1258 1757 αύτούς
1278 1680 1339 1746 διά
1359 1680 1415 1746 λό-

294 1806 359 1866 γου
380 1779 650 1867 ἀπαγγέλλοντας
671 1779 712 1848 τά
732 1779 828 1848 αύτά.
873 1783 967 1860 ἐδοξε
989 1778 1056 1867 γάρ
1074 1780 1120 1869 τῷ
1142 1777 1225 1869 άγίφ
1248 1782 1415 1866 πνεύματι

296 1883 353 1948 καὶ
371 1879 453 1968 ἡμῖν
470 1883 578 1968 μηδὲν
607 1883 710 1950 πλέον
732 1885 947 1950 ἐπιτίθεσθαι
965 1879 1047 1966 ύμῖν
1074 1883 1195 1968 βάρος,
1225 1885 1318 1967 πλήν
1336 1883 1414 1949 τού-

246 2001 277 2052 15
294 2007 363 2049 των
397 1987 466 2050 τῶν
505 1984 709 2068 ἐπάναγκες,
743 1984 928 2071 ἀπέχεσθαι
962 1983 1191 2052 είδωλοθύτον
1225 1984 1283 2050 καί
1312 1987 1414 2070 αἳμα-

295 2107 351 2160 τος
373 2083 429 2149 κα1
452 2089 594 2152 πνικτοῦ
613 2084 670 2152 καὶ
690 2092 863 2173 πορνείας,
887 2086 922 2166 ἐξ
942 2078 993 2153 τόν
1013 2088 1253 2172 διατηροῦντες
1273 2085 1416 2176 Ιἑαυτούς

296 2175 336 2252 εύ
358 2186 509 2272 πράξετε.
554 2190 716 2273 ἔρρωσθε.
760 2188 823 2274 τήν
844 2190 907 2274 μὲν
932 2179 996 2255 οὖν
1018 2185 1199 2272 ἐπιστολὴν
1221 2186 1416 2266 ἐξαπεστεί-

296 2293 419 2374 λαμεν,
442 2287 539 2356 αὐτοὶ
561 2289 598 2355 δέ
614 2292 652 2356 έν
668 2291 800 2368 λκαναῖς
814 2287 951 2376 ἡμέραις
970 2287 1261 2375 ἐνἹεροσολύμοις
1280 2291 1414 2374 ἐπεμεί-

295 2414 403 2476 ναμεν
423 2391 491 2476 ἀμα
513 2395 732 2477 συζητοῦντες
753 2390 836 2479 πρός
857 2391 895 2458 τό
914 2391 1119 2477 κοινωφελὲς
1142 2394 1189 2468 είς
1212 2391 1413 2476 διόρθωσιν.

243 2507 278 2558 20
296 2494 300 2576 Ι
322 2490 405 2576 μετά
431 2494 469 2559 δέ
489 2494 613 2578 χρόνον
636 2493 753 2560 ίκανδν
775 2495 1037 2580 ἐπισκεψάμενοι
1058 2491 1137 2571 τούς
1163 2491 1336 2579 ἀδελφούς
1356 2497 1457 2566 ιια113

295 2596 509 2680 στηρίξαντες
524 2591 647 2673 αύτούς
668 2603 685 2640 *
706 2597 794 2685 λόγῳ
815 2600 874 2681 τῆς
892 2593 1074 2681 εὐσεβείας,
1096 2596 1153 2662 καὶ
1174 2597 1415 2682 παρεγγυησά-

294 2719 391 2780 μενοι
405 2697 423 2737 *
437 2695 577 2781 φεύγειν
596 2694 717 2775 αύτούς
731 2697 810 2775 τούς
832 2696 887 2765 ἐπ’
904 2695 1042 2782 ὀνόματι
1058 2695 1166 2782 Ἰησοῦ
1186 2696 1244 2764 καὶ
1262 2699 1415 2776 Μωσέως

295 2801 479 2882 πολεμοῦσι
504 2803 629 2886 χριστῷ
656 2797 714 2865 καὶ
736 2806 873 2886 Μωσεῖ,
905 2799 963 2868 καὶ
991 2800 1030 2866 ἐν
1051 2800 1137 2887 δορᾷ
1157 2799 1333 2884 προβάτου
1355 2799 1414 2866 τόν

294 2901 401 2968 λύκον
432 2902 737 2987 κατακρύπτουσιν.
795 2893 889 2970 οῦτοι
918 2904 984 2989 γάρ
1021 2904 1086 2968 εἰσι
1125 2901 1366 2986 ψευδόχριστοι
1397 2907 1414 2944 *

242 3022 276 3074 25
294 3006 572 3091 ψευδοπροφῆται
584 3003 641 3071 καὶ
653 3006 931 3090 ψευδαπόστολοι,
948 3004 1070 3072 πλάνοι
1084 3003 1140 3070 καὶ
1150 3009 1305 3090 φθορεῖς,
1323 3003 1414 3071 ἀλω-

361 3180 395 3232 23
413 3181 502 3233 Matth
520 3181 544 3242 7,
566 3180 597 3232 15
611 3177 617 3250 Ι
631 3182 665 3233 25
682 3180 775 3232 ΡειιΙια
793 3179 835 3242 53,
857 3178 886 3230 11

297 3352 309 3402 1
327 3343 493 3404 ἀποστόλων
511 3353 541 3415 Ζ,
560 3343 720 3405 ἀποστόλου
736 3368 751 3403 τ
767 3348 771 3418 Ι
789 3350 802 3401 1
820 3345 925 3416 ταρέσα
943 3367 958 3400 τ
974 3348 978 3414 Ι
998 3351 1015 3400 2
1033 3346 1184 3416 βαρσαβάν
1201 3364 1245 3413 wy
1259 3346 1297 3415 Ι2
1315 3364 1413 3400 murs

294 3435 390 3488 decem
409 3435 659 3503 111εεετααιοερει
677 3453 701 3488 w
727 3436 732 3499 Ι
759 3428 895 3502 θέκειδνΙ
914 3451 937 3486 w
960 3436 989 3485 in
1007 3436 1146 3500 margine,
1172 3434 1411 3486 intexturam

294 3537 343 3574 sex
352 3521 493 3572 literarum
504 3536 594 3588 capax
609 3525 614 3589 Ι
628 3521 716 3574 θωοθ
728 3513 842 3588 ῦμῶνιι
857 3521 862 3584 Ι
876 3513 1009 3589 λη’μάνγ
1023 3518 1029 3587 Ι
1043 3519 1060 3570 8
1072 3511 1245 3584 ἐκλέξασθαι
1255 3535 1280 3567 w
1294 3514 1300 3585 Ι
1317 3518 1350 3568 10
1358 3533 1408 3570 πει·

295 3599 484 3671 ραδεθσιιόσιν
501 3622 518 3656 x
533 3607 538 3670 Ι
554 3607 583 3658 11
602 3599 684 3675 ἡμῶν
701 3606 735 3674 -Ι-
752 3612 798 3673 yn
817 3611 822 3668 Ι
845 3607 873 3657 11
894 3603 1009 3672 χριστοῦ
1025 3604 1060 3671 -Ι-
1076 3609 1124 3669 yzt
1144 3604 1149 3668 Ι
1171 3603 1202 3655 13
1217 3593 1408 3668 ἀπαγγέλλον-

294 3706 340 3751 τες
356 3709 375 3758 y
394 3691 398 3756 Ι
422 3689 452 3741 13
471 3685 572 3753 ἔδοξεν
588 3708 607 3744 x
625 3697 630 3752 Ι
652 3693 682 3743 14
700 3686 798 3760 μηθέν
814 3697 862 3757 γτ1
881 3689 885 3757 Ι
912 3691 943 3742 15
962 3682 1139 3756 ἐπάναγκαις
1156 3705 1189 3753 y,
1216 3679 1405 3754 ἐπανάγιιεςτ

293 3775 404 3842 virgula
421 3781 482 3842 ροελ
500 3765 661 3842 ἀπέχεσθαι
680 3780 785 3844 posita,
811 3767 858 3829 ἐπ’
877 3767 1019 3841 ἀνάγκαις
1036 3779 1048 3826 t
1066 3772 1071 3840 Ι
1094 3774 1124 3824 15
1143 3765 1346 3826 εἰδωλοθύτων
1361 3775 1405 3836 γει

293 3859 298 3928 Ι
320 3860 352 3911 Ιθ
369 3857 419 3912 καλ
436 3863 511 3928 prius
528 3861 562 3924 >
578 3859 622 3927 πΙ
646 3863 675 3913 11
694 3855 821 3927 πράξασι
839 3868 869 3914 xt
888 3863 892 3925 Ι
914 3861 945 3912 19
962 3852 1130 3925 κοινοφελδς
1147 3874 1164 3908 x
1183 3854 1189 3926 Ι
1208 3857 1241 3908 21
1260 3855 1401 3924 στηρίσασ

293 3962 339 4006 τις
357 3962 408 4012 xyz
422 3943 427 4012 Ι
441 3946 473 3997 21
493 3945 531 3997 τοῦ
547 3947 583 4012 -Ι-
600 3953 628 3999 τι
646 3947 652 4012 Ι
670 3948 701 3999 21
721 3947 772 4015 τῆς
788 3947 822 4010 >
840 3963 865 3998 ιτ
884 3947 888 4009 Ι
908 3945 938 3995 21
959 3942 1009 3997 καί
1026 3944 1061 4008 >
1077 3959 1101 3993 w
1117 3943 1122 3994 1
1141 3943 1183 3994 21.
1195 3943 1229 3992 22
1248 3955 1400 4007 παρεγγνη·

292 4025 409 4098 σάμεθα
427 4047 478 4097 wy,
497 4025 767 4100 παρηγγυησάμεθα
785 4049 800 4082 τ
821 4029 825 4094 Ι
845 4031 877 4082 22
896 4020 995 4088 αύτοίς
1011 4026 1046 4094 -Ι-
1061 4045 1095 4096 γε
1109 4026 1114 4095 Ι
1129 4029 1164 4078 22
1181 4017 1287 4086 αύτούς
1303 4027 1336 4092 >
1345 4041 1377 4089 γε
1394 4020 1399 4084 Ι

292 4118 326 4167 22
339 4111 423 4184 ληνοῦ
431 4133 481 4176 wx,
494 4115 610 4183 χριστοῦ
617 4120 666 4183 γτι
679 4117 684 4182 Ι
699 4118 732 4167 22
744 4110 877 4184 μωῦσέας
885 4133 909 4167 w
923 4113 928 4182 Ι
944 4113 977 4166 23
988 4111 1163 4179 πολεμοῦσιν
1171 4131 1198 4176 x,
1211 4109 1398 4177 πολεμοῦντας

292 4217 326 4268 γε
346 4200 351 4268 Ι
370 4201 405 4254 23
421 4201 512 4270 μωσῆι
530 4219 563 4266 w,
581 4201 661 4270 μωσῇ
677 4219 704 4268 y,
723 4201 835 4271 μωσῆτ
861 4201 866 4266 Ι
892 4199 927 4251 23
944 4192 1095 4267 προβάτων
1112 4203 1160 4263 γτῖ
1178 4195 1183 4259 Ι
1203 4199 1237 4247 24
1255 4189 1340 4262 λόγον
1356 4191 1397 4256 Y!

292 4287 326 4336 24
349 4282 602 4354 κατακρύπτοντας
624 4303 658 4353 γε
685 4292 689 4349 Ι
716 4289 751 4338 24
773 4281 847 4340 εἰσιν
869 4301 886 4336 x
912 4282 917 4351 Ι
947 4286 982 4334 24
1003 4282 1052 4335 καὶ
1075 4283 1109 4351 -Ι-
1131 4287 1143 4334 Ι
1169 4280 1173 4348 Ι
1202 4281 1236 4332 25
1258 4277 1309 4333 καλ
1331 4278 1398 4346 γύαι
1479 4327 1480 4367 ,

291 4368 326 4432 >
342 4386 368 4420 w
