3128 4972
685 446 896 507 -42-

193 627 418 710 ἐξωνησάμενοι·
443 626 505 692 ὁδ’
526 628 660 710 ἡμέτερος
677 625 770 709 σωτὴρ
789 626 822 692 oi
846 627 926 703 τότε,
948 625 1005 710 πρὸ
1026 627 1135 712 ἡμέρας
1156 626 1186 692 δὲ
1209 627 1395 710 ἀνακείμενος

192 753 265 836 μετὰ
282 758 338 820 πων
354 761 498 836 μαθητῶν
515 753 563 836 τὴν
582 754 784 837 ἐπνδυμηονκὴν
801 755 895 836 ἑαυτῷ
913 754 1011 840 ἑορτὴν
1028 749 1098 838 ἦχον.

278 877 451 954 Videmus,
472 877 652 942 Eusebium
677 878 727 942 his
747 877 857 942 verbis
877 879 1019 963 primum
1044 879 1176 962 quidem
1201 879 1241 944 de
1266 879 1393 964 synodo

192 997 341 1062 Nicaena
371 997 508 1077 referre,
541 997 575 1061 in
610 1020 674 1081 qua
706 997 806 1062 Asiae
841 997 976 1063 minoris
1013 999 1173 1064 ccclesiae
1209 1007 1394 1064 ceterarum
1459 1065 1462 1070 Δ

193 1117 406 1182 eeclesiarum
430 1117 630 1182 auctoritate
659 1125 843 1182 commotae
873 1142 891 1181 a
920 1141 979 1183 suo
1006 1119 1175 1205 paschatis
1205 1118 1394 1184 celebrandi

192 1260 282 1301 more
305 1237 495 1302 destiterint
509 1237 765 1324 {ceterarumque
786 1239 971 1322 receperint
994 1239 1278 1304 consuetudinem.
1318 1238 1393 1303 Quo

191 1365 323 1422 narrato
347 1357 510 1421 Eusebius
539 1356 614 1420 inde
644 1380 662 1421 a
690 1357 798 1422 verbis
824 1355 871 1430 „si
897 1355 930 1419 δέ
952 1381 994 1428 τις
1021 1354 1116 1421 είπον“
1146 1359 1314 1443 disputare
1344 1358 1393 1422 in-

193 1477 274 1562 cipit
302 1498 376 1541 cum
406 1477 620 1561 quibusdam,
651 1477 706 1560 qui
735 1478 775 1542 de
804 1479 962 1562 paschate
992 1479 1127 1544 Domini
1157 1501 1224 1543 non
1255 1479 1393 1543 eandem

191 1605 291 1681 atque
312 1597 382 1682 ipse
404 1599 585 1662 tuebantur
607 1597 817 1662 sententiam.
858 1597 902 1661 Hi
923 1606 1034 1664 autem
1054 1598 1232 1664 adversarii
1250 1597 1322 1682 quis
1342 1607 1394 1663 est

192 1717 247 1802 qui
271 1717 403 1782 dubitet
426 1717 505 1802 quin
528 1718 644 1782 Asiani
667 1718 790 1782 fuerint
815 1718 961 1803 episcopi
990 1727 1088 1802 atque
1117 1718 1297 1783 ecclcsiae?
1342 1719 1392 1782 De

191 1838 284 1901 nulla
307 1838 394 1902 enim
417 1860 451 1901 re
475 1837 583 1901 verbis
607 1838 881 1902 antecedentibus
905 1839 1083 1922 agebatur,
1112 1838 1176 1902 nisi
1200 1839 1240 1902 de
1265 1839 1393 1903 duabus

193 1979 274 2040 quae
307 1957 451 2020 Nicaeae
484 1957 524 2019 de
556 1959 714 2040 paschate
747 1958 999 2042 disputaverant
1030 1958 1180 2044 partibus
1215 1966 1315 2043 atque
1352 1960 1393 2022 de

192 2083 420 2140 sacrosanctae
453 2076 572 2160 synodi
603 2077 753 2156 decreto,
788 2101 852 2162 quo
885 2078 1083 2142 Asianorum
1119 2078 1393 2143 consuetudinem

102 2187 105 2194 ¹
192 2203 356 2259 statutum
381 2203 452 2258 erat
474 2195 722 2279 relinquendam
752 2219 834 2260 esse.
882 2199 993 2262 Quare
1023 2221 1098 2262 cum
1127 2197 1246 2262 dehinc
1278 2199 1394 2264 statim

191 2316 354 2380 Eusebius
378 2323 496 2399 pergat
520 2312 564 2387 „sl
583 2314 615 2376 δέ
634 2337 676 2384 ας
698 2310 770 2377 είπον
793 2341 818 2377 κ.
841 2340 865 2377 r.
888 2315 941 2389 λ.“,
967 2319 1042 2382 luce
1070 2326 1122 2382 est
1152 2317 1287 2396 elarius,
1318 2339 1393 2381 eum

191 2435 242 2500 his
267 2435 375 2500 verbis
398 2435 431 2498 id
456 2457 565 2518 agere,
590 2443 628 2498 ut
645 2435 783 2501 Nicaeni
807 2437 932 2502 decreti
955 2437 1150 2502 adversariis
1173 2438 1391 2516 demonstret,

192 2562 393 2639 quantopere
417 2555 584 2618 sententia
606 2578 719 2620 corum
742 2557 894 2622 omnibus
917 2558 1123 2641 argumentis
1148 2557 1193 2620 sit
1217 2557 1391 2622 destituta.

191 2675 341 2759 Respicit
356 2674 458 2759 igitur
474 2681 572 2757 atque
589 2675 763 2759 impugnat
780 2677 830 2740 his
854 2698 937 2761 quae
960 2685 1144 2762 sequuntur
1166 2678 1275 2741 verbis
1297 2677 1392 2741 Asia·

191 2819 252 2859 nae
281 2795 440 2858 ecelesiae
469 2795 669 2858 sententiam
701 2805 736 2858 et
768 2797 1052 2861 consuetudinem.
1082 2836 1122 2844 —
1154 2797 1249 2861 Hanc
1280 2803 1392 2861 autem

191 2914 389 2979 sententiam
413 2916 639 2999 unusquisque
662 2916 754 2981 videt
776 2939 909 3000 prorsus
933 2918 1071 2981 eandem
1095 2925 1286 3000 essentque
1308 2938 1390 2996 eam,

191 3059 288 3120 quam
312 3035 540 3120 ApolinariuS,
572 3035 743 3116 Clemens,
772 3035 977 3120 Hippolytus
1001 3038 1258 3120 reprehendunt.
1305 3038 1393 3101 Nam

189 3155 330 3240 primum
363 3155 494 3239 quidem
528 3179 568 3220 cx
599 3156 736 3221 Eusebii
766 3156 875 3221 verbis
906 3165 1058 3240 apertum
1090 3166 1152 3235 est,
1186 3156 1389 3221 adversarios

190 3274 323 3353 dixisse,
348 3276 538 3354 Dominum,
564 3285 741 3361 antequam
764 3285 906 3342 mortem
929 3278 1066 3357 subiret,
1093 3298 1230 3341 coenam
1251 3279 1389 3361 pascha·

190 3395 256 3458 lem
281 3393 388 3476 egisse
419 3417 503 3458 cum
527 3397 547 3456 J
555 3397 706 3460 udaeis.
753 3397 830 3483 Ipse
860 3399 947 3462 enim
970 3397 1134 3462 Eusebius
1164 3396 1263 3461 etiam
1292 3405 1392 3480 atque

191 3514 291 3578 etiam
314 3520 427 3595 negat,
448 3513 627 3577 Dominum
645 3513 733 3592 μενά
756 3513 940 3578 Ἰουδαίων
957 3540 1111 3582 coenasse
1129 3521 1170 3600 (c.
1188 3521 1224 3582 9:
1251 3513 1303 3591 „ori
1319 3511 1393 3596 μενά

190 3630 336 3694 Ἰουδαίων
354 3628 497 3692 ἐπετέλεσε
514 3627 548 3692 τὸ
567 3631 667 3715 πάσχα
686 3631 762 3696 nurci
781 3632 830 3696 τὸν
848 3633 948 3716 καιρὸν
964 3641 1016 3698 τοῦ
1035 3635 1105 3698 ίδίον
1123 3633 1271 3707 πάθους.“
1303 3637 1389 3701 ibid:

191 3749 242 3826 „oti
259 3747 333 3830 μετὰ
347 3746 492 3812 Ἰουδαίων
509 3747 542 3811 πὸ
560 3750 661 3834 πάσχα
679 3749 804 3832 ἧσθαν.“
838 3778 867 3819 c.
884 3761 940 3821 10:
962 3753 1014 3828 „oi
1030 3751 1104 3833 μετὰ
1118 3757 1173 3815 τῶν
1187 3752 1372 3840 Ἰουδαίων.“)
1381 3782 1390 3833 ;

188 3864 275 3928 unde
298 3870 402 3948 patet,
428 3861 632 3927 adversarios
655 3867 718 3929 hoc
742 3865 840 3944 idem,
866 3867 953 3950 quod
977 3866 1033 3929 ille
1057 3871 1170 3949 negat,
1195 3865 1389 3930 affirmasse.

189 3985 263 4048 Quo
288 3983 404 4047 eodem
427 3983 525 4045 modo
550 3983 742 4069 Hippolyti,
774 3984 975 4068 Apolinarii,
1006 3983 1188 4048 Clementis
1214 3984 1392 4047 adversarii

190 4103 447 4180 contendebant,
460 4101 639 4166 Dominum
658 4098 692 4165 τὸ
714 4099 791 4164 κατὰ
818 4101 905 4181 νόμον
933 4101 1034 4184 πάσχα
1058 4103 1218 4186 (Hippoi.)
1226 4151 1235 4181 ,
1266 4097 1299 4163 νδ
1322 4099 1391 4182 πρό·

187 4225 277 4304 βανον
295 4224 434 4307 (Apol),
453 4217 487 4285 πὸ
507 4218 650 4299 δυόμενον
668 4218 742 4301 πρὸς
757 4217 904 4284 Ἰουδαίων
922 4219 1021 4303 πάσχα
1041 4222 1172 4307 (Clam.)
1193 4221 1312 4286 edisse.
1345 4221 1391 4285 Et

188 4333 275 4397 sicut
298 4334 435 4398 Eusebii
458 4332 636 4398 adversarii
659 4334 757 4417 hujus
781 4333 966 4398 sententiae
990 4341 1158 4398 auctorem
1179 4335 1391 4398 Matthaeum
