3120 4980
1402 357 1462 414 VII

265 533 440 600 acceditun
462 533 506 597 itm
519 532 670 598 Clemens
686 531 914 597 alexandrinus
934 541 1017 598 κατὰ
1032 539 1083 598 τόν
1102 545 1160 606 τῆς
1177 531 1332 604 αληθείας
1348 537 1462 596 κανόνα

266 667 297 730 p.
317 642 393 723 204,
411 642 442 706 8.
461 642 497 706 9:
524 641 600 721 237,
620 642 677 706 17;
703 640 778 718 288,
797 641 857 705 34:
882 649 963 706 κατὰ
980 647 1030 704 τόν
1047 653 1103 714 τῆς
1124 639 1330 726 παραδόόεως
1346 637 1461 704 κανόνα

269 751 343 830 119,
369 750 490 833 27128ι
524 756 603 814 κατὰ
628 755 677 813 τόν
702 755 816 813 κανόνα
840 761 897 822 τῆς
920 750 1078 821 ἐκκλησίας
1111 748 1186 829 137,
1214 746 1272 810 12:
1305 753 1386 811 κατὰ
1410 753 1461 810 τόν

266 851 506 930 ἐκκλησιαστικὸν
522 863 635 922 κανόνα
660 857 735 937 296,
753 855 811 919 12ι
837 856 914 938 287,
933 857 992 920 24:
1017 863 1098 920 κατὰ
1115 862 1164 918 τόν
1182 860 1296 920 κανόνα
1313 860 1363 918 τόν
1381 877 1461 940 γνω-

266 973 363 1029 οτικόν
380 965 457 1045 233,
477 965 534 1028 13:
552 971 632 1028 κατὰ
650 969 702 1028 τόν
719 969 788 1048 ὑγιῆ
805 971 920 1030 κανόνα
938 964 1014 1045 202,
1033 965 1091 1028 27:
1109 969 1190 1027 κατὰ
1207 969 1258 1026 τόν
1275 967 1390 1026 κανόνα
1408 974 1462 1026 τοῦ

267 1075 445 1159 εὐαγγελίου
463 1072 661 1157 20619120
678 1073 717 1136 of.
734 1071 810 1153 195,
828 1074 855 1135 1.
870 1073 908 1136 2:
933 1080 1014 1136 κατὰ
1032 1079 1082 1136 τόν
1099 1077 1213 1134 κανόνα
1228 1076 1316 1154 ἡμῶν
1336 1069 1412 1150 296,
1426 1071 1462 1135 8:

266 1181 358 1244 hebr.
384 1199 470 1276 nun?
501 1179 605 1244 Talm.
632 1179 776 1255 Berakot
807 1178 895 1244 5A.
929 1188 1017 1244 κατὰ
1044 1186 1094 1243 τόν
1119 1179 1319 1244 Πολυκλείτου
1349 1183 1463 1243 κανόνα

266 1287 399 1353 Lucisn.
423 1289 526 1353 saltat
552 1287 595 1352 75
620 1286 670 1374 (II
689 1287 781 1373 308).
805 1287 864 1352 sed
887 1294 1023 1362 τέκτονες
1046 1291 1176 1376 θατίρῳ
1201 1298 1262 1350 τῶν
1287 1287 1463 1375 ὀφθαλμῶν

267 1405 361 1484 πρός
392 1406 463 1471 τούς
489 1402 622 1469 κανόνας
651 1398 862 1461 ἀπευθύνουσι
893 1403 933 1460 τόι
958 1394 1033 1471 ξύλα
1059 1393 1192 1460 Lucien.
1215 1392 1396 1458 Iearomen.
1422 1396 1463 1458 14

267 1505 428 1593 (11769);
447 1506 486 1568 cf.
501 1509 533 1578 ἐς
551 1512 621 1577 τούς
637 1510 771 1577 κανόνας
787 1509 840 1576 οὓς
856 1506 1075 1590 προτεθείκατε
1092 1502 1287 1587 ἀποβλέπων,
1303 1508 1380 1588 πρός
1397 1511 1465 1568 τού-

266 1639 339 1688 τους
355 1616 499 1700 ῥυθμίζει
515 1621 564 1676 καί
581 1614 749 1677 ἀπευθύνει
765 1618 815 1675 τόν
833 1617 944 1677 ἑαυτοῦ
961 1612 1030 1696 βίον
1054 1609 1096 1674 id.
1114 1608 1232 1674 Pi'scut
1250 1608 1294 1673 30
1318 1609 1349 1696 (Ι
1365 1609 1463 1696 beet:

267 1727 345 1809 πρός
361 1728 412 1785 τόν
429 1723 525 1808 ὀρθόν
542 1725 658 1785 κανόνα
675 1719 889 1806 ἀπηκρίβωται
912 1718 957 1782 id.
975 1718 1046 1782 sdv.
1064 1717 1228 1782 indoctum
1246 1718 1266 1781 2
1288 1716 1463 1806 (111101).

268 1830 318 1895 cui
331 1829 527 1894 contrarium
537 1837 588 1892 est
600 1833 703 1914 παροίι
723 1825 873 1892 Clemens
887 1827 963 1906 203,
979 1828 1021 1890 14
1032 1834 1051 1900 ἡ
1064 1834 1152 1913 παρὰ
1164 1833 1215 1890 τόν
1227 1832 1342 1890 κανόνα
1354 1827 1463 1900 rideris:

271 1948 303 2003 et
328 1937 478 2002 dicuntur
505 1935 652 2001 homines
680 1935 886 2023 παραβαίνειν
911 1932 1014 1999 Clem.
1033 1935 1109 2017 320,
1134 1934 1176 1998 26
1199 1933 1251 1998 vel
1272 1935 1465 2021 ὑπερβαίνειν

273 2046 410 2126 iulet,
432 2044 534 2128 18119
562 2050 612 2108 τόν
636 2049 767 2125 κανόνα,
797 2052 833 2106 ut
856 2041 1006 2106 dicuntur
1025 2043 1218 2129 ὑπερβαίνειν
1241 2049 1346 2128 όρουςι
1377 2040 1465 2128 quod

271 2165 378 2218 tumen
396 2151 483 2216 haud
499 2151 565 2216 scio
583 2174 623 2214 an
640 2152 681 2216 ab
698 2150 761 2214 clia
777 2150 925 2214 vocabuli
941 2150 1177 2234 significatione
1194 2149 1324 2213 ductum
1338 2149 1386 2229 sit,
1402 2172 1465 2234 qus

273 2268 400 2334 κανόνες
430 2269 505 2323 sunt
534 2259 680 2323 cancelli.
726 2257 893 2322 Michaeas
916 2259 1017 2322 verbs
1038 2257 1081 2320 vii
1111 2258 1132 2319 4
1160 2275 1280 2352 ηρεῡρη
1300 2265 1360 2352 ἰιβζ
1382 2275 1463 2352 pm?

269 2379 437 2434 vertuntur
454 2373 497 2441 ὡς
514 2376 571 2439 σὴς
594 2372 753 2454 ἐκτρώγων
770 2377 820 2430 καί
838 2367 977 2452 βαδίζων
995 2371 1042 2430 1πί
1058 2374 1194 2438 κανόνος.
1223 2364 1351 2429 invenio
1369 2365 1465 2429 etiam

266 2480 397 2544 κλέπτειν
415 2483 466 2540 τόν
482 2481 596 2540 κανόνα
613 2482 667 2548 τὴς
694 2475 852 2546 ἐκκλησίας
870 2472 972 2538 Clem.
992 2474 1073 2555 324,
1097 2475 1151 2537 47.
1183 2479 1298 2537 κανόνα
1316 2472 1464 2537 homines

267 2586 417 2648 dicuntur
448 2583 501 2646 vel
531 2591 654 2668 μηνύειν
688 2581 789 2646 01οιιι.
819 2581 900 2662 195,
934 2582 974 2645 41
1009 2580 1062 2645 rel
1094 2583 1306 2668 προτίθεσθαι
1338 2579 1463 2644 Lucian

268 2693 408 2757 Demon.
435 2689 485 2780 (II
502 2689 581 2771 375)
605 2690 658 2754 vel
681 2697 868 2776 παριοτοίναι
894 2687 997 2754 01οιιι.
1013 2689 1089 2770 220,
1108 2689 1212 2772 34135
1235 2689 1328 2775 eique
1346 2688 1461 2774 quibus

267 2799 460 2888 proponitur
491 2798 687 2883 λαμβάνουσι
717 2795 820 2862 01οιιι.
850 2797 933 2877 321,
967 2787 1078 2878 40141
1110 2807 1142 2862 et
1173 2796 1380 2862 deindeorrd
1413 2803 1464 2860 τόν

268 2915 385 2972 κανόνα
409 2907 455 2972 eis
479 2908 586 2970 secere
611 2905 767 2992 quaedam
793 2911 1011 2992 ἐπιτέτραπται
1036 2903 1138 2970 Clcm.
1165 2905 1241 2986 220,
1269 2901 1319 2968 15.
1363 2912 1463 2968 κανὼν

270 3015 360 3102 quusi
377 3015 450 3079 virs
465 3015 519 3078 lex
535 3013 588 3078 vel
605 3014 789 3102 exemplum
806 3011 853 3076 roi
871 3034 953 3098 quae
969 3013 1042 3076 talis
1060 3023 1108 3076 est
1132 3012 1235 3099 qualis
1261 3033 1332 3078 esse
1356 3011 1463 3093 debet,

271 3123 399 3210 quodsi
417 3132 566 3187 accurate
583 3121 695 3186 imitati
710 3119 864 3186 fuerimus
881 3119 923 3182 sd
934 3120 1043 3206 'ipsam
1059 3142 1215 3184 summam
1232 3120 1463 3206 perfectionem

269 3231 441 3319 attigimus.
472 3231 535 3294 inm
554 3251 631 3296 vero
647 3251 713 3292 non
730 3227 904 3292 extimesco
920 3249 962 3290 ne
975 3225 1132 3292 ridiculus
1154 3228 1226 3310 sim,
1249 3229 1276 3293 si
1296 3227 1352 3293 'eos
1369 3251 1463 3292 onno-

269 3363 326 3404 nes
354 3339 589 3404 ecclesiasticos
617 3336 813 3422 antiquiores
840 3357 910 3406 esse
936 3335 1065 3418 dixero,
1099 3336 1154 3422 qui
1181 3359 1246 3402 non
1273 3336 1463 3424 imperativo

269 3447 366 3512 modo
385 3447 442 3512 sed
465 3447 516 3512 vol
538 3445 696 3510 infinitivo
713 3444 764 3506 vel
786 3443 959 3510 indicativo
976 3454 1120 3509 utantur:
1147 3445 1278 3510 canonis
1295 3445 1381 3510 enim
1398 3467 1463 3508 non

269 3567 318 3620 est
333 3555 454 3636 iubere,
472 3553 529 3619 sed
546 3563 727 3618 monstrare
744 3563 776 3616 et
793 3551 986 3618 describere.
1202 3531 1207 3538 ⁸

359 3660 520 3740 Quoniam
546 3662 586 3726 de
606 3671 672 3726 toto
695 3681 817 3746 genero
840 3659 997 3726 librorum
1021 3661 1134 3726 adius
1159 3661 1367 3726 christianum
1390 3681 1463 3747 per-

268 3770 439 3835 tinentium
456 3771 539 3852 dixi,
564 3792 650 3834 nuno
667 3768 708 3834 de
724 3767 859 3854 singulis
874 3768 966 3834 libris
984 3792 1086 3856 pauca
1102 3769 1216 3832 dicem.
1254 3769 1294 3832 de
1312 3769 1463 3833 coustitu-

268 3878 409 3944 tionibus
434 3878 617 3965 apostolicis
640 3877 712 3942 fieri
736 3899 800 3941 non
824 3887 931 3964 potest
953 3887 988 3940 ut
1011 3878 1141 3964 loquor:
1167 3899 1242 3940 nom
1260 3897 1357 3963 quum
1375 3897 1463 3940 sess
1486 3865 1489 3872 ¹

268 3985 392 4052 duabus
409 3986 557 4052 manibus
572 3985 734 4072 prolectas
751 4007 836 4067 esse,
857 3985 980 4052 intexta
997 4005 1073 4049 vero
1090 3985 1158 4066 fila,
1177 3985 1323 4071 quemvis
1340 3983 1464 4048 secerni

268 4103 335 4158 tum
363 4117 426 4158 non
454 4105 602 4181 possent,
635 4115 676 4156 ex
704 4091 817 4157 cadem
845 4093 916 4159 colo
944 4093 1040 4157 ducta
1066 4092 1278 4158 intellexisset
1302 4091 1462 4174 Usserius,

267 4201 355 4266 unde
378 4201 525 4265 falsarius
550 4201 734 4287 ignatianus
757 4201 888 4288 Ignatio
913 4202 1010 4266 telam
1035 4201 1199 4266 extendit:
1233 4200 1360 4287 seiungi
1384 4200 1464 4264 lraoc

268 4307 410 4396 quaestio
434 4309 525 4372 alite
541 4309 706 4396 ignatinus
730 4309 930 4374 nullomodo
950 4320 1084 4396 poteret.
1127 4309 1338 4373 commodiori
1362 4309 1463 4395 igitur

267 4417 347 4480 haec
372 4416 508 4504 tempori
533 4417 670 4504 seposui.
711 4417 768 4482 sed
794 4440 858 4482 non
882 4439 1013 4503 possum
1038 4418 1078 4482 de
1101 4417 1363 4483 constitutionum
1387 4439 1462 4504 spo»

267 4525 451 4590 stolicarum
468 4524 550 4590 libro
567 4530 682 4590 octavo
700 4535 816 4606 tacere,
835 4547 930 4612 quern
947 4535 1021 4611 post
1036 4525 1073 4590 Ε.
1089 4523 1247 4591 Grabium
1265 4525 1356 4609 multi
1373 4525 1462 4588 lucre
