3128 4972
709 453 925 514 „28-

217 615 372 699 Origene,
398 617 706 700 quartodecimanos
728 618 805 683 illos
829 619 871 684 ad
895 619 1167 684 consuetudinem
1191 643 1283 686 suam
1304 623 1421 687 desen-

216 736 355 799 dendam
379 759 446 800 non
468 737 576 800 solum
594 736 727 801 Domini
749 739 946 822 exemplum,
970 738 1028 802 sed
1048 739 1148 804 ctiam
1168 741 1278 824 legem
1294 742 1420 806 Mosai-

216 877 287 922 cam
310 855 500 940 protulisse.
548 856 681 920 Etenim
704 853 781 918 κατὰ
805 853 855 918 τὸν
878 855 965 936 νόμον
989 857 1071 922 dicit
1094 860 1420 945 Pseudo-Origenes

215 975 408 1039 observasse
432 996 488 1039 eos
513 983 667 1058 quartum
690 976 854 1042 decimum
878 976 974 1061 primi
996 977 1118 1041 mensis
1141 979 1239 1058 diem,
1263 980 1419 1063 quoniam

215 1094 334 1178 inlege
346 1093 505 1177 scriptum
522 1102 622 1173 esset,
643 1092 856 1175 ἕπικατάρατον
873 1094 994 1157 ἔσεσθαι
1012 1091 1061 1158 τὸν
1079 1092 1118 1176 μὴ
1136 1095 1308 1177 φυλάξαντα
1326 1094 1421 1169 οὕτως

214 1209 254 1282 cic
276 1210 470 1274 διαστέλλεται
493 1213 547 1297 (cf.
570 1215 671 1277 Num.
690 1218 721 1293 9,
740 1216 873 1280 130011.
899 1215 1000 1280 Deut.
1019 1219 1070 1295 27,
1089 1220 1153 1300 26).
1193 1217 1420 1282 Perhibebant

216 1354 293 1416 ergo
318 1331 379 1411 illi,
404 1332 504 1396 etiam
529 1333 717 1397 christianis
739 1355 814 1398 cum
837 1334 924 1398 diem
946 1337 1146 1420 paschalem,
1174 1336 1284 1420 quiin
1305 1347 1418 1401 vetere

214 1459 417 1516 testamento
434 1461 523 1517 esset
538 1453 771 1538 praescriptae,
790 1455 1032 1519 observandum
1048 1477 1132 1519 csse.
1161 1455 1289 1519 Ceteris
1305 1467 1420 1520 autem

214 1571 299 1655 legis
330 1572 515 1657 praeceptis
548 1573 728 1637 obstrictos
761 1595 796 1637 se
827 1596 894 1638 non
924 1575 1110 1652 habebant,
1142 1597 1241 1658 quare
1271 1575 1417 1640 Pseudo-

214 1690 376 1775 Origenes
409 1714 465 1757 cos
496 1693 672 1756 Paulinum
706 1693 790 1758 illud
827 1701 941 1757 monet
973 1693 1061 1777 (Gal.
1087 1699 1123 1773 5,
1148 1697 1196 1778 3):
1234 1691 1419 1774 μαρτύρομαι

213 1816 300 1880 πάλιν
318 1812 402 1879 uani
422 1816 573 1898 ἀνθρώπῳ
596 1819 818 1900 περιτεμνομένῳ
841 1816 883 1882 ὅτι
906 1817 1050 1900 ὀφειλέτης
1073 1814 1146 1882 ἐστὶν
1170 1816 1237 1883 ὅλον
1259 1819 1308 1884 τὸν
1329 1820 1418 1900 νόμον

213 1949 337 2024 ποιῆσαι.

300 2065 366 2128 Sed
384 2067 456 2150 jam
480 2065 664 2148 quaeritur,
690 2067 786 2151 quale
809 2066 944 2130 tandem
967 2069 1091 2151 pascha
1114 2066 1229 2146 fuerit,
1255 2069 1342 2150 quod
1366 2067 1417 2131 illi

214 2183 389 2267 quotannis
413 2184 465 2248 die
489 2195 606 2268 quarto
631 2186 758 2250 docimo
782 2186 937 2268 agebant.
977 2189 1029 2251 Ac
1052 2186 1151 2250 multi
1174 2187 1307 2269 quidem
1330 2186 1415 2251 viro·

212 2325 285 2367 rum
308 2303 482 2368 doctorum
506 2312 722 2384 censuerunt,
747 2305 847 2369 etiam
871 2307 931 2368 sub
955 2305 1055 2369 finem
1078 2305 1202 2370 saeculi
1224 2330 1256 2390 p.
1279 2306 1358 2370 Chr.
1379 2329 1413 2369 n.

213 2423 348 2487 secundi
371 2423 405 2487 in
428 2423 568 2489 ecclesia
591 2425 770 2489 christiana
793 2424 931 2488 Judaico
955 2447 1045 2488 more
1063 2427 1187 2509 pascha
1210 2425 1416 2488 celebratum

214 2563 296 2606 esse.
352 2543 406 2606 Ita
439 2551 476 2608 ut
507 2543 660 2608 omittam
692 2545 940 2622 Mosucnruu¹,
974 2544 1276 2622 Scuuoncnrnuu',
1309 2547 1414 2607 Bnur-

213 2665 477 2741 sonuerunuuffl,
502 2663 584 2727 alios
607 2663 830 2747 perhibentes,
854 2671 962 2727 totam
986 2676 1021 2727 ct
1044 2662 1180 2727 orientis
1204 2671 1239 2726 et
1262 2662 1413 2727 occiden-

213 2783 257 2846 tis
280 2783 454 2847 ecclesiam
473 2782 618 2846 Victoris
642 2792 677 2848 et
698 2782 883 2868 Polycratis
907 2783 1111 2866 temporibus
1132 2805 1254 2866 agnum
1275 2783 1412 2866 pascha·

212 2903 279 2965 lem
307 2925 398 2967 more
426 2903 564 2967 Judaico
593 2924 765 2980 coenasse,
795 2900 1178 2987 imprimiannaunu‘,
1207 2903 1411 2979 Rnrrnaue⁶,

188 3024 445 3102 .Scuwnar.nu⁶,
472 3023 613 3100 Hassu⁷,
643 3021 700 3087 alii
727 3028 933 3099 statuerunt,
964 3043 1076 3084 omnes
1100 3020 1222 3085 Asiae
1246 3019 1413 3084 minoris

214 3141 370 3207 ecclesias
394 3142 568 3208 etiamtum
588 3142 787 3206 iudaeorum
811 3142 938 3224 pascha
957 3140 1078 3215 edisse;
1104 3141 1193 3223 quod
1216 3141 1256 3206 de
1280 3139 1319 3203 iis
1343 3138 1413 3222 qui·

213 3261 299 3339 dem,
325 3263 380 3345 qui
403 3263 436 3327 in
456 3261 651 3346 fragmentis
672 3260 818 3325 chronici
834 3259 998 3346 paschalis
1015 3259 1261 3344 impugnantur,
1280 3268 1414 3343 quarto-

294 3639 302 3670 ¹
329 3644 376 3702 De
399 3643 488 3702 robus
516 3643 763 3715 christianorum,
788 3663 817 3720 p.
844 3645 1035 3701 aso-444.
1061 3675 1102 3684 -
1137 3641 1173 3700 cf.
1202 3661 1279 3719 quae
1310 3647 1415 3699 contra

212 3730 416 3788 Moshemium
446 3729 567 3788 monuit
596 3729 762 3805 Rsttberg,
794 3721 942 3785 Zeitaclcr.
963 3721 1000 3806 s.
1031 3721 1139 3790 hiatur.
1174 3721 1274 3784 Theol.
1306 3727 1353 3798 11,
1384 3729 1414 3799 2,

213 3835 232 3893 p
298 3896 310 3928 ¹
327 3895 561 3974 Kiroheopesclr.
579 3900 629 3958 III
645 3895 770 3975 (1777),
786 3919 815 3976 p.
833 3899 883 3956 52.

299 3982 311 4014 ⁸
327 3982 513 4057 Probabilis,
529 4005 558 4063 p.
577 3987 647 4043 109.

296 4067 311 4102 ⁴
328 4066 571 4129 Kirchenhiotor.
591 4063 714 4136 Archiv,
734 4070 828 4140 1823,
845 4069 915 4126 susc.
933 4070 962 4138 2,
978 4087 1007 4144 p.
1024 4068 1191 4124 90-100.

300 4154 310 4186 ⁶
329 4151 519 4236 Zeitsclcr.f.
536 4151 643 4213 histor.
665 4149 765 4210 Theoi.
783 4155 825 4225 11,
842 4156 871 4224 2,
888 4174 917 4231 p.
935 4155 996 4211 116
1012 4173 1056 4229 sq.

299 4236 568 4309 ‘Montaniamua
586 4262 615 4319 p.
633 4242 694 4299 191
711 4259 777 4316 sqq.

299 4325 310 4356 ¹
327 4322 562 4403 Kirchcnpeock.
580 4328 605 4400 Ι,
622 4329 673 4386 89.
