3052 4974
654 1168 688 1242 A

196 1366 242 1431 Οἰ
263 1365 447 1432 ἀπόστολοι
469 1365 525 1432 καὶ
554 1369 591 1432 οί
609 1367 832 1452 πρεσβύτεροι
858 1371 940 1432 πᾶσι
960 1379 1029 1445 τοϊς
1053 1370 1086 1447 ἐξ
1113 1371 1228 1436 έθνῦν

105 1467 329 1533 πιστεύσασιν
361 1468 416 1534 ἐπὶ
445 1466 504 1534 τόν
537 1467 657 1555 κύριον
682 1467 812 1554 Ἰησοῦν
838 1469 989 1555 χριστόν·
1028 1470 1124 1556 χάρις
1148 1467 1229 1555 ὑμῖν

106 1569 165 1634 καὶ
197 1569 313 1654 εἰρήνη
341 1567 409 1636 ἀπὸ
436 1573 496 1636 τοῦ
524 1571 796 1655 παντοκράτορος
820 1575 907 1636 θεοῦ
935 1567 990 1636 διά
1020 1575 1081 1636 τοῦ
1106 1577 1229 1655 κυρίου

105 1668 205 1755 ἡμῶν
238 1668 347 1755 Ἰησοῦ
382 1677 520 1757 χριστοῦ
558 1677 775 1758 πληθυνθείη
816 1675 854 1738 ἰν
893 1671 1071 1756 ἐπιγνώσει
1110 1671 1226 1739 αὐτοῦ.

104 1775 194 1838 θεοῦ
225 1776 348 1856 φυτεία
380 1769 401 1857 ἡ
437 1773 602 1860 καθολική
633 1776 815 1858 ἐκκλησία,
847 1772 904 1840 καὶ
931 1771 1091 1857 ἀμπελοδν
1124 1772 1262 1840 αῦτοῦὸ

107 1873 265 1950 ἐκλεκτός
280 1874 317 1939 οἰ
334 1876 591 1954 πεπιστευκότες
610 1879 656 1953 εἰς
672 1874 734 1960 τήν
747 1873 882 1960 ἀπλανῆ
897 1877 1096 1959 θεοσέβειαν
1111 1873 1227 1959 αὐτοῦ,

107 1976 146 2040 οί
168 1973 231 2060 τήν
252 1973 392 2042 αἰάνιον
419 1977 648 2062 καρπούμενοι
669 1977 726 2043 διά
748 1981 891 2054 πίστεως
915 1979 1091 2060 βασιλείαν
1111 1975 1227 2062 αὐτοῦ,

107 2085 124 2118 *
152 2077 300 2161 δύναμιν
330 2076 435 2143 αὐτοῦ
461 2078 635 2164 εἰληφότες
663 2079 720 2145 καί
748 2079 972 2164 μετουσίαν*
997 2077 1097 2162 ἁγίου
1123 2079 1228 2145 πνεῦ-

105 2202 229 2265 ματος,
258 2175 461 2263 ὠπλισμένοι
484 2177 540 2246 διά
557 2179 667 2266 Ἰησοῦ
688 2181 744 2246 καί
768 2181 1054 2264 ένεστερνισμένοι
1081 2180 1141 2246 τόν
1163 2181 1226 2266 φό-

105 2285 172 2366 βον
194 2277 315 2363 αὐτοῦ,
346 2280 566 2365 δανείσματος
588 2282 720 2367 μέτοχοι
740 2284 802 2347 τοῦ
822 2285 935 2364 τιμίου
955 2279 1012 2346 καὶ
1033 2279 1151 2347 ἀθάου
1174 2283 1227 2350 αί-
1249 2296 1279 2348 10

105 2407 212 2468 ματος
228 2386 289 2448 τοῦ
310 2387 465 2469 χριστοῦ,
489 2384 526 2447 οἰ
541 2387 734 2467 παρρησίαν
756 2382 929 2467 εἰληφότες
949 2380 1009 2448 τόν
1036 2383 1228 2468 παντοκρά-
1296 2381 1307 2462 1

106 2509 191 2569 τορα
216 2481 301 2550 θεόν
328 2489 445 2550 καλεῖν
472 2487 614 2569 πατέρα,
649 2484 917 2569 συνκληρονόμοι
947 2482 1004 2550 καὶ
1030 2483 1229 2570 συμμέτοχοι

106 2591 169 2652 τοῦ
182 2585 401 2671 ἠγαπημένον
419 2585 537 2664 παιδός
552 2584 666 2652 αὐτοῦ.
701 2585 868 2651 ἀκούσατε
883 2587 1105 2652 διδασκαλίαν
1120 2587 1227 2670 ίεράν,

107 2689 146 2753 οἱ
158 2687 375 2772 ἀντεχόμενοι
393 2692 451 2773 τῆς
473 2690 672 2772 ἐπαγγελίας
694 2685 809 2770 αὐτοῦ,
834 2689 871 2752 ίκ
894 2687 1147 2772 προστάγματος
1167 2693 1229 2756 τοῦ

107 2793 276 2874 σωτῆρος,
293 2787 493 2875 δμοστοίχως
510 2801 582 2866 ταῖς
598 2789 745 2868 ἐνδόξοις
759 2795 927 2874 φθογγαίς
945 2786 1059 2854 αὐτοῦ.
1095 2791 1228 2875 φυλάσ-
1247 2805 1279 2856 15

106 2897 229 2975 σεσθε,
253 2892 289 2956 οἰ
302 2891 372 2957 υἱοὶ
385 2895 488 2975 θεοῦ,
512 2892 622 2956 πάντα
647 2893 693 2968 εἰς
712 2887 868 2976 ὑπακοήν
883 2895 969 2957 θεοῦ
986 2891 1151 2975 πράσσειν
1172 2891 1228 2958 καὶ

106 2997 266 3078 γίνεσθαι
293 2991 429 3076 ἀρεστοί
455 2992 493 3058 ἐν
520 2997 602 3058 πᾶσι
629 2997 736 3081 κυρίῳ
760 2997 807 3081 τῷ
825 2997 897 3081 θεῷ
923 2989 1028 3078 ἡμῶν.
1075 2991 1135 3058 έάν
1162 2993 1227 3077 γάρ

106 3119 157 3172 τις
186 3092 331 3178 ἀνομίαν
359 3093 549 3180 μεταδιοόκη
574 3093 630 3160 καὶ
660 3093 700 3162 τά
733 3097 869 3162 ἐναντία
897 3099 943 3182 τῷ
970 3093 1135 3177 θελήματι
1167 3098 1229 3159 τοῦ

105 3199 195 3262 θεοῦ
219 3199 300 3282 ποιῇ
306 3245 316 3280 ,
343 3191 387 3273 ῦς
408 3195 607 3280 παράνομον
628 3199 729 3274 ἔθνος
749 3201 797 3284 τῷ
816 3199 889 3283 θεῷ
918 3193 937 3260 ό
957 3197 1107 3272 τοιοῦτος
1134 3198 1228 3278 λογι-

74 3298 283 3382 Ισθήσεται.
311 3300 316 3384 Ι
349 3295 514 3382 ἀπέχεσθε
547 3288 610 3363 οῦν
644 3299 751 3383 πάσης
782 3300 975 3376 πλεονεξίας
1002 3295 1058 3362 καὶ
1086 3295 1226 3374 ἀδικίας.
1245 3313 1279 3363 20

107 3401 165 3465 καί
181 3397 252 3485 1γάρ
276 3401 314 3464 ἐν
334 3403 381 3485 τῷ
404 3400 498 3485 νόμῳ
522 3400 704 3483 γέγραπται
732 3397 804 3464 Οῦκ
834 3399 1054 3483 ἐπιθυμήσεις
1077 3397 1139 3483 τήν
1164 3423 1227 3483 γυ-

107 3513 209 3568 ναῖκα
237 3503 298 3565 τοῦ
333 3505 477 3586 πλησίον
496 3517 574 3574 Ισου
606 3499 684 3567 οὐδὲ
713 3499 773 3568 τόν
797 3498 903 3585 ἀγρόν
931 3499 1036 3565 αῦτοῦ
1063 3497 1142 3566 οῦδὲ
1167 3500 1227 3567 τόν

175 3693 214 3741 2-
227 3693 320 3742 4Petr
331 3708 351 3743 α
365 3692 424 3753 1‚·2:
438 3709 501 3772 naum
515 3694 600 3742 etiam
614 3684 754 3756 (λάκτισμα
767 3689 889 3766 αἵματος
905 3689 935 3740 10
948 3697 975 3741 ει
988 3685 1030 3749 εἰς
1048 3682 1182 3758 ὑπακοήν
1196 3689 1227 3741 16

177 3777 293 3827 eundem
312 3793 420 3828 versum
439 3778 466 3826 in
486 3779 645 3828 memoriam
663 3781 796 3828 revocant
811 3773 815 3840 Ι
830 3775 860 3824 ’11
881 3775 959 3826 Exod
976 3774 1018 3840 20,
1039 3776 1069 3826 17

177 3943 299 3996 1πάσιτ
316 3963 333 3996 x
353 3945 358 4010 1
378 3939 647 4011 21π1α1,ιίςιι
667 3947 683 3995 5
702 3943 775 3997 θεοῦ
793 3949 832 4007 εἰ,
852 3943 967 4010 χριστοῦ
984 3961 1008 3994 w
1033 3945 1038 4007 Ι
1062 3939 1193 4010 Bos-{d
1220 3945 1225 4009 Ι

106 4029 194 4081 Βτοῦ
205 4030 239 4094 ÷
252 4033 264 4078 t
278 4027 315 4096 18
332 4019 425 4095 ἀγίυτ
444 4029 449 4096 Ι
468 4030 485 4080 9
502 4021 695 4097 ὁπλησάμενοι
714 4047 738 4080 w
753 4030 757 4091 Ι
776 4028 793 4079 9
811 4020 1053 4094 ἰνεστερνιομένοι
1066 4029 1099 4094 L,
1118 4021 1225 4093 ένστερ·

107 4107 258 4180 τισάμενοι
275 4131 314 4179 ιτ,
334 4107 560 4180 ένστερνισμένοι
578 4121 608 4164 τι
628 4117 631 4179 Ι
654 4114 684 4164 12
702 4106 776 4165 θεὸν
791 4111 825 4176 >
843 4117 874 4172 t!
894 4113 925 4163 12
943 4107 1053 4179 πατέρα
1070 4113 1170 4163 καλεῖν
1188 4117 1200 4162 ι
1220 4113 1224 4178 ff

109 4199 140 4250 12
158 4191 386 4266 συνκληρονόμοι
404 4215 420 4250 x
436 4197 440 4266 Ι
457 4199 489 4248 15
505 4190 673 4265 όμόστοιχον
691 4204 702 4247 t
718 4199 722 4260 Ι
740 4197 769 4247 15
788 4197 935 4262 φθονγαῑς
953 4215 969 4247 x
989 4201 994 4256 Ι
1016 4197 1048 4248 16
1070 4195 1143 4247 θεοῦ
1167 4190 1226 4247 υίοί

107 4291 118 4332 1
141 4287 146 4342 Ι
171 4283 203 4334 111
221 4273 338 4334 ἅπαντα
356 4287 368 4334 1
391 4281 396 4350 Ι
421 4283 450 4333 17
474 4282 593 4348 γίνεσθε
613 4289 643 4333 xt
666 4281 670 4348 Ι
697 4283 726 4332 17
749 4281 837 4332 πᾶσιν
859 4299 877 4332 x
898 4281 902 4346 Ι
924 4281 954 4330 17
977 4281 1066 4346 κυρία
1086 4295 1143 4340 wx,
1166 4297 1223 4346 χρι-

107 4367 160 4418 στοῦ
179 4373 191 4418 t
206 4366 212 4434 Ι
231 4368 260 4417 17
277 4360 360 4433 ἡμῶν
376 4367 410 4430 >
427 4384 452 4416 w
467 4367 472 4432 Ι
488 4367 520 4418 19
537 4372 619 4419 ποιεῖ
633 4385 649 4417 x
666 4368 717 4428 12¹2
735 4359 804 4416 οῦδὶΙ
823 4365 939 4414 alterum
956 4370 1004 4426 ντί,
1024 4353 1088 4414 οῦττ
1107 4381 1123 4412 ιι

1005 4457 1020 4516 1
