3160 4976
116 271 165 342 30

55 469 89 527 νγ
109 447 149 508 Εἴ
172 466 219 517 τις
252 447 414 516 ἐπίσκοπος
436 446 456 513 ἦ
482 443 690 529 πρεσβύτερος
712 447 731 514 ἦ
756 441 896 515 διοίκονος
925 445 955 504 ἐν
978 452 1050 513 ταῖς
1080 418 1211 526 ἡμέραις
1239 452 1300 505 τῶν

108 558 221 639 ἑορτῶν
246 556 280 616 ού
304 551 540 636 μεταλαμβάνει
564 562 659 638 κρεῶν
682 558 733 614 καί
757 555 849 628 οἶνου,
875 549 1120 634 βδελυσσόμενος
1135 557 1186 613 καί
1202 553 1236 612 ού
1261 549 1300 612 δι’

108 665 252 735 ᾶσκησινι
276 660 508 746 καθαιρείσθω,
528 661 571 731 ιύς
588 663 884 744 κικαυτηριασμίνος
899 664 953 729 την
971 656 1049 720 ίδίαν
1067 657 1234 729 συνείδησιν
1251 666 1301 722 καί

109 773 205 841 αίτιος
229 767 401 832 σκανδάλου
426 766 547 838 πολλοῖς
571 771 739 851 γενόμενος.

33 873 91 938 -νδ
107 877 146 938 Εἴ
167 897 213 949 τις
237 876 372 960 κληρικός
397 878 426 936 ἐν
450 874 604 954 καπηλείῳ
621 875 787 961 φωραθείη
813 873 941 952 ἐσθίων,
966 872 1169 958 ἀφοριζίοθω
1205 867 1304 958 πάρεξ
1331 897 1346 934 ε

108 993 162 1047 τοῦ
187 989 215 1047 ἐν
241 983 416 1068 πανδοχείῳ
447 985 477 1043 ίν
503 980 564 1061 όδῷ
595 979 635 1044 δι’
660 985 796 1065 ἀνάγκην
821 979 1060 1052 καταλύοντος.“

55 1110 90 1152 νε
108 1091 145 1154 Et
166 1114 212 1164 τις
234 1091 373 1176 κληρικός
396 1090 513 1175 ὑβρίσει
537 1093 625 1151 τόνέ
627 1095 788 1168 πίσκοπον,
820 1085 1054 1172 καθαιρείσθω.
1080 1091 1222 1173 ἄρχοντα
1245 1097 1299 1150 τοῦ

106 1199 183 1264 λαοῦ
208 1220 263 1261 σου
288 1202 339 1261 ούκ
361 1201 439 1283 ἐρεῖς
462 1192 598 1268 κακῶςβ

50 1321 89 1370 νς
107 1308 145 1370 Et
166 1329 210 1379 τις
236 1306 372 1390 κληρικός
397 1302 513 1390 όβρίσει
538 1301 744 1390 πρεσβύτερον
768 1307 791 1372 ἦ
813 1301 967 1380 διάκονον,
983 1250 1212 1388 ἀροριζίσθω..

54 1405 93 1478 νζ
106 1418 146 1479 Et
159 1438 205 1487 τις
229 1414 366 1499 κληρικός
397 1413 497 1496 χωλόν
521 1416 540 1482 ἡ
564 1415 664 1495 κωφόν
688 1415 707 1480 ἢ
732 1410 841 1497 τυφλόν
876 1414 979 1481 ἣτὰς
1002 1409 1112 1494 βοίσεις
1130 1411 1300 1495 πεπληγμέ-
1323 1433 1348 1472 ιο

105 1543 155 1585 νον
179 1523 339 1608 χλευάσει,
365 1520 579 1608 ἀροριζίσθω·
605 1519 757 1590 ὡσαύτως
779 1525 829 1580 καί
852 1518 967 1588 λαίκός.

51 1643 86 1708 νη
109 1631 292 1701 Ἐπίσκοπος
314 1633 333 1698 ἦ
358 1628 567 1714 πρεσβύτερος
591 1625 711 1708 ἀμελῶν
745 1635 798 1688 τοῦ
821 1624 931 1711 κλήρου
955 1630 974 1696 ἣ
999 1635 1053 1688 τοῦ
1084 1626 1161 1689 λαοῦ
1184 1633 1235 1690 καί
1257 1633 1300 1708 μὴ

106 1737 258 1800 παιδεύων
285 1741 396 1808 αύτούς
420 1742 473 1806 τὴν
512 1734 669 1818 εύσίβειαν
700 1735 918 1820 ἀφοριζίσθω·
950 1737 1097 1815 ε’πιμίνων
1123 1734 1156 1797 δέ
1180 1747 1216 1816 τῇ
1240 1737 1300 1821 ῥᾳ-

106 1845 211 1927 θυμίᾳ
241 1845 474 1928 καθαιρείσθω.

46 1937 86 2004 νύ
107 1953 144 2015 Et
166 1974 211 2024 τις
229 1953 390 2022 ἐπίσκοπος
413 1954 432 2019 ἡ
456 1949 674 2036 πρεσβύτερος,
699 1952 781 2021 τινός
804 1960 865 2012 τῶν
889 1948 1034 2034 κληρικῶν
1060 1948 1181 2020 ἐνδεοῦς
1204 1951 1302 2026 όντος,
1322 1973 1348 2012 ιε

105 2067 147 2142 μὴ
170 2063 350 2144 ἐπιχορηγεῖ
370 2064 410 2121 τὰ
433 2057 566 2120 δέονται
588 2058 808 2146 ἀροριζέσθω·
840 2061 988 2139 ἐπιμίνων
1011 2056 1043 2120 δὲ
1067 2058 1300 2144 καθαιρείσθω,

106 2169 149 2240 ὡς
174 2173 326 2254 φονεύσας
349 2169 400 2228 τόν
425 2163 554 2252 ἀδελφόν
580 2169 687 2229 αύτού.

68 2261 88 2334 f
105 2277 144 2338 Εἰ
158 2296 203 2346 τις
220 2279 260 2336 τὰ
277 2272 512 2359 ψευδεπίγραρα
537 2283 596 2336 τῶν
620 2273 744 2357 ἀσεβῶν
769 2271 878 2357 βιβλία
895 2273 940 2344 ὡς
956 2274 1034 2356 ἅγια
1056 2275 1103 2334 ἐπί
1125 2283 1180 2344 τῆς
1196 2271 1301 2341 ἐκκλη-

105 2390 175 2455 σίας
203 2381 374 2464 δημοσιεύοι
398 2384 444 2442 ἐπί
466 2380 545 2464 λύμῃ
568 2391 621 2442 τοῦ
645 2381 722 2444 λαοῦ
744 2387 794 2443 καί
816 2380 868 2444 τοῦ
890 2379 1019 2462 κλόρουτ
1046 2380 1302 2464 καθαιρείσθωῐ

45 2476 86 2549 ἓν
107 2490 143 2554 Εἴ
164 2513 211 2562 τις
234 2495 405 2574 κατηγορία
428 2494 553 2573 γίνηται
578 2493 658 2549 κατὰ
682 2498 789 2549 πιστοῦ
805 2490 982 2573 πορνείαςῆ
1001 2493 1144 2572 μοιχείας
1168 2491 1187 2556 ἢ
1205 2485 1301 2557 ἄλλης
1320 2477 1360 2548 κο

105 2603 184 2670 τινός
197 2599 452 2682 ἀπηγορευμένης
463 2591 854 2680 πράξεωςκαίέλεγχθείηι
868 2597 912 2666 τίς
922 2593 1028 2679 κλῆρον
1039 2601 1082 2676 μὴ
1096 2594 1300 2680 προσαγέσθω.

45 2692 87 2775 ξβ
105 2705 141 2767 Εἰ
162 2727 208 2776 τις
231 2705 367 2790 κληρικός
391 2701 442 2764 διὰ
460 2703 557 2790 ρόβον
575 2703 772 2786 ἀνθρώπινον
791 2701 943 2764 Ἰουδαίου
959 2705 978 2770 ἦ
997 2701 1146 2773 Ἕλληνος
1168 2706 1188 2771 ἡ
1214 2706 1299 2787 αἰρε-

103 2815 183 2876 τικοῦ
207 2814 384 2898 ἀρνήσεται,
409 2814 435 2872 εί
457 2791 511 2892 μλν
529 2815 562 2874 τό
580 2812 676 2892 ὄνομα
693 2811 746 2872 τοῦ
763 2819 909 2895 χριστοῦι
936 2809 1190 2894 ἀποβαλλέσθω·
1216 2814 1242 2872 εί
1265 2808 1298 2871 δὲ

101 2955 199 3007 κανόνα
218 2971 238 3014 ε,
258 2951 329 3011 ὅπως
347 2953 402 3022 χρὴ
422 2948 551 3018 δέχεσθαι
570 2951 632 3010 τούς
651 2947 702 3003 ἀπό
722 2949 857 3024 αἱριτικύιν
877 2951 1114 3025 προσιρχομδνους,
1135 2953 1179 3004 καὶ
1197 2952 1241 3003 τόν
1258 2949 1300 3013 λδ,

104 3042 175 3103 ὅπως
194 3043 241 3102 τὰς
261 3041 452 3109 μοιχιυθιίσας
477 3042 613 3108 γυναῖκας.

193 3133 226 3202 α)
247 3134 321 3193 Ζὴτει
334 3135 381 3190 τῆς
393 3129 420 3182 ίν
435 3129 580 3200 Λαοδικείᾳ
592 3132 689 3182 κανόνα
703 3130 736 3185 κδ
754 3133 857 3193 καὶτῆς
875 3129 901 3183 ἐν
916 3131 1074 3204 Καρθανίνη
1094 3132 1223 3199 κανδναμ
1245 3133 1299 3201 [καὶ

102 3229 149 3286 τῆς
161 3224 188 3275 ἑν
200 3225 237 3291 τῷ
250 3219 371 3292 τρούλλιρ
386 3217 461 3281 ἕκτης
475 3219 588 3273 συνόδου
599 3221 697 3273 κανόνα
706 3221 746 3291 3.]
761 3240 829 3291 quae
844 3221 868 3292 [J
883 3225 987 3275 inclusa
999 3241 1069 3274 man.
1081 3233 1180 3276 recent.
1193 3227 1300 3289 scripta.

192 3310 226 3383 β)
246 3313 376 3377 sequitur:
396 3310 516 3378 Σχόλιον.
538 3309 586 3376 Ἐξ
601 3309 747 3373 αὐθαδείας
767 3311 847 3374 δῆλον
867 3311 906 3364 ὅτι
919 3315 963 3365 καὶ
977 3311 1150 3377 ἀλαζονείας,
1171 3311 1237 3365 ἀλλ’
1252 3311 1298 3366 ούκ

105 3403 170 3470 ἄξια
182 3401 286 3475 ὕβρεως
303 3397 448 3470 πράξαντα.

194 3491 226 3560 γ)
246 3489 410 3557 ἀναηίνωσκι
424 3491 467 3541 καὶ
480 3495 526 3552 τῆς
539 3489 565 3542 δν
580 3489 741 3562 Καρθαγίνη
754 3492 852 3545 κανόνα
875 3490 917 3561 ξη.

186 3595 302 3651 ἳὴολνου
317 3597 343 3646 C,
359 3597 399 3636 εεό
415 3608 426 3635 ε
440 3598 476 3637 καί
491 3595 559 3637 οἴνου.
576 3619 602 3627 -
616 3599 636 3638 2.
653 3601 665 3640 ³
681 3597 713 3651 βό.
729 3612 750 3638 κ.
766 3597 792 3640 ού
806 3597 825 3640 δ.
841 3597 934 3650 διιιῦ,
950 3602 1018 3641 habnt
1033 3613 1052 3642 ε.
1073 3623 1101 3631 -
1122 3602 1135 3642 3
1155 3611 1298 3654 κικαυςηρια-

104 3670 181 3726 «μόνης
196 3672 222 3720 c,
238 3665 433 3723 ιικαοτηρισμύνος
448 3669 477 3708 Η.
493 3690 519 3698 -
539 3667 620 3708 υῑκτίαν
634 3682 675 3722 pro
691 3667 745 3710 ίδύαν
762 3673 786 3711 Ρ.
802 3693 828 3701 —-
844 3671 963 3726 συνείδησιν
979 3676 1001 3714 tn
1016 3685 1038 3714 m
1053 3687 1065 3714 ιι
1080 3679 1216 3722 εοττοσῑοτε,
1232 3685 1300 3723 quum

104 3743 226 3798 συνόδιισιν
241 3744 348 3792 seriptum
363 3743 451 3782 1ιι1ειεό.
467 3762 494 3770 -
508 3743 520 3782 ό
535 3740 653 3797 καπιιλτίιρ
667 3755 697 3792 m,
714 3744 753 3782 κοιλ
766 3755 781 3796 η
796 3753 864 3794 supra
880 3755 970 3784 κοτιιιπι
985 3747 1102 3795 scriptum.
1120 3767 1142 3774 -
1160 3743 1256 3801 φωραθῇ
1273 3745 1299 3794 0,

105 3819 217 3868 ορυεόίκικι
232 3815 292 3865 apud
307 3825 326 3852 c.
343 3835 369 3842 -
388 3815 400 3852 6
421 3825 442 3852 ιτ.
458 3809 486 3851 δι’
503 3809 553 3852 όδού
569 3810 600 3852 ύν.
618 3825 636 3852 ι.
652 3835 679 3844 -
699 3810 813 3856 καταλύειν
829 3817 859 3866 0,
880 3813 1025 3860 καταλύοντος
1046 3821 1082 3856 vel
1101 3814 1262 3860 καταλύσαντος
1278 3828 1298 3866 π,

105 3901 126 3930 ιιι
141 3883 276 3930 καταλύοντα
290 3892 328 3937 ,αι
339 3884 465 3935 postremae
481 3887 560 3924 ίιτστιιε
575 3890 686 3927 monum·
699 3899 777 3928 κιακιιι
791 3888 893 3938 imposuit
903 3899 934 3937 οτ,
951 3893 973 3928 ιἰι
982 3893 1080 3938 mamma
1092 3903 1142 3930 οιιυ
1151 3886 1301 3930 καταλύσαντα

104 3957 247 4012 adjertpjffi'ss¹
259 3953 418 4000 καταλύσαντος
432 3957 480 3996 ΗΡ.
492 3977 518 3986 -
533 3958 544 3996 ’ί
561 3955 642 4002 α’δίκιωτ
656 3959 720 3998 addit
732 3962 783 4008 pon
797 3957 866 4000 ίπίτκ.
882 3959 907 4009 O,
923 3972 967 3999 non
982 3960 1049 4000 habet
1063 3971 1083 4000 ο.
1099 3983 1126 3991 -
1140 3959 1180 4015 γὰρ
1189 3958 1299 4014 pondu.

105 4034 191 4074 addunt
203 4029 283 4070 uper.
298 4030 394 4082 -φησί
408 4033 459 4069 κοτε
474 4027 513 4069 τοῦ
527 4029 590 4069 addin
604 4029 629 4074 C,
645 4041 690 4069 non
704 4031 767 4070 addit
780 4041 800 4081 ε,
815 4034 867 4082 pon
880 4043 920 4071 σου
935 4045 967 4071 ιι.
983 4035 996 4073 8
1011 4033 1079 4072 habet
1093 4043 1111 4072 r.
1129 4033 1200 4074 Εκοό.
1216 4034 1263 4072 xxi!
1278 4034 1299 4072 8.

104 4099 496 4154 Αοι.ττ1111ν.-1οκληρικύτιυ
507 4103 553 4151 ΗΡ,
574 4103 668 4143 habetur
682 4102 705 4143 ίιι
719 4113 748 4142 m.
765 4100 779 4153 ἦ
795 4102 876 4157 τυφλόν
891 4106 913 4143 ln
928 4105 1028 4153 πικτςίιιε
1043 4105 1073 4143 M.
1091 4125 1115 4133 -
1136 4102 1152 4155 ἢ
1167 4102 1204 4144 τόν
1219 4105 1257 4149 τὰς
1272 4104 1298 4143 0.

105 4161 132 4206 —¹
147 4177 170 4214 11
187 4171 289 4228 χλευάζει
302 4173 331 4223 Η,
345 4171 442 4228 χλιυύσῃ
459 4173 484 4212 0.
500 4195 526 4203 -
548 4175 574 4214 18
596 4174 624 4230 τῇ
645 4172 738 4230 ύμιλιίιρ
756 4173 792 4214 καί
812 4170 862 4230 ῥκδ.
879 4185 921 4224 σπι,
944 4177 987 4216 nisi
1002 4176 1062 4224 quod
1077 4187 1099 4214 m
1113 4187 1127 4214 ι
1140 4177 1213 4225 ρτίιιιιι
1232 4187 1298 4216 nunu

106 4247 185 4302 ύμιλίιρ
201 4246 275 4285 habet.
291 4264 317 4272 -
333 4246 358 4284 18
372 4243 491 4302 ίπιχορηγῇ
507 4245 532 4286 0.
549 4267 575 4274 -
590 4246 615 4284 11
630 4241 662 4289 ὼε
677 4244 689 4286 ό
703 4255 752 4298 φον.
767 4247 792 4285 Ρ.
808 4267 834 4274 -
849 4243 915 4286 αύτού
925 4247 953 4286 Η.
970 4267 996 4276 —-
1012 4248 1037 4287 19
1051 4243 1178 4299 δημοτιιύτι
1192 4247 1259 4288 ΗΡΟ.
1275 4251 1301 4287 ιιι

105 4332 146 4360 ποι
157 4319 223 4359 etlam
233 4327 262 4355 m.
270 4337 296 4344 —
307 4315 373 4370 λοίμῃ
385 4328 404 4364 c,
414 4312 479 4368 λύμοι
490 4329 518 4356 m.
531 4339 556 4346 —
567 4321 594 4358 20
603 4318 719 4372 κατετορία
730 4319 754 4356 Ρ.
762 4339 786 4346 -
797 4320 820 4358 21
833 4330 860 4359 αι
871 4330 883 4357 τ
893 4320 997 4359 annotavi
1007 4316 1154 4374 όλιγύείηβ),
1165 4317 1260 4376 ύλιῃβῇ
1271 4320 1297 4359 O.

106 4383 273 4444 -προαγίσύιυ
287 4388 353 4428 etlam
367 4398 400 4435 m,
424 4385 513 4440 όηόσδω
528 4390 557 4428 H.
575 4411 598 4418 -
618 4391 645 4430 28
659 4387 778 4442 όρνὴσηται
793 4389 841 4430 Οιπ.
857 4412 883 4420 -
904 4392 942 4432 τού
956 4403 982 4432 ιν
997 4393 1025 4430 H.
1043 4413 1067 4420 -
1089 4403 1129 4442 pro
1145 4389 1217 4443 ἁποβη
1238 4392 1298 4440 quod

106 4459 281 4513 praebentium
297 4470 316 4508 ο,
332 4455 472 4512 όφυριζίαύω
488 4460 513 4510 O,
530 4457 675 4511 ύποβολίσύιυ
690 4461 714 4499 P.
