2998 4972
86 413 183 483 τέ’-7
1132 423 1191 492 ιιι

86 581 158 661 τοῦς
184 583 331 662 δούλους
355 601 419 650 σου
446 581 525 662 τοῦς
548 585 819 671 κατηχουμένονς
850 583 888 652 τό
914 586 1110 672 εῦαγγέλιον
1136 593 1197 656 τοῦ

84 690 216 769 χριστοῦ
238 703 319 769 σου,
348 684 405 752 καὶ
426 685 486 764 δός
512 685 626 764 αὐτοῖς
651 689 796 773 καρδίαν
823 687 958 774 καινήν,
978 688 1034 755 καί
1062 694 1195 775 πνεῦμα

85 785 178 865 εόθές
198 786 395 872 έγκαίνισον
418 788 456 855 ἐν
471 801 541 866 τοῖς
556 788 709 872 ἐγκάτοις
729 787 843 856 αὐτῶν
862 789 946 877 πρός
960 789 1000 857 τό
1018 791 1143 857 εἰδέναι
1156 809 1195 857 σε

84 889 135 955 καλ
155 901 267 956 ποιεῖν
287 888 325 955 τό
344 890 476 977 θέλημά
503 907 568 956 σου
589 890 627 957 ἐν
653 892 776 978 καρδίᾳ
801 891 920 976 πλήρει
942 892 999 958 καί
1021 897 1112 979 ψυχῇ
1132 901 1195 960 θε·

83 991 191 1077 λοόσῃ.
233 992 443 1071 καταξίιοσον
466 989 589 1069 αὐτοῦς
612 991 671 1076 τῆς
692 989 788 1076 ἁγίας
812 993 967 1079 μυήσεως
986 995 1044 1061 καί
1065 993 1229 1060 ἔνωσονο

83 1095 153 1177 *τῇ
171 1089 251 1181 ἆγίμ
277 1110 342 1159 σου
364 1092 525 1182 ἐκκλησίᾳ
554 1093 610 1161 καί
635 1095 796 1178 μετόχους
823 1099 967 1181 ποίησον
996 1119 1064 1162 τιον
1088 1101 1196 1164 θείων

82 1197 272 1279 μυστηρίων
287 1193 344 1260 διά
361 1195 469 1282 Ἰησοῦ
488 1199 642 1283 χριστοῦ,
664 1199 723 1279 τῆς
745 1195 881 1274 ἐλπίδος
896 1193 1010 1283 ήμῦν,
1030 1202 1093 1264 τοῦ
1108 1196 1195 1282 ὑπὲρ

82 1292 189 1361 αῦτιῦν
207 1294 459 1374 ἀποθανόντος·
485 1296 530 1363 δι’
552 1287 594 1363 οὖ
616 1314 670 1363 σοι
692 1297 773 1377 δόξα
795 1295 852 1364 καὶ
872 1297 910 1364 τό
932 1299 1032 1384 σέβας
1053 1298 1092 1366 ἐν
1110 1298 1195 1388 άγίρι

83 1398 242 1481 πνεύματι
264 1401 311 1474 είς
338 1395 417 1476 τοῦς
445 1401 585 1477 αέιόνας·
614 1398 714 1484 άμήν.
758 1400 815 1467 καὶ
841 1397 923 1484 μετά
945 1404 1045 1467 τοῦτο
1074 1398 1093 1468 ό
1118 1403 1195 1468 διά-

82 1521 174 1576 κονος
191 1499 315 1584 λεγέτω
330 1503 538 1587 Προέλθετε,
564 1501 600 1566 οἱ
616 1503 877 1586 κατηχοῦμενοι,
907 1501 945 1569 ἐν
967 1503 1094 1589 εἰρήνῃ.
1136 1503 1195 1570 καί
1213 1517 1246 1570 10

81 1602 157 1683 μετά
187 1599 228 1667 τό
255 1601 408 1681 ἐξελθεῖν
433 1601 555 1680 αῦτοῦς
584 1604 706 1688 λεγέτω
729 1601 903 1687 Ειόξασθε,
931 1605 969 1669 ολ
991 1603 1195 1690 ἐνεργούμε-

81 1725 129 1766 νοι
148 1700 217 1769 ῦπό
239 1705 443 1789 πνευμάτων
463 1703 679 1789 ἀκαθάρτων.
725 1704 868 1782 ἐκτενεῖς
883 1705 1007 1784 πάντες
1023 1702 1110 1792 ὑπὲρ
1132 1700 1195 1774 αῦ-

81 1805 142 1869 τῦν
157 1806 349 1892 δεηθῦμεν,
374 1805 462 1885 ὅπως
480 1803 498 1872 ό
519 1805 764 1892 φιλάνθρωπος
782 1805 863 1884 θεός
884 1806 941 1874 διά
960 1813 1098 1893 χριστοῦ
1120 1809 1196 1878 ἐπι-

81 1907 194 1994 τιμήσῃ
221 1919 293 1985 τοίς
317 1907 523 1996 ἀκαθάρτοις
552 1908 610 1975 καὶ
633 1921 794 1996 πονηροίς
819 1908 987 1994 πνεύμασι
1010 1909 1067 1977 καὶ
1089 1911 1194 1996 βάσῃ-

81 2033 129 2074 ται
150 2007 229 2087 τοῦς
258 2007 365 2077 αῦτοῦ
393 2010 502 2089 ἱκέτας
527 2009 593 2078 άπό
617 2015 676 2096 τῆς
700 2015 763 2076 τοῦ
790 2008 972 2097 άλλοτρίου
1000 2015 1193 2079 καταδυυα-
1213 2025 1245 2078 18

80 2115 202 2189 ατείας·
242 2107 261 2176 ό
287 2111 483 2198 ἐπιτιμήσας
513 2117 560 2202 τῷ
585 2117 725 2198 λεγεάνι
753 2137 823 2178 τον
854 2113 1025 2198 δαιμόνων
1059 2113 1115 2180 καὶ
1147 2119 1194 2203 τῷ

80 2211 250 2297 άρχεκάιιο
272 2214 436 2303 διαβόλῳ,
464 2215 640 2301 ἐπιτιμήσῃ
663 2213 763 2292 αῦτός
784 2212 841 2280 καὶ
867 2219 933 2281 νῦν
954 2227 1024 2292 τοῖς
1045 2215 1194 2284 ἀποστά-

78 2337 145 2392 ταις
171 2319 232 2400 τῆς
262 2314 434 2402 εὐσεβείας
460 2317 518 2384 καί
544 2316 686 2402 ήῦσηται
714 2315 755 2382 τά
779 2315 902 2384 ἑαυτοῦ
926 2316 1104 2401 πλάσματα
1126 2315 1194 2384 άπδ

78 2421 131 2501 τῆς
160 2416 333 2502 ἐνεργείας
360 2415 474 2484 αότιιν
492 2419 549 2484 καὶ
574 2422 745 2504 καθαρίσῃ
773 2415 876 2500 αῦτά,
908 2415 933 2483 ά
959 2418 1041 2504 μετά
1069 2422 1195 2504 πολλῆς

78 2525 193 2604 σοφίας
215 2519 385 2606 ἐποίησεν.
430 2521 478 2586 ἐτι
502 2520 644 2598 ἐκτενῶς
663 2517 750 2603 ὑπὲρ
772 2517 886 2586 αότιῦν
902 2521 1090 2606 δεηθιῦμεν.
1125 2523 1193 2586 οῦ·
1210 2533 1245 2586 20

78 2635 135 2686 σον
162 2620 220 2688 καὶ
246 2619 441 2708 άνάστησον
465 2621 603 2704 αὐτούς,
637 2617 655 2689 ὁ
678 2623 776 2705 θεός,
808 2621 847 2688 ἐν
875 2626 916 2708 τῇ
944 2623 1088 2706 δυνάμει
1118 2640 1192 2688 σου.

78 2726 224 2808 κλίαατε,
256 2724 292 2789 οί
314 2722 567 2808 ἐνεργοῦμενοι,
591 2722 648 2790 καί
670 2723 878 2808 εόλογείσθε.
923 2723 980 2790 καὶ
1008 2721 1027 2789 ό
1056 2723 1196 2790 ἐπίσκο-

47 2833 133 2901 7τος
152 2825 349 2910 ἐπενχέσθω
371 2826 479 2910 λέγων
498 2827 502 2913 Ι
518 2823 554 2891 ‘0
575 2825 634 2893 τόν
656 2825 796 2913 ίσχνρόν
816 2827 922 2911 δήσας
942 2826 1000 2893 καλ
1021 2826 1131 2892 πάντα
1152 2825 1194 2892 τά

77 2927 175 3012 σκεῦη
191 2924 300 2993 αὐτοῦ
313 2928 517 3014 διαρπάσας,
540 2919 655 3004 όδοῦς
667 2924 749 3013 ήμλν
765 2929 923 3009 ἐξουσίαν
938 2940 1057 2995 πατεῖν
1076 2928 1191 2994 ἐπάνω

77 3026 186 3112 ὄφεων
216 3026 275 3094 καλ
302 3034 516 3116 σκορπίων*
544 3029 600 3096 καλ
631 3028 687 3096 ἐπὶ
716 3035 829 3096 πᾶσαν
856 3029 919 3113 τήν
950 3029 1097 3113 δύναμιν
1130 3032 1192 3094 τοῦ
1209 3043 1243 3095 κο

78 3129 213 3216 ἐχθροῦ,
229 3127 322 3198 ότόν
336 3129 626 3218 άνθρωποκτόνον
639 3129 721 3216 ’όφιν
735 3131 912 3216 δεσμώτην
927 3131 1100 3216 παραδούς
1111 3127 1193 3216 ήμτν

76 3228 117 3308 ως
138 3237 329 3314 στρουθίον
350 3235 513 3318 παιδίοις,
541 3229 582 3299 ὃν
612 3237 742 3320 φρίττει
771 3233 829 3299 καὶ
855 3235 966 3320 τρέμει
996 3233 1105 3297 πάντα
1126 3230 1194 3297 άπό

76 3333 260 3418 τροσιόπον
282 3335 460 3419 δυνάμεως
486 3353 568 3418 σου,
597 3333 736 3420 όβήξας
759 3331 863 3400 αὐτόν
889 3329 934 3410 οἱς
954 3332 1130 3421 άστρατιήυ
1157 3334 1192 3413 ἐξ

76 3433 224 3519 οὐρανοῦ
245 3438 292 3513 είς
311 3440 394 3521 γῆν,
425 3434 467 3502 οῦ
488 3441 615 3524 τοπικρῦ
635 3437 793 3522 ήήγματι,
823 3433 909 3502 ἀλλὰ
931 3433 999 3501 άπό
1025 3440 1121 3523 τιμῆς
1147 3437 1194 3513 είς

75 3533 209 3622 άτιμίαυ
234 3536 281 3603 δι’
306 3537 462 3605 ἑκούσιον
486 3535 592 3604 αὐτοῦ
617 3539 820 3621 κακόνοιαν,
848 3529 891 3603 οῦ
918 3537 957 3604 τό
983 3539 1113 3623 βλέμμα
1135 3538 1194 3622 ξη-
1211 3549 1245 3602 30

138 3711 271 3763 2Ρετι1ιιι
288 3711 334 3776 151,
356 3713 387 3763 12
407 3713 442 3773 Ι7
460 3713 522 3764 'rim
541 3728 560 3763 α
580 3712 630 3777 1,1
648 3709 653 3779 Ι
675 3711 705 3763 18
723 3713 799 3763 Mare
817 3713 842 3777 θ,
862 3709 946 3776 9128
964 3711 1053 3762 Matth
1073 3710 1115 3774 12,
1133 3708 1191 3776 291

139 3798 173 3847 24
191 3798 253 3848 Luc
275 3796 362 3863 10,19
382 3797 387 3861 Ι
405 3797 439 3847 27
457 3798 507 3850 Iob
525 3797 567 3862 41,
587 3797 657 3857 2511
678 3797 712 3846 27
730 3797 802 3848 Esdr
818 3813 838 3847 α
855 3797 886 3856 4,
905 3795 1007 3861 311Ιῖ8
1023 3797 1083 3847 Luc
1102 3795 1147 3860 10,
1163 3793 1194 3845 18

75 3956 951 4034 3σε>ιΙῦκα1>γΙδαῦτοῦςψεΙ77ησοῦ>1
974 3963 979 4034 Ι
1004 3955 1161 4017 θαάτόνι
1187 3961 1192 4029 Ι

77 4049 107 4100 10
124 4046 283 4120 λεγέτῳγΙ
300 4051 332 4102 14
349 4045 511 4118 πνεύμασιν
528 4050 571 4120 x!
599 4052 630 4103 15
648 4045 762 4110 οἰκέτας
780 4069 797 4102 x
817 4051 822 4113 Ι
842 4051 874 4101 17
893 4043 1053 4118 ἐπιτιμήσει
1071 4065 1107 4114 xy
1130 4048 1135 4113 Ι
1161 4045 1194 4098 18

74 4127 244 4204 άσεβείαςγ
267 4136 271 4204 Ι
293 4135 325 4188 18
343 4132 458 4203 βάσεται
476 4155 495 4203 y
515 4135 519 4199 Ι
542 4137 573 4188 19
591 4127 686 4188 αῦτῦν
703 4154 751 4202 xy,
771 4125 862 4188 αῦτοῦ
879 4140 891 4186 λ
910 4135 915 4199 Ι
936 4133 968 4186 19
984 4133 1139 4199 καθαρίσει
1157 4147 1192 4197 ιγ

77 4219 131 4286 Ιῖἳ
148 4222 200 4276 καλ
220 4223 335 4276 alterum
353 4229 390 4286 ιι,
411 4215 509 4287 army
536 4224 540 4285 Ι
566 4219 600 4272 λδ
618 4220 717 4280 δείσας
735 4227 747 4272 t
767 4219 772 4288 Ι
795 4221 828 4272 24
847 4223 950 4272 πατεῖν
967 4220 1032 4284 >t
1056 4219 1062 4285 Ι
1087 4219 1122 4270 25
1139 4231 1193 4268 ιτα-

75 4311 134 4358 τεῐν
151 4308 217 4375 ÷t
241 4307 245 4376 Ι
267 4307 301 4360 28
320 4303 491 4376 δεσμότηνι
516 4307 522 4368 Ι
546 4307 580 4358 27
597 4305 740 4369 τροαθίον
756 4307 805 4356 x?⁴?
831 4302 835 4370 Ι
862 4305 895 4356 2⁷
913 4302 1044 4364 παιδίοις
1058 4309 1101 4368 xt,
1125 4299 1192 4355 ταί·

75 4391 176 4454 Ιεοθαι
195 4409 213 4460 γ
239 4393 244 4458 Ι
270 4393 303 4444 27
326 4386 422 4446 πάντα
440 4396 503 4459 post
520 4380 555 4444 ὃν
573 4398 592 4454 t,
611 4399 673 4460 ροει
691 4391 802 4460 φρίττει
820 4403 839 4455 γ

950 4483 990 4546 16
