<?xml version="1.0" encoding="UTF-8"?>
<!DOCTYPE html PUBLIC "-//W3C//DTD XHTML 1.0 Transitional//EN"
    "http://www.w3.org/TR/xhtml1/DTD/xhtml1-transitional.dtd">
<html xmlns="http://www.w3.org/1999/xhtml" xml:lang="en" lang="en">
 <head>
  <title>
</title>
<meta http-equiv="Content-Type" content="text/html;charset=utf-8" />
  <meta name='ocr-system' content='tesseract 3.04.00' />
  <meta name='ocr-capabilities' content='ocr_page ocr_carea ocr_par ocr_line ocrx_word'/>
</head>
<body>
  <div class='ocr_page' id='page_1' title='image "./decontroversiis00schgoog_0367.png"; bbox 0 0 2998 4972; ppageno 0'>
   <div class='ocr_carea' id='block_1_1' title="bbox 112 410 1229 482">
    <p class='ocr_par' dir='ltr' id='par_1_1' title="bbox 112 410 1229 482">
     <span class='ocr_line' id='line_1_1' title="bbox 112 410 1229 482; baseline 0.005 -6"><span class='ocrx_word' id='word_1_1' title='bbox 112 427 128 476; x_wconf 74' lang='grc' dir='ltr'><strong><em>ι</em></strong></span> <span class='ocrx_word' id='word_1_2' title='bbox 148 410 250 462; x_wconf 79' lang='lat'>17-20</span> <span class='ocrx_word' id='word_1_3' title='bbox 1166 419 1229 482; x_wconf 79' lang='lat'><strong><em>263</em></strong></span> 
     </span>
    </p>
   </div>
   <div class='ocr_carea' id='block_1_2' title="bbox 53 574 1307 3111">
    <p class='ocr_par' dir='ltr' id='par_1_2' title="bbox 53 574 1307 3111">
     <span class='ocr_line' id='line_1_2' title="bbox 109 574 1228 664; baseline 0.001 -21"><span class='ocrx_word' id='word_1_4' title='bbox 109 581 178 643; x_wconf 76' lang='grc' dir='ltr'><strong><em>ταῖν</em></strong></span> <span class='ocrx_word' id='word_1_5' title='bbox 201 578 249 654; x_wconf 86' lang='grc' dir='ltr'><strong><em>είς</em></strong></span> <span class='ocrx_word' id='word_1_6' title='bbox 267 575 397 653; x_wconf 99' lang='grc' dir='ltr'><strong><em>πάντας</em></strong></span> <span class='ocrx_word' id='word_1_7' title='bbox 413 575 492 654; x_wconf 88' lang='grc' dir='ltr'><strong><em>τοῦς</em></strong></span> <span class='ocrx_word' id='word_1_8' title='bbox 514 575 801 661; x_wconf 75' lang='grc' dir='ltr'><strong><em>ἐπικαλουμένους</em></strong></span> <span class='ocrx_word' id='word_1_9' title='bbox 823 594 861 642; x_wconf 89' lang='grc' dir='ltr'><strong><em>σε</em></strong></span> <span class='ocrx_word' id='word_1_10' title='bbox 884 577 923 642; x_wconf 85' lang='grc' dir='ltr'><strong><em>ἐν</em></strong></span> <span class='ocrx_word' id='word_1_11' title='bbox 945 576 1100 664; x_wconf 81' lang='grc' dir='ltr'><strong><em>ἀληθείη,</em></strong></span> <span class='ocrx_word' id='word_1_12' title='bbox 1124 574 1143 644; x_wconf 90' lang='lat'><em>6</em></span> <span class='ocrx_word' id='word_1_13' title='bbox 1162 602 1228 662; x_wconf 77' lang='grc' dir='ltr'><strong><em>φο-</em></strong></span> 
     </span>
     <span class='ocr_line' id='line_1_3' title="bbox 107 675 1226 767; baseline 0.001 -23"><span class='ocrx_word' id='word_1_14' title='bbox 107 680 209 764; x_wconf 79' lang='grc' dir='ltr'><strong><em>βερός</em></strong></span> <span class='ocrx_word' id='word_1_15' title='bbox 231 677 270 744; x_wconf 83' lang='grc' dir='ltr'><strong><em>ἐν</em></strong></span> <span class='ocrx_word' id='word_1_16' title='bbox 290 681 441 762; x_wconf 78' lang='grc' dir='ltr'><em>βουλαῖς,</em></span> <span class='ocrx_word' id='word_1_17' title='bbox 465 676 484 744; x_wconf 99' lang='lat'><em>6</em></span> <span class='ocrx_word' id='word_1_18' title='bbox 505 675 611 762; x_wconf 86' lang='grc' dir='ltr'><strong><em>σοφός</em></strong></span> <span class='ocrx_word' id='word_1_19' title='bbox 631 685 647 722; x_wconf 79' lang='grc'><em>*</em></span> <span class='ocrx_word' id='word_1_20' title='bbox 664 679 809 767; x_wconf 80' lang='grc' dir='ltr'><strong><em>διανοίᾳ,</em></strong></span> <span class='ocrx_word' id='word_1_21' title='bbox 831 675 1022 765; x_wconf 86' lang='grc' dir='ltr'><strong><em>όκραταιός</em></strong></span> <span class='ocrx_word' id='word_1_22' title='bbox 1037 678 1094 744; x_wconf 80' lang='grc' dir='ltr'><strong><em>καί</em></strong></span> <span class='ocrx_word' id='word_1_23' title='bbox 1107 681 1226 765; x_wconf 82' lang='grc' dir='ltr'><strong><em>μέγας·</em></strong></span> 
     </span>
     <span class='ocr_line' id='line_1_4' title="bbox 108 776 1228 866; baseline 0.001 -21"><span class='ocrx_word' id='word_1_24' title='bbox 108 780 313 846; x_wconf 78' lang='grc' dir='ltr'><strong><em>εἰσάκουσον</em></strong></span> <span class='ocrx_word' id='word_1_25' title='bbox 334 784 523 866; x_wconf 74' lang='grc' dir='ltr'><strong><em>προσευχῆς</em></strong></span> <span class='ocrx_word' id='word_1_26' title='bbox 538 776 651 865; x_wconf 83' lang='grc' dir='ltr'><strong><em>ήμῦν,</em></strong></span> <span class='ocrx_word' id='word_1_27' title='bbox 672 780 786 865; x_wconf 86' lang='grc' dir='ltr'><strong><em>κύριε,</em></strong></span> <span class='ocrx_word' id='word_1_28' title='bbox 809 780 866 846; x_wconf 80' lang='grc' dir='ltr'><strong><em>καί</em></strong></span> <span class='ocrx_word' id='word_1_29' title='bbox 889 780 1045 848; x_wconf 81' lang='grc' dir='ltr'><strong><em>ἐνιότισαι</em></strong></span> <span class='ocrx_word' id='word_1_30' title='bbox 1066 779 1129 865; x_wconf 83' lang='grc' dir='ltr'><strong><em>τήν</em></strong></span> <span class='ocrx_word' id='word_1_31' title='bbox 1149 781 1228 866; x_wconf 73' lang='grc' dir='ltr'><strong><em>δίη·</em></strong></span> 
     </span>
     <span class='ocr_line' id='line_1_5' title="bbox 106 879 1227 967; baseline 0.001 -20"><span class='ocrx_word' id='word_1_32' title='bbox 106 900 165 947; x_wconf 92' lang='grc' dir='ltr'><strong><em>σιν</em></strong></span> <span class='ocrx_word' id='word_1_33' title='bbox 184 879 298 967; x_wconf 82' lang='grc' dir='ltr'><strong><em>ήμιῦν,</em></strong></span> <span class='ocrx_word' id='word_1_34' title='bbox 325 882 384 948; x_wconf 80' lang='grc' dir='ltr'><strong><em>καί</em></strong></span> <span class='ocrx_word' id='word_1_35' title='bbox 405 881 574 967; x_wconf 82' lang='grc' dir='ltr'><strong><em>ἐπίφανον</em></strong></span> <span class='ocrx_word' id='word_1_36' title='bbox 594 881 633 946; x_wconf 87' lang='grc' dir='ltr'><strong><em>τδ</em></strong></span> <span class='ocrx_word' id='word_1_37' title='bbox 655 880 838 966; x_wconf 89' lang='grc' dir='ltr'><strong><em>πρόσωπόν</em></strong></span> <span class='ocrx_word' id='word_1_38' title='bbox 859 899 923 948; x_wconf 92' lang='grc' dir='ltr'><strong><em>σου</em></strong></span> <span class='ocrx_word' id='word_1_39' title='bbox 947 881 1002 948; x_wconf 78' lang='grc' dir='ltr'><strong><em>ἐπὶ</em></strong></span> <span class='ocrx_word' id='word_1_40' title='bbox 1020 880 1080 946; x_wconf 88' lang='grc' dir='ltr'><strong><em>τὸν</em></strong></span> <span class='ocrx_word' id='word_1_41' title='bbox 1101 882 1227 949; x_wconf 83' lang='grc' dir='ltr'><strong><em>δοῦλόν</em></strong></span> 
     </span>
     <span class='ocr_line' id='line_1_6' title="bbox 106 982 1262 1069; baseline -0.002 -19"><span class='ocrx_word' id='word_1_42' title='bbox 106 1001 173 1050; x_wconf 91' lang='grc' dir='ltr'><strong><em>σου</em></strong></span> <span class='ocrx_word' id='word_1_43' title='bbox 193 983 293 1049; x_wconf 88' lang='grc' dir='ltr'><strong><em>τόνδε</em></strong></span> <span class='ocrx_word' id='word_1_44' title='bbox 314 983 374 1050; x_wconf 84' lang='grc' dir='ltr'><strong><em>τόν</em></strong></span> <span class='ocrx_word' id='word_1_45' title='bbox 394 983 688 1069; x_wconf 76' lang='grc' dir='ltr'><strong><em>προχειριζόμενόν</em></strong></span> <span class='ocrx_word' id='word_1_46' title='bbox 709 1000 764 1050; x_wconf 95' lang='grc' dir='ltr'><strong><em>σοι</em></strong></span> <span class='ocrx_word' id='word_1_47' title='bbox 786 986 833 1061; x_wconf 82' lang='grc' dir='ltr'><strong><em>εἰς</em></strong></span> <span class='ocrx_word' id='word_1_48' title='bbox 854 985 1042 1067; x_wconf 88' lang='grc' dir='ltr'><strong><em>διακονίαν,</em></strong></span> <span class='ocrx_word' id='word_1_49' title='bbox 1062 982 1120 1050; x_wconf 78' lang='grc' dir='ltr'><strong><em>καί</em></strong></span> <span class='ocrx_word' id='word_1_50' title='bbox 1140 987 1262 1069; x_wconf 74' lang='grc' dir='ltr'><strong><em>τλῆ-5</em></strong></span> 
     </span>
     <span class='ocr_line' id='line_1_7' title="bbox 105 1081 1226 1172; baseline 0.001 -21"><span class='ocrx_word' id='word_1_51' title='bbox 105 1102 172 1151; x_wconf 90' lang='grc' dir='ltr'><strong><em>σον</em></strong></span> <span class='ocrx_word' id='word_1_52' title='bbox 200 1083 308 1151; x_wconf 88' lang='grc' dir='ltr'><strong><em>αῦτδν</em></strong></span> <span class='ocrx_word' id='word_1_53' title='bbox 338 1085 527 1170; x_wconf 81' lang='grc' dir='ltr'><strong><em>πνεύματος</em></strong></span> <span class='ocrx_word' id='word_1_54' title='bbox 552 1093 570 1132; x_wconf 79' lang='grc'>*</span> <span class='ocrx_word' id='word_1_55' title='bbox 595 1085 651 1152; x_wconf 79' lang='grc' dir='ltr'><strong><em>καί</em></strong></span> <span class='ocrx_word' id='word_1_56' title='bbox 679 1086 872 1171; x_wconf 86' lang='grc' dir='ltr'><strong><em>δυνάμεως,</em></strong></span> <span class='ocrx_word' id='word_1_57' title='bbox 895 1081 940 1162; x_wconf 81' lang='grc' dir='ltr'><strong><em>άς</em></strong></span> <span class='ocrx_word' id='word_1_58' title='bbox 968 1089 1115 1172; x_wconf 81' lang='grc' dir='ltr'><strong><em>ἐπλησας</em></strong></span> <span class='ocrx_word' id='word_1_59' title='bbox 1141 1087 1226 1152; x_wconf 75' lang='grc' dir='ltr'><strong><em>Στό-</em></strong></span> 
     </span>
     <span class='ocr_line' id='line_1_8' title="bbox 104 1185 1224 1276; baseline 0.003 -24"><span class='ocrx_word' id='word_1_60' title='bbox 104 1211 221 1272; x_wconf 84' lang='grc' dir='ltr'><strong><em>φανον</em></strong></span> <span class='ocrx_word' id='word_1_61' title='bbox 242 1187 302 1254; x_wconf 83' lang='grc' dir='ltr'><strong><em>τὸν</em></strong></span> <span class='ocrx_word' id='word_1_62' title='bbox 322 1187 476 1273; x_wconf 91' lang='grc' dir='ltr'><strong><em>μάρτυρα</em></strong></span> <span class='ocrx_word' id='word_1_63' title='bbox 499 1187 556 1254; x_wconf 79' lang='grc' dir='ltr'><strong><em>καί</em></strong></span> <span class='ocrx_word' id='word_1_64' title='bbox 577 1185 723 1273; x_wconf 77' lang='grc' dir='ltr'><strong><em>μιμητὴν</em></strong></span> <span class='ocrx_word' id='word_1_65' title='bbox 744 1190 812 1253; x_wconf 76' lang='grc' dir='ltr'><strong><em>τόν</em></strong></span> <span class='ocrx_word' id='word_1_66' title='bbox 834 1187 1045 1272; x_wconf 78' lang='grc' dir='ltr'><strong><em>παθημάτων</em></strong></span> <span class='ocrx_word' id='word_1_67' title='bbox 1070 1193 1132 1255; x_wconf 90' lang='grc' dir='ltr'><strong><em>τοῦ</em></strong></span> <span class='ocrx_word' id='word_1_68' title='bbox 1151 1213 1224 1276; x_wconf 83' lang='grc' dir='ltr'><strong><em>χρι-</em></strong></span> 
     </span>
     <span class='ocr_line' id='line_1_9' title="bbox 104 1286 1226 1377; baseline 0.004 -23"><span class='ocrx_word' id='word_1_69' title='bbox 104 1293 189 1354; x_wconf 90' lang='grc' dir='ltr'><strong><em>στοῦ</em></strong></span> <span class='ocrx_word' id='word_1_70' title='bbox 204 1307 283 1355; x_wconf 91' lang='grc' dir='ltr'><strong><em>σου·</em></strong></span> <span class='ocrx_word' id='word_1_71' title='bbox 300 1289 357 1356; x_wconf 81' lang='grc' dir='ltr'><strong><em>καί</em></strong></span> <span class='ocrx_word' id='word_1_72' title='bbox 372 1292 581 1369; x_wconf 86' lang='grc' dir='ltr'><strong><em>καταξίωσον</em></strong></span> <span class='ocrx_word' id='word_1_73' title='bbox 599 1286 715 1370; x_wconf 90' lang='grc' dir='ltr'><strong><em>αῦτόν,</em></strong></span> <span class='ocrx_word' id='word_1_74' title='bbox 734 1287 919 1376; x_wconf 73' lang='grc' dir='ltr'><strong><em>εὐαρέστως</em></strong></span> <span class='ocrx_word' id='word_1_75' title='bbox 939 1290 1226 1377; x_wconf 84' lang='grc' dir='ltr'><strong><em>λειτουργήσαντα</em></strong></span> 
     </span>
     <span class='ocr_line' id='line_1_10' title="bbox 103 1388 1222 1478; baseline 0.004 -22"><span class='ocrx_word' id='word_1_76' title='bbox 103 1389 168 1476; x_wconf 84' lang='grc' dir='ltr'><strong><em>τήν</em></strong></span> <span class='ocrx_word' id='word_1_77' title='bbox 197 1389 466 1477; x_wconf 80' lang='grc' dir='ltr'><strong><em>ἐγχειρισθείσαν</em></strong></span> <span class='ocrx_word' id='word_1_78' title='bbox 494 1388 584 1478; x_wconf 74' lang='grc' dir='ltr'><strong><em>αὐτῷ</em></strong></span> <span class='ocrx_word' id='word_1_79' title='bbox 614 1393 792 1458; x_wconf 80' lang='grc' dir='ltr'><strong><em>διακονίαν</em></strong></span> <span class='ocrx_word' id='word_1_80' title='bbox 819 1390 1005 1478; x_wconf 80' lang='grc' dir='ltr'><strong><em>ἀτρέπτως,</em></strong></span> <span class='ocrx_word' id='word_1_81' title='bbox 1035 1391 1222 1478; x_wconf 79' lang='grc' dir='ltr'><strong><em>ἀμέμπτως,</em></strong></span> 
     </span>
     <span class='ocr_line' id='line_1_11' title="bbox 103 1489 1275 1579; baseline 0.006 -22"><span class='ocrx_word' id='word_1_82' title='bbox 103 1489 329 1578; x_wconf 73' lang='grc' dir='ltr'><strong><em>ἀνεγκλήτως,</em></strong></span> <span class='ocrx_word' id='word_1_83' title='bbox 351 1497 502 1578; x_wconf 77' lang='grc' dir='ltr'><strong><em>μείζονος</em></strong></span> <span class='ocrx_word' id='word_1_84' title='bbox 523 1491 710 1578; x_wconf 79' lang='grc' dir='ltr'><strong><em>ἀξιωθῆναι</em></strong></span> <span class='ocrx_word' id='word_1_85' title='bbox 732 1497 884 1579; x_wconf 82' lang='grc' dir='ltr'><strong><em>βαθμοῦ·</em></strong></span> <span class='ocrx_word' id='word_1_86' title='bbox 907 1491 963 1558; x_wconf 89' lang='grc' dir='ltr'><strong><em>διά</em></strong></span> <span class='ocrx_word' id='word_1_87' title='bbox 979 1499 1037 1579; x_wconf 85' lang='grc' dir='ltr'><strong><em>τῆς</em></strong></span> <span class='ocrx_word' id='word_1_88' title='bbox 1057 1499 1224 1579; x_wconf 87' lang='grc' dir='ltr'><strong><em>μεσιτείας</em></strong></span> <span class='ocrx_word' id='word_1_89' title='bbox 1243 1512 1275 1564; x_wconf 86' lang='lat'><strong><em>10</em></strong></span> 
     </span>
     <span class='ocr_line' id='line_1_12' title="bbox 102 1586 1223 1682; baseline 0.004 -24"><span class='ocrx_word' id='word_1_90' title='bbox 102 1598 165 1659; x_wconf 92' lang='grc' dir='ltr'><strong><em>τοῦ</em></strong></span> <span class='ocrx_word' id='word_1_91' title='bbox 184 1599 391 1679; x_wconf 84' lang='grc' dir='ltr'><strong><em>μονογενοῦς</em></strong></span> <span class='ocrx_word' id='word_1_92' title='bbox 412 1612 476 1662; x_wconf 91' lang='grc' dir='ltr'><strong><em>σου</em></strong></span> <span class='ocrx_word' id='word_1_93' title='bbox 498 1596 593 1680; x_wconf 89' lang='grc' dir='ltr'><strong><em>υίοῦ,</em></strong></span> <span class='ocrx_word' id='word_1_94' title='bbox 622 1593 702 1680; x_wconf 86' lang='grc' dir='ltr'><strong><em>μεθ’</em></strong></span> <span class='ocrx_word' id='word_1_95' title='bbox 727 1586 770 1661; x_wconf 84' lang='grc' dir='ltr'><strong><em>οῦ</em></strong></span> <span class='ocrx_word' id='word_1_96' title='bbox 791 1612 845 1660; x_wconf 92' lang='grc' dir='ltr'><strong><em>σοι</em></strong></span> <span class='ocrx_word' id='word_1_97' title='bbox 868 1589 966 1679; x_wconf 80' lang='grc' dir='ltr'><strong><em>δόξα,</em></strong></span> <span class='ocrx_word' id='word_1_98' title='bbox 992 1594 1069 1682; x_wconf 83' lang='grc' dir='ltr'><strong><em>τιμή</em></strong></span> <span class='ocrx_word' id='word_1_99' title='bbox 1092 1595 1149 1664; x_wconf 79' lang='grc' dir='ltr'><strong><em>καί</em></strong></span> <span class='ocrx_word' id='word_1_100' title='bbox 1167 1595 1223 1662; x_wconf 91' lang='grc' dir='ltr'><strong><em>σέ-</em></strong></span> 
     </span>
     <span class='ocr_line' id='line_1_13' title="bbox 56 1695 1223 1786; baseline 0.003 -25"><span class='ocrx_word' id='word_1_101' title='bbox 56 1699 167 1782; x_wconf 69' lang='grc' dir='ltr'><strong><em>ηςβας</em></strong></span> <span class='ocrx_word' id='word_1_102' title='bbox 194 1695 252 1762; x_wconf 82' lang='grc' dir='ltr'><strong><em>καὶ</em></strong></span> <span class='ocrx_word' id='word_1_103' title='bbox 279 1701 326 1786; x_wconf 76' lang='grc' dir='ltr'><strong><em>τῷ</em></strong></span> <span class='ocrx_word' id='word_1_104' title='bbox 350 1695 434 1785; x_wconf 79' lang='grc' dir='ltr'><strong><em>ἁγίῳ</em></strong></span> <span class='ocrx_word' id='word_1_105' title='bbox 463 1697 628 1783; x_wconf 86' lang='grc' dir='ltr'><strong><em>πνεύματι</em></strong></span> <span class='ocrx_word' id='word_1_106' title='bbox 656 1700 704 1774; x_wconf 85' lang='grc' dir='ltr'><strong><em>είς</em></strong></span> <span class='ocrx_word' id='word_1_107' title='bbox 724 1695 803 1774; x_wconf 89' lang='grc' dir='ltr'><strong><em>τοῦς</em></strong></span> <span class='ocrx_word' id='word_1_108' title='bbox 831 1699 971 1774; x_wconf 82' lang='grc' dir='ltr'><strong><em>αίῦνας·</em></strong></span> <span class='ocrx_word' id='word_1_109' title='bbox 1002 1696 1101 1784; x_wconf 86' lang='grc' dir='ltr'><strong><em>άμήν.</em></strong></span> <span class='ocrx_word' id='word_1_110' title='bbox 1121 1705 1126 1779; x_wconf 94' lang='grc' dir='ltr'>Ι</span> <span class='ocrx_word' id='word_1_111' title='bbox 1146 1697 1223 1784; x_wconf 79' lang='grc' dir='ltr'><strong><em>περί</em></strong></span> 
     </span>
     <span class='ocr_line' id='line_1_14' title="bbox 101 1790 1222 1888; baseline 0.002 -24"><span class='ocrx_word' id='word_1_112' title='bbox 101 1801 118 1836; x_wconf 79' lang='grc'>*</span> <span class='ocrx_word' id='word_1_113' title='bbox 153 1799 373 1884; x_wconf 91' lang='grc' dir='ltr'><strong><em>διακονίσσης</em></strong></span> <span class='ocrx_word' id='word_1_114' title='bbox 393 1803 410 1840; x_wconf 80' lang='grc'>*</span> <span class='ocrx_word' id='word_1_115' title='bbox 432 1805 689 1888; x_wconf 74' lang='grc' dir='ltr'><strong><em>Βαρθολομαῖος</em></strong></span> <span class='ocrx_word' id='word_1_116' title='bbox 721 1799 943 1884; x_wconf 87' lang='grc' dir='ltr'><strong><em>διατάσσομαι</em></strong></span> <span class='ocrx_word' id='word_1_117' title='bbox 974 1790 1014 1866; x_wconf 78' lang='grc' dir='ltr'><em>Ὠ</em></span> <span class='ocrx_word' id='word_1_118' title='bbox 1048 1802 1222 1883; x_wconf 87' lang='grc' dir='ltr'><strong><em>ἐπίσκοπε,</em></strong></span> 
     </span>
     <span class='ocr_line' id='line_1_15' title="bbox 101 1893 1307 1992; baseline 0.002 -26"><span class='ocrx_word' id='word_1_119' title='bbox 101 1899 280 1986; x_wconf 78' lang='grc' dir='ltr'><strong><em>ἐπιθήσεις</em></strong></span> <span class='ocrx_word' id='word_1_120' title='bbox 301 1899 388 1987; x_wconf 82' lang='grc' dir='ltr'><strong><em>αὐτῇ</em></strong></span> <span class='ocrx_word' id='word_1_121' title='bbox 415 1899 474 1978; x_wconf 83' lang='grc' dir='ltr'><strong><em>τάς</em></strong></span> <span class='ocrx_word' id='word_1_122' title='bbox 501 1914 630 1987; x_wconf 69' lang='grc' dir='ltr'><strong><em>χεῖρας,</em></strong></span> <span class='ocrx_word' id='word_1_123' title='bbox 659 1905 871 1988; x_wconf 75' lang='grc' dir='ltr'><strong><em>παρεστῶτος</em></strong></span> <span class='ocrx_word' id='word_1_124' title='bbox 893 1906 955 1992; x_wconf 82' lang='grc' dir='ltr'><strong><em>τοῦ</em></strong></span> <span class='ocrx_word' id='word_1_125' title='bbox 976 1905 1223 1989; x_wconf 84' lang='grc' dir='ltr'><strong><em>πρεσβυτερίου</em></strong></span> <span class='ocrx_word' id='word_1_126' title='bbox 1304 1893 1307 1900; x_wconf 63' lang='grc'><strong>’</strong></span> 
     </span>
     <span class='ocr_line' id='line_1_16' title="bbox 53 2001 1273 2092; baseline 0.004 -24"><span class='ocrx_word' id='word_1_127' title='bbox 53 2003 159 2085; x_wconf 74' lang='grc' dir='ltr'><strong><em>ηςκαλ</em></strong></span> <span class='ocrx_word' id='word_1_128' title='bbox 180 2006 250 2068; x_wconf 75' lang='grc' dir='ltr'><strong><em>τῶν</em></strong></span> <span class='ocrx_word' id='word_1_129' title='bbox 271 2004 442 2070; x_wconf 91' lang='grc' dir='ltr'><strong><em>διακόνων</em></strong></span> <span class='ocrx_word' id='word_1_130' title='bbox 458 2005 514 2070; x_wconf 79' lang='grc' dir='ltr'><strong><em>καὶ</em></strong></span> <span class='ocrx_word' id='word_1_131' title='bbox 533 2009 602 2071; x_wconf 78' lang='grc' dir='ltr'><strong><em>τω”ν</em></strong></span> <span class='ocrx_word' id='word_1_132' title='bbox 623 2005 866 2086; x_wconf 77' lang='grc' dir='ltr'><strong><em>διακονισσοῖν,</em></strong></span> <span class='ocrx_word' id='word_1_133' title='bbox 888 2003 945 2070; x_wconf 80' lang='grc' dir='ltr'><strong><em>καὶ</em></strong></span> <span class='ocrx_word' id='word_1_134' title='bbox 964 2004 1053 2090; x_wconf 81' lang='grc' dir='ltr'><strong><em>ἐρείς</em></strong></span> <span class='ocrx_word' id='word_1_135' title='bbox 1071 2001 1127 2092; x_wconf 86' lang='grc' dir='ltr'><strong><em>ΙὉ</em></strong></span> <span class='ocrx_word' id='word_1_136' title='bbox 1140 2001 1222 2081; x_wconf 84' lang='grc' dir='ltr'><strong><em>θεὸς</em></strong></span> <span class='ocrx_word' id='word_1_137' title='bbox 1243 2021 1273 2074; x_wconf 78' lang='grc'><strong><em>15</em></strong></span> 
     </span>
     <span class='ocr_line' id='line_1_17' title="bbox 99 2101 1222 2192; baseline 0 -22"><span class='ocrx_word' id='word_1_138' title='bbox 99 2101 119 2170; x_wconf 93' lang='lat'><em>6</em></span> <span class='ocrx_word' id='word_1_139' title='bbox 141 2103 289 2188; x_wconf 76' lang='grc' dir='ltr'><strong><em>αίάνιος,</em></strong></span> <span class='ocrx_word' id='word_1_140' title='bbox 316 2102 335 2171; x_wconf 92' lang='lat'><em>6</em></span> <span class='ocrx_word' id='word_1_141' title='bbox 353 2103 463 2192; x_wconf 87' lang='grc' dir='ltr'><strong><em>πατήρ</em></strong></span> <span class='ocrx_word' id='word_1_142' title='bbox 485 2109 546 2172; x_wconf 91' lang='grc' dir='ltr'><strong><em>τοῦ</em></strong></span> <span class='ocrx_word' id='word_1_143' title='bbox 565 2111 688 2191; x_wconf 85' lang='grc' dir='ltr'><strong><em>κυρίου</em></strong></span> <span class='ocrx_word' id='word_1_144' title='bbox 704 2103 803 2192; x_wconf 73' lang='grc' dir='ltr'><strong><em>ήμῶν</em></strong></span> <span class='ocrx_word' id='word_1_145' title='bbox 818 2105 927 2192; x_wconf 82' lang='grc' dir='ltr'><strong><em>Ἰησοῦ</em></strong></span> <span class='ocrx_word' id='word_1_146' title='bbox 948 2109 1096 2192; x_wconf 81' lang='grc' dir='ltr'><strong><em>χριστοῦ,</em></strong></span> <span class='ocrx_word' id='word_1_147' title='bbox 1121 2101 1139 2170; x_wconf 92' lang='lat'><em>6</em></span> <span class='ocrx_word' id='word_1_148' title='bbox 1159 2103 1222 2172; x_wconf 84' lang='grc' dir='ltr'><strong><em>άν-</em></strong></span> 
     </span>
     <span class='ocr_line' id='line_1_18' title="bbox 98 2203 1221 2294; baseline 0.002 -24"><span class='ocrx_word' id='word_1_149' title='bbox 98 2203 182 2292; x_wconf 87' lang='grc' dir='ltr'><strong><em>δρός</em></strong></span> <span class='ocrx_word' id='word_1_150' title='bbox 200 2206 258 2272; x_wconf 79' lang='grc' dir='ltr'><strong><em>καί</em></strong></span> <span class='ocrx_word' id='word_1_151' title='bbox 274 2206 439 2290; x_wconf 87' lang='grc' dir='ltr'><strong><em>γυναικός</em></strong></span> <span class='ocrx_word' id='word_1_152' title='bbox 459 2208 672 2293; x_wconf 88' lang='grc' dir='ltr'><strong><em>δημιουργός,</em></strong></span> <span class='ocrx_word' id='word_1_153' title='bbox 696 2205 714 2275; x_wconf 91' lang='lat'><em>6</em></span> <span class='ocrx_word' id='word_1_154' title='bbox 732 2207 913 2294; x_wconf 81' lang='grc' dir='ltr'><strong><em>πληριίσας</em></strong></span> <span class='ocrx_word' id='word_1_155' title='bbox 931 2208 1119 2292; x_wconf 78' lang='grc' dir='ltr'><strong><em>πνεύματος</em></strong></span> <span class='ocrx_word' id='word_1_156' title='bbox 1140 2212 1221 2274; x_wconf 90' lang='grc' dir='ltr'><strong><em>Μα-</em></strong></span> 
     </span>
     <span class='ocr_line' id='line_1_19' title="bbox 99 2306 1221 2395; baseline 0.001 -22"><span class='ocrx_word' id='word_1_157' title='bbox 99 2307 184 2393; x_wconf 86' lang='grc' dir='ltr'><strong><em>ριάμ</em></strong></span> <span class='ocrx_word' id='word_1_158' title='bbox 211 2308 269 2375; x_wconf 78' lang='grc' dir='ltr'><strong><em>καὶ</em></strong></span> <span class='ocrx_word' id='word_1_159' title='bbox 289 2313 480 2395; x_wconf 81' lang='grc' dir='ltr'><strong><em>Δεββῦραν</em></strong></span> <span class='ocrx_word' id='word_1_160' title='bbox 500 2309 557 2376; x_wconf 78' lang='grc' dir='ltr'><strong><em>καὶ</em></strong></span> <span class='ocrx_word' id='word_1_161' title='bbox 573 2310 704 2376; x_wconf 73' lang='grc' dir='ltr'><strong><em>’Ἅνναν</em></strong></span> <span class='ocrx_word' id='word_1_162' title='bbox 725 2310 782 2376; x_wconf 79' lang='grc' dir='ltr'><strong><em>καί</em></strong></span> <span class='ocrx_word' id='word_1_163' title='bbox 800 2308 939 2393; x_wconf 88' lang='grc' dir='ltr'><strong><em>Ὀλδάν,</em></strong></span> <span class='ocrx_word' id='word_1_164' title='bbox 961 2306 980 2376; x_wconf 89' lang='grc' dir='ltr'>ὁ</span> <span class='ocrx_word' id='word_1_165' title='bbox 1000 2308 1044 2394; x_wconf 90' lang='grc' dir='ltr'><strong><em>μή</em></strong></span> <span class='ocrx_word' id='word_1_166' title='bbox 1071 2306 1221 2388; x_wconf 69' lang='grc' dir='ltr'><strong><em>ἀπαξιοῦ-</em></strong></span> 
     </span>
     <span class='ocr_line' id='line_1_20' title="bbox 97 2406 1220 2498; baseline -0.002 -20"><span class='ocrx_word' id='word_1_167' title='bbox 97 2429 162 2488; x_wconf 88' lang='grc' dir='ltr'><strong><em>σας</em></strong></span> <span class='ocrx_word' id='word_1_168' title='bbox 183 2409 244 2476; x_wconf 87' lang='grc' dir='ltr'><strong><em>τόν</em></strong></span> <span class='ocrx_word' id='word_1_169' title='bbox 265 2416 433 2496; x_wconf 78' lang='grc' dir='ltr'><strong><em>μονογενῆ</em></strong></span> <span class='ocrx_word' id='word_1_170' title='bbox 454 2429 518 2478; x_wconf 92' lang='grc' dir='ltr'><strong><em>σου</em></strong></span> <span class='ocrx_word' id='word_1_171' title='bbox 541 2412 619 2479; x_wconf 89' lang='grc' dir='ltr'><strong><em>υίδν</em></strong></span> <span class='ocrx_word' id='word_1_172' title='bbox 639 2415 849 2498; x_wconf 79' lang='grc' dir='ltr'><strong><em>γεννηθῆναι</em></strong></span> <span class='ocrx_word' id='word_1_173' title='bbox 868 2411 907 2478; x_wconf 82' lang='grc' dir='ltr'><strong><em>ἐκ</em></strong></span> <span class='ocrx_word' id='word_1_174' title='bbox 927 2409 1100 2494; x_wconf 87' lang='grc' dir='ltr'><strong><em>γυναικός,</em></strong></span> <span class='ocrx_word' id='word_1_175' title='bbox 1124 2406 1220 2476; x_wconf 80' lang='grc' dir='ltr'><strong><em>ὁκαὶ</em></strong></span> 
     </span>
     <span class='ocr_line' id='line_1_21' title="bbox 97 2512 1271 2602; baseline 0.001 -23"><span class='ocrx_word' id='word_1_176' title='bbox 97 2513 139 2579; x_wconf 84' lang='grc' dir='ltr'><strong><em>ἐν</em></strong></span> <span class='ocrx_word' id='word_1_177' title='bbox 161 2517 205 2599; x_wconf 83' lang='grc' dir='ltr'><strong><em>τῇ</em></strong></span> <span class='ocrx_word' id='word_1_178' title='bbox 226 2517 335 2599; x_wconf 81' lang='grc' dir='ltr'><strong><em>σκηνή</em></strong></span> <span class='ocrx_word' id='word_1_179' title='bbox 356 2517 418 2579; x_wconf 88' lang='grc' dir='ltr'><strong><em>τοῦ</em></strong></span> <span class='ocrx_word' id='word_1_180' title='bbox 441 2519 631 2599; x_wconf 87' lang='grc' dir='ltr'><strong><em>μαρτυρίου</em></strong></span> <span class='ocrx_word' id='word_1_181' title='bbox 653 2513 710 2579; x_wconf 79' lang='grc' dir='ltr'><strong><em>καὶ</em></strong></span> <span class='ocrx_word' id='word_1_182' title='bbox 738 2516 777 2579; x_wconf 79' lang='grc' dir='ltr'><strong><em>ἐν</em></strong></span> <span class='ocrx_word' id='word_1_183' title='bbox 795 2517 842 2602; x_wconf 77' lang='grc' dir='ltr'><strong><em>τῷ</em></strong></span> <span class='ocrx_word' id='word_1_184' title='bbox 868 2516 940 2601; x_wconf 73' lang='grc' dir='ltr'><strong><em>ναῷ</em></strong></span> <span class='ocrx_word' id='word_1_185' title='bbox 962 2512 1218 2599; x_wconf 83' lang='grc' dir='ltr'><strong><em>προχειρισόμε-</em></strong></span> <span class='ocrx_word' id='word_1_186' title='bbox 1237 2529 1271 2580; x_wconf 76' lang='grc' dir='ltr'><strong><em>νο</em></strong></span> 
     </span>
     <span class='ocr_line' id='line_1_22' title="bbox 95 2611 1220 2701; baseline -0.002 -19"><span class='ocrx_word' id='word_1_187' title='bbox 95 2637 158 2692; x_wconf 91' lang='grc' dir='ltr'><strong><em>νος</em></strong></span> <span class='ocrx_word' id='word_1_188' title='bbox 182 2613 241 2691; x_wconf 83' lang='grc' dir='ltr'><strong><em>τὰς</em></strong></span> <span class='ocrx_word' id='word_1_189' title='bbox 263 2611 437 2701; x_wconf 87' lang='grc' dir='ltr'><strong><em>φρουροῦς</em></strong></span> <span class='ocrx_word' id='word_1_190' title='bbox 464 2619 534 2682; x_wconf 77' lang='grc' dir='ltr'><strong><em>τῶν</em></strong></span> <span class='ocrx_word' id='word_1_191' title='bbox 557 2614 663 2701; x_wconf 80' lang='grc' dir='ltr'><strong><em>ἁγίων</em></strong></span> <span class='ocrx_word' id='word_1_192' title='bbox 684 2635 748 2682; x_wconf 94' lang='grc' dir='ltr'><strong><em>σου</em></strong></span> <span class='ocrx_word' id='word_1_193' title='bbox 777 2618 912 2682; x_wconf 74' lang='grc' dir='ltr'><strong><em>πολοῦν-</em></strong></span> <span class='ocrx_word' id='word_1_194' title='bbox 946 2611 1046 2692; x_wconf 85' lang='grc' dir='ltr'><strong><em>αὐτδς</em></strong></span> <span class='ocrx_word' id='word_1_195' title='bbox 1067 2614 1124 2680; x_wconf 79' lang='grc' dir='ltr'><strong><em>καί</em></strong></span> <span class='ocrx_word' id='word_1_196' title='bbox 1154 2618 1220 2680; x_wconf 93' lang='grc' dir='ltr'><strong><em>νῦν</em></strong></span> 
     </span>
     <span class='ocr_line' id='line_1_23' title="bbox 95 2715 1220 2804; baseline -0.002 -20"><span class='ocrx_word' id='word_1_197' title='bbox 95 2719 194 2784; x_wconf 77' lang='grc' dir='ltr'><strong><em>ἔπιδε</em></strong></span> <span class='ocrx_word' id='word_1_198' title='bbox 219 2715 274 2783; x_wconf 81' lang='grc' dir='ltr'><strong><em>ἐπί</em></strong></span> <span class='ocrx_word' id='word_1_199' title='bbox 302 2716 365 2801; x_wconf 83' lang='grc' dir='ltr'><strong><em>τήν</em></strong></span> <span class='ocrx_word' id='word_1_200' title='bbox 386 2717 514 2804; x_wconf 88' lang='grc' dir='ltr'><strong><em>δούλην</em></strong></span> <span class='ocrx_word' id='word_1_201' title='bbox 540 2736 604 2784; x_wconf 90' lang='grc' dir='ltr'><strong><em>σου</em></strong></span> <span class='ocrx_word' id='word_1_202' title='bbox 630 2718 732 2804; x_wconf 82' lang='grc' dir='ltr'><strong><em>τήνδε</em></strong></span> <span class='ocrx_word' id='word_1_203' title='bbox 759 2717 822 2804; x_wconf 86' lang='grc' dir='ltr'><strong><em>τήν</em></strong></span> <span class='ocrx_word' id='word_1_204' title='bbox 848 2717 1144 2804; x_wconf 80' lang='grc' dir='ltr'><strong><em>προχειριζομένην</em></strong></span> <span class='ocrx_word' id='word_1_205' title='bbox 1173 2719 1220 2793; x_wconf 82' lang='grc' dir='ltr'><strong><em>είς</em></strong></span> 
     </span>
     <span class='ocr_line' id='line_1_24' title="bbox 95 2817 1219 2908; baseline -0.002 -22"><span class='ocrx_word' id='word_1_206' title='bbox 95 2822 295 2902; x_wconf 85' lang='grc' dir='ltr'><strong><em>διακονίαν,</em></strong></span> <span class='ocrx_word' id='word_1_207' title='bbox 323 2820 380 2886; x_wconf 79' lang='grc' dir='ltr'><strong><em>καὶ</em></strong></span> <span class='ocrx_word' id='word_1_208' title='bbox 402 2819 460 2898; x_wconf 85' lang='grc' dir='ltr'><strong><em>δός</em></strong></span> <span class='ocrx_word' id='word_1_209' title='bbox 481 2817 568 2908; x_wconf 77' lang='grc' dir='ltr'><strong><em>αὐτῇ</em></strong></span> <span class='ocrx_word' id='word_1_210' title='bbox 590 2824 723 2906; x_wconf 87' lang='grc' dir='ltr'><strong><em>πνεῦμα</em></strong></span> <span class='ocrx_word' id='word_1_211' title='bbox 746 2820 845 2906; x_wconf 80' lang='grc' dir='ltr'><strong><em>ἅγιον</em></strong></span> <span class='ocrx_word' id='word_1_212' title='bbox 864 2819 922 2886; x_wconf 80' lang='grc' dir='ltr'><strong><em>καὶ</em></strong></span> <span class='ocrx_word' id='word_1_213' title='bbox 943 2819 1135 2906; x_wconf 85' lang='grc' dir='ltr'><strong><em>καθάρισον</em></strong></span> <span class='ocrx_word' id='word_1_214' title='bbox 1156 2817 1219 2884; x_wconf 87' lang='grc' dir='ltr'><strong><em>αῦ-</em></strong></span> 
     </span>
     <span class='ocr_line' id='line_1_25' title="bbox 95 2915 1218 3008; baseline -0.004 -20"><span class='ocrx_word' id='word_1_215' title='bbox 95 2921 162 3007; x_wconf 83' lang='grc' dir='ltr'><strong><em>τήν</em></strong></span> <span class='ocrx_word' id='word_1_216' title='bbox 183 2915 252 2988; x_wconf 74' lang='grc' dir='ltr'><strong><em>ἀπό</em></strong></span> <span class='ocrx_word' id='word_1_217' title='bbox 273 2920 397 2999; x_wconf 79' lang='grc' dir='ltr'><strong><em>παντὸς</em></strong></span> <span class='ocrx_word' id='word_1_218' title='bbox 424 2927 603 3008; x_wconf 87' lang='grc' dir='ltr'><strong><em>μολυσμοῦ</em></strong></span> <span class='ocrx_word' id='word_1_219' title='bbox 631 2921 756 3008; x_wconf 84' lang='grc' dir='ltr'><strong><em>σαρκός</em></strong></span> <span class='ocrx_word' id='word_1_220' title='bbox 781 2922 838 2988; x_wconf 82' lang='grc' dir='ltr'><strong><em>καλ</em></strong></span> <span class='ocrx_word' id='word_1_221' title='bbox 865 2922 1055 3007; x_wconf 84' lang='grc' dir='ltr'><strong><em>πνεύματος</em></strong></span> <span class='ocrx_word' id='word_1_222' title='bbox 1076 2918 1160 3005; x_wconf 88' lang='grc' dir='ltr'><strong><em>πρός</em></strong></span> <span class='ocrx_word' id='word_1_223' title='bbox 1180 2918 1218 2984; x_wconf 87' lang='grc' dir='ltr'><strong><em>τὸ</em></strong></span> 
     </span>
     <span class='ocr_line' id='line_1_26' title="bbox 95 3019 1268 3111; baseline 0 -21"><span class='ocrx_word' id='word_1_224' title='bbox 95 3023 199 3105; x_wconf 81' lang='grc' dir='ltr'><strong><em>άξίως</em></strong></span> <span class='ocrx_word' id='word_1_225' title='bbox 225 3023 392 3090; x_wconf 78' lang='grc' dir='ltr'><strong><em>ἐπιτελεῖν</em></strong></span> <span class='ocrx_word' id='word_1_226' title='bbox 419 3019 526 3109; x_wconf 88' lang='grc' dir='ltr'><strong><em>αῦτήν</em></strong></span> <span class='ocrx_word' id='word_1_227' title='bbox 554 3024 591 3090; x_wconf 86' lang='grc' dir='ltr'><strong><em>τό</em></strong></span> <span class='ocrx_word' id='word_1_228' title='bbox 617 3026 828 3111; x_wconf 75' lang='grc' dir='ltr'><strong><em>ἐγχειρισθὲν</em></strong></span> <span class='ocrx_word' id='word_1_229' title='bbox 856 3022 943 3109; x_wconf 82' lang='grc' dir='ltr'><strong><em>αὐτή</em></strong></span> <span class='ocrx_word' id='word_1_230' title='bbox 967 3027 1068 3108; x_wconf 78' lang='grc' dir='ltr'><strong><em>ἔργον</em></strong></span> <span class='ocrx_word' id='word_1_231' title='bbox 1090 3026 1138 3100; x_wconf 83' lang='grc' dir='ltr'><strong><em>είς</em></strong></span> <span class='ocrx_word' id='word_1_232' title='bbox 1158 3021 1217 3088; x_wconf 90' lang='grc' dir='ltr'><strong><em>δό-</em></strong></span> <span class='ocrx_word' id='word_1_233' title='bbox 1234 3037 1268 3090; x_wconf 79' lang='lat'><strong><em>25</em></strong></span> 
     </span>
    </p>
   </div>
   <div class='ocr_carea' id='block_1_3' title="bbox 46 3114 1267 3622">
    <p class='ocr_par' dir='ltr' id='par_1_3' title="bbox 46 3114 1267 3622">
     <span class='ocr_line' id='line_1_27' title="bbox 95 3114 1217 3212; baseline -0.004 -20"><span class='ocrx_word' id='word_1_234' title='bbox 95 3127 161 3206; x_wconf 82' lang='grc' dir='ltr'><strong><em>ξαν</em></strong></span> <span class='ocrx_word' id='word_1_235' title='bbox 184 3123 250 3211; x_wconf 86' lang='grc' dir='ltr'><strong><em>σήν</em></strong></span> <span class='ocrx_word' id='word_1_236' title='bbox 272 3125 329 3192; x_wconf 79' lang='grc' dir='ltr'><strong><em>καὶ</em></strong></span> <span class='ocrx_word' id='word_1_237' title='bbox 358 3129 498 3193; x_wconf 80' lang='grc' dir='ltr'><strong><em>ἔπαινον</em></strong></span> <span class='ocrx_word' id='word_1_238' title='bbox 525 3131 587 3194; x_wconf 91' lang='grc' dir='ltr'><strong><em>τοῦ</em></strong></span> <span class='ocrx_word' id='word_1_239' title='bbox 614 3131 753 3212; x_wconf 83' lang='grc' dir='ltr'><strong><em>χριστοῦ</em></strong></span> <span class='ocrx_word' id='word_1_240' title='bbox 775 3142 855 3210; x_wconf 90' lang='grc' dir='ltr'><strong><em>σου,</em></strong></span> <span class='ocrx_word' id='word_1_241' title='bbox 883 3123 962 3210; x_wconf 85' lang='grc' dir='ltr'><strong><em>μεθ’</em></strong></span> <span class='ocrx_word' id='word_1_242' title='bbox 992 3114 1035 3190; x_wconf 87' lang='grc' dir='ltr'><strong><em>οῦ</em></strong></span> <span class='ocrx_word' id='word_1_243' title='bbox 1056 3140 1110 3189; x_wconf 91' lang='grc' dir='ltr'><strong><em>σοι</em></strong></span> <span class='ocrx_word' id='word_1_244' title='bbox 1136 3122 1217 3202; x_wconf 79' lang='grc' dir='ltr'><strong><em>δόξα</em></strong></span> 
     </span>
     <span class='ocr_line' id='line_1_28' title="bbox 95 3224 1214 3317; baseline -0.003 -23"><span class='ocrx_word' id='word_1_245' title='bbox 95 3228 154 3294; x_wconf 80' lang='grc' dir='ltr'><strong><em>καὶ</em></strong></span> <span class='ocrx_word' id='word_1_246' title='bbox 181 3227 412 3314; x_wconf 79' lang='grc' dir='ltr'><strong><em>προσκύνησις</em></strong></span> <span class='ocrx_word' id='word_1_247' title='bbox 441 3227 497 3295; x_wconf 77' lang='grc' dir='ltr'><strong><em>καί</em></strong></span> <span class='ocrx_word' id='word_1_248' title='bbox 527 3233 574 3316; x_wconf 78' lang='grc' dir='ltr'><strong><em>τῷ</em></strong></span> <span class='ocrx_word' id='word_1_249' title='bbox 595 3227 680 3317; x_wconf 82' lang='grc' dir='ltr'><strong><em>άγίηι</em></strong></span> <span class='ocrx_word' id='word_1_250' title='bbox 700 3228 864 3313; x_wconf 87' lang='grc' dir='ltr'><strong><em>πνεύματι</em></strong></span> <span class='ocrx_word' id='word_1_251' title='bbox 895 3229 942 3303; x_wconf 86' lang='grc' dir='ltr'><strong><em>είς</em></strong></span> <span class='ocrx_word' id='word_1_252' title='bbox 966 3224 1046 3303; x_wconf 88' lang='grc' dir='ltr'><strong><em>τοῦς</em></strong></span> <span class='ocrx_word' id='word_1_253' title='bbox 1071 3229 1214 3302; x_wconf 82' lang='grc' dir='ltr'><strong><em>αίῦνας·</em></strong></span> 
     </span>
     <span class='ocr_line' id='line_1_29' title="bbox 46 3323 1217 3417; baseline -0.001 -22"><span class='ocrx_word' id='word_1_254' title='bbox 46 3327 198 3415; x_wconf 68' lang='grc' dir='ltr'><strong><em>νοάμήν.</em></strong></span> <span class='ocrx_word' id='word_1_255' title='bbox 221 3333 225 3416; x_wconf 95' lang='grc' dir='ltr'>Ι</span> <span class='ocrx_word' id='word_1_256' title='bbox 245 3330 321 3417; x_wconf 80' lang='grc' dir='ltr'><strong><em>περὶ</em></strong></span> <span class='ocrx_word' id='word_1_257' title='bbox 343 3331 381 3395; x_wconf 77' lang='grc' dir='ltr'><strong><em>δὲ</em></strong></span> <span class='ocrx_word' id='word_1_258' title='bbox 399 3326 636 3397; x_wconf 87' lang='grc' dir='ltr'><strong><em>ῦποδιακόνων</em></strong></span> <span class='ocrx_word' id='word_1_259' title='bbox 658 3327 723 3415; x_wconf 82' lang='grc' dir='ltr'><strong><em>ἐγιῦ</em></strong></span> <span class='ocrx_word' id='word_1_260' title='bbox 748 3333 870 3414; x_wconf 81' lang='grc' dir='ltr'><strong><em>Θωμᾶς</em></strong></span> <span class='ocrx_word' id='word_1_261' title='bbox 892 3329 1114 3413; x_wconf 84' lang='grc' dir='ltr'><strong><em>διατάσσομαι</em></strong></span> <span class='ocrx_word' id='word_1_262' title='bbox 1135 3323 1217 3412; x_wconf 79' lang='grc' dir='ltr'><strong><em>ῦμῑν</em></strong></span> 
     </span>
     <span class='ocr_line' id='line_1_30' title="bbox 94 3420 1216 3518; baseline -0.001 -21"><span class='ocrx_word' id='word_1_263' title='bbox 94 3443 167 3508; x_wconf 73' lang='grc' dir='ltr'><strong><em>τοῖς</em></strong></span> <span class='ocrx_word' id='word_1_264' title='bbox 186 3431 381 3509; x_wconf 83' lang='grc' dir='ltr'><strong><em>ἐπισκόποις</em></strong></span> <span class='ocrx_word' id='word_1_265' title='bbox 403 3429 648 3499; x_wconf 66' lang='grc' dir='ltr'><strong><em>’Τποδιάκονον</em></strong></span> <span class='ocrx_word' id='word_1_266' title='bbox 662 3435 874 3518; x_wconf 73' lang='grc' dir='ltr'><strong><em>χειροτονοῦν,</em></strong></span> <span class='ocrx_word' id='word_1_267' title='bbox 897 3420 924 3496; x_wconf 80' lang='grc' dir='ltr'><strong><em>τό</em></strong></span> <span class='ocrx_word' id='word_1_268' title='bbox 944 3429 1117 3514; x_wconf 85' lang='grc' dir='ltr'><strong><em>ἐπίσκοπε,</em></strong></span> <span class='ocrx_word' id='word_1_269' title='bbox 1142 3429 1216 3498; x_wconf 83' lang='grc' dir='ltr'><strong><em>ἐπι-</em></strong></span> 
     </span>
     <span class='ocr_line' id='line_1_31' title="bbox 93 3528 1267 3622; baseline -0.001 -22"><span class='ocrx_word' id='word_1_270' title='bbox 93 3531 217 3620; x_wconf 85' lang='grc' dir='ltr'><strong><em>θήσεις</em></strong></span> <span class='ocrx_word' id='word_1_271' title='bbox 239 3531 290 3600; x_wconf 84' lang='grc' dir='ltr'><strong><em>ἐπ’</em></strong></span> <span class='ocrx_word' id='word_1_272' title='bbox 317 3532 409 3622; x_wconf 73' lang='grc' dir='ltr'><strong><em>αὐτῷ</em></strong></span> <span class='ocrx_word' id='word_1_273' title='bbox 430 3533 489 3611; x_wconf 80' lang='grc' dir='ltr'><strong><em>τὰς</em></strong></span> <span class='ocrx_word' id='word_1_274' title='bbox 506 3547 619 3621; x_wconf 80' lang='grc' dir='ltr'><strong><em>χεῖρας</em></strong></span> <span class='ocrx_word' id='word_1_275' title='bbox 644 3533 701 3600; x_wconf 82' lang='grc' dir='ltr'><strong><em>καὶ</em></strong></span> <span class='ocrx_word' id='word_1_276' title='bbox 728 3535 816 3618; x_wconf 75' lang='grc' dir='ltr'><strong><em>ἐρεῖς</em></strong></span> <span class='ocrx_word' id='word_1_277' title='bbox 832 3533 989 3600; x_wconf 81' lang='grc' dir='ltr'><strong><em>Δέσποτα</em></strong></span> <span class='ocrx_word' id='word_1_278' title='bbox 1005 3533 1082 3616; x_wconf 78' lang='grc' dir='ltr'><strong><em>θεέ,</em></strong></span> <span class='ocrx_word' id='word_1_279' title='bbox 1110 3528 1213 3620; x_wconf 86' lang='grc' dir='ltr'><strong><em>οῦρα-</em></strong></span> <span class='ocrx_word' id='word_1_280' title='bbox 1232 3547 1267 3599; x_wconf 82' lang='grc'><strong><em>30</em></strong></span> 
     </span>
    </p>
   </div>
   <div class='ocr_carea' id='block_1_4' title="bbox 164 3727 676 3819">
    <p class='ocr_par' dir='ltr' id='par_1_4' title="bbox 164 3727 676 3819">
     <span class='ocr_line' id='line_1_32' title="bbox 164 3727 676 3819; baseline -0.006 -17"><span class='ocrx_word' id='word_1_281' title='bbox 164 3753 181 3802; x_wconf 85' lang='grc' dir='ltr'><strong><em>ι</em></strong></span> <span class='ocrx_word' id='word_1_282' title='bbox 199 3750 293 3803; x_wconf 58' lang='lat' dir='ltr'><strong>Palm</strong></span> <span class='ocrx_word' id='word_1_283' title='bbox 311 3751 353 3816; x_wconf 79' lang='grc' dir='ltr'><strong><em>ει,</em></strong></span> <span class='ocrx_word' id='word_1_284' title='bbox 374 3751 404 3802; x_wconf 82' lang='grc' dir='ltr'><strong><em>ιι</em></strong></span> <span class='ocrx_word' id='word_1_285' title='bbox 420 3752 424 3817; x_wconf 82' lang='grc' dir='ltr'>Ι</span> <span class='ocrx_word' id='word_1_286' title='bbox 440 3753 473 3804; x_wconf 79' lang='grc' dir='ltr'><strong><em>ιι</em></strong></span> <span class='ocrx_word' id='word_1_287' title='bbox 492 3751 546 3803; x_wconf 74' lang='lat' dir='ltr'><strong><em>cor</em></strong></span> <span class='ocrx_word' id='word_1_288' title='bbox 564 3749 581 3819; x_wconf 77' lang='grc' dir='ltr'><strong><em>μ</em></strong></span> <span class='ocrx_word' id='word_1_289' title='bbox 599 3751 623 3815; x_wconf 81' lang='grc' dir='ltr'><strong><em>ι,</em></strong></span> <span class='ocrx_word' id='word_1_290' title='bbox 644 3751 656 3800; x_wconf 88' lang='lat'>1</span> <span class='ocrx_word' id='word_1_291' title='bbox 674 3727 676 3734; x_wconf 56' lang='lat'><strong>⁴</strong></span> 
     </span>
    </p>
   </div>
   <div class='ocr_carea' id='block_1_5' title="bbox 93 3956 1214 4442">
    <p class='ocr_par' dir='ltr' id='par_1_5' title="bbox 93 3956 1214 4442">
     <span class='ocr_line' id='line_1_33' title="bbox 93 3956 1214 4032; baseline -0.002 -18"><span class='ocrx_word' id='word_1_292' title='bbox 93 3956 707 4032; x_wconf 58' lang='lat' dir='ltr'><strong><em>2364w15166&gt;Y16602&gt;wy1</em></strong></span> <span class='ocrx_word' id='word_1_293' title='bbox 727 3956 1214 4031; x_wconf 63' lang='lat' dir='ltr'><strong><em>5.622q·a⁶ovw1odytov÷t</em></strong></span> 
     </span>
     <span class='ocr_line' id='line_1_34' title="bbox 97 4041 1212 4117; baseline -0.002 -17"><span class='ocrx_word' id='word_1_294' title='bbox 97 4051 100 4112; x_wconf 99' lang='grc' dir='ltr'>Ι</span> <span class='ocrx_word' id='word_1_295' title='bbox 120 4049 138 4100; x_wconf 83' lang='grc'><strong>8</strong></span> <span class='ocrx_word' id='word_1_296' title='bbox 156 4041 331 4116; x_wconf 77' lang='grc' dir='ltr'><strong><em>ἐυηαρίστως</em></strong></span> <span class='ocrx_word' id='word_1_297' title='bbox 347 4065 372 4100; x_wconf 78' lang='lat' dir='ltr'><strong>w</strong></span> <span class='ocrx_word' id='word_1_298' title='bbox 392 4049 397 4114; x_wconf 89' lang='grc' dir='ltr'>Ι</span> <span class='ocrx_word' id='word_1_299' title='bbox 416 4049 433 4099; x_wconf 90' lang='grc'>8</span> <span class='ocrx_word' id='word_1_300' title='bbox 451 4042 691 4117; x_wconf 85' lang='grc' dir='ltr'><strong><em>λειτουργήσακτα</em></strong></span> <span class='ocrx_word' id='word_1_301' title='bbox 708 4054 778 4114; x_wconf 75' lang='lat' dir='ltr'><strong><em>th,</em></strong></span> <span class='ocrx_word' id='word_1_302' title='bbox 797 4041 997 4102; x_wconf 78' lang='grc' dir='ltr'><strong><em>ἐπιτελέσαντα</em></strong></span> <span class='ocrx_word' id='word_1_303' title='bbox 1013 4065 1032 4114; x_wconf 79' lang='lat' dir='ltr'>y</span> <span class='ocrx_word' id='word_1_304' title='bbox 1052 4049 1055 4112; x_wconf 94' lang='grc' dir='ltr'>Ι</span> <span class='ocrx_word' id='word_1_305' title='bbox 1077 4049 1107 4098; x_wconf 85' lang='lat' dir='ltr'><strong><em>ll</em></strong></span> <span class='ocrx_word' id='word_1_306' title='bbox 1128 4063 1212 4113; x_wconf 85' lang='grc' dir='ltr'><strong><em>μονο-</em></strong></span> 
     </span>
     <span class='ocr_line' id='line_1_35' title="bbox 94 4126 1212 4201; baseline -0.003 -15"><span class='ocrx_word' id='word_1_307' title='bbox 94 4127 181 4199; x_wconf 81' lang='grc' dir='ltr'><strong><em>γενοῦ</em></strong></span> <span class='ocrx_word' id='word_1_308' title='bbox 199 4151 224 4185; x_wconf 83' lang='lat' dir='ltr'>w</span> <span class='ocrx_word' id='word_1_309' title='bbox 250 4137 254 4199; x_wconf 93' lang='grc' dir='ltr'>Ι</span> <span class='ocrx_word' id='word_1_310' title='bbox 282 4134 315 4186; x_wconf 81' lang='grc'><strong><em>13</em></strong></span> <span class='ocrx_word' id='word_1_311' title='bbox 332 4127 365 4185; x_wconf 74' lang='grc' dir='ltr'><strong><em>δὲ</em></strong></span> <span class='ocrx_word' id='word_1_312' title='bbox 382 4135 417 4200; x_wconf 69' lang='grc' dir='ltr'><strong><em>«Ι-</em></strong></span> <span class='ocrx_word' id='word_1_313' title='bbox 434 4140 465 4200; x_wconf 76' lang='grc' dir='ltr'><strong><em>γι</em></strong></span> <span class='ocrx_word' id='word_1_314' title='bbox 491 4135 495 4198; x_wconf 94' lang='grc' dir='ltr'>Ι</span> <span class='ocrx_word' id='word_1_315' title='bbox 523 4135 555 4187; x_wconf 83' lang='lat'><strong><em>13</em></strong></span> <span class='ocrx_word' id='word_1_316' title='bbox 573 4134 741 4201; x_wconf 81' lang='grc' dir='ltr'><strong><em>θιακοιίσης</em></strong></span> <span class='ocrx_word' id='word_1_317' title='bbox 757 4149 783 4183; x_wconf 77' lang='lat' dir='ltr'><strong>w</strong></span> <span class='ocrx_word' id='word_1_318' title='bbox 808 4135 812 4198; x_wconf 95' lang='grc' dir='ltr'>Ι</span> <span class='ocrx_word' id='word_1_319' title='bbox 841 4135 872 4186; x_wconf 80' lang='grc'><strong><em>13</em></strong></span> <span class='ocrx_word' id='word_1_320' title='bbox 890 4126 944 4199; x_wconf 74' lang='grc' dir='ltr'><strong><em>ἐγὼ</em></strong></span> <span class='ocrx_word' id='word_1_321' title='bbox 961 4133 995 4198; x_wconf 85' lang='grc' dir='ltr'><strong><em>-Ι-</em></strong></span> <span class='ocrx_word' id='word_1_322' title='bbox 1011 4150 1029 4199; x_wconf 83' lang='lat' dir='ltr'>y</span> <span class='ocrx_word' id='word_1_323' title='bbox 1051 4130 1055 4197; x_wconf 95' lang='grc' dir='ltr'>Ι</span> <span class='ocrx_word' id='word_1_324' title='bbox 1077 4133 1107 4181; x_wconf 84' lang='grc'><strong><em>17</em></strong></span> <span class='ocrx_word' id='word_1_325' title='bbox 1126 4145 1212 4183; x_wconf 85' lang='grc' dir='ltr'><strong><em>πνιυ·</em></strong></span> 
     </span>
     <span class='ocr_line' id='line_1_36' title="bbox 94 4209 1213 4287; baseline -0.004 -17"><span class='ocrx_word' id='word_1_326' title='bbox 94 4235 163 4281; x_wconf 84' lang='grc' dir='ltr'><strong><em>ματι</em></strong></span> <span class='ocrx_word' id='word_1_327' title='bbox 181 4237 199 4271; x_wconf 86' lang='lat' dir='ltr'>x</span> <span class='ocrx_word' id='word_1_328' title='bbox 218 4221 223 4283; x_wconf 93' lang='grc' dir='ltr'>Ι</span> <span class='ocrx_word' id='word_1_329' title='bbox 246 4219 278 4270; x_wconf 86' lang='grc'><strong><em>18</em></strong></span> <span class='ocrx_word' id='word_1_330' title='bbox 295 4213 463 4287; x_wconf 72' lang='grc' dir='ltr'><strong><em>δεββιόόόαν</em></strong></span> <span class='ocrx_word' id='word_1_331' title='bbox 478 4235 512 4283; x_wconf 81' lang='lat' dir='ltr'><strong><em>y,</em></strong></span> <span class='ocrx_word' id='word_1_332' title='bbox 532 4213 673 4287; x_wconf 77' lang='grc' dir='ltr'><strong><em>διβόρρακ</em></strong></span> <span class='ocrx_word' id='word_1_333' title='bbox 691 4225 703 4270; x_wconf 77' lang='lat' dir='ltr'><strong>t</strong></span> <span class='ocrx_word' id='word_1_334' title='bbox 722 4221 727 4282; x_wconf 94' lang='grc' dir='ltr'>Ι</span> <span class='ocrx_word' id='word_1_335' title='bbox 749 4219 780 4271; x_wconf 81' lang='grc'><strong><em>19</em></strong></span> <span class='ocrx_word' id='word_1_336' title='bbox 797 4215 951 4285; x_wconf 80' lang='grc' dir='ltr'><strong><em>μονογενήι</em></strong></span> <span class='ocrx_word' id='word_1_337' title='bbox 969 4234 993 4268; x_wconf 84' lang='lat' dir='ltr'><strong>w</strong></span> <span class='ocrx_word' id='word_1_338' title='bbox 1013 4217 1017 4281; x_wconf 95' lang='grc' dir='ltr'>Ι</span> <span class='ocrx_word' id='word_1_339' title='bbox 1037 4218 1071 4267; x_wconf 72' lang='lat'><strong><em>26</em></strong></span> <span class='ocrx_word' id='word_1_340' title='bbox 1088 4209 1213 4279; x_wconf 77' lang='grc' dir='ltr'><strong><em>ἐπαξίως</em></strong></span> 
     </span>
     <span class='ocr_line' id='line_1_37' title="bbox 93 4291 1212 4372; baseline -0.001 -18"><span class='ocrx_word' id='word_1_341' title='bbox 93 4311 125 4370; x_wconf 66' lang='grc' dir='ltr'><strong><em>γε</em></strong></span> <span class='ocrx_word' id='word_1_342' title='bbox 144 4305 148 4367; x_wconf 82' lang='grc' dir='ltr'>Ι</span> <span class='ocrx_word' id='word_1_343' title='bbox 168 4305 201 4354; x_wconf 83' lang='grc' dir='ltr'><strong><em>ω</em></strong></span> <span class='ocrx_word' id='word_1_344' title='bbox 221 4302 271 4355; x_wconf 66' lang='grc' dir='ltr'><strong><em>ται</em></strong></span> <span class='ocrx_word' id='word_1_345' title='bbox 289 4305 365 4371; x_wconf 71' lang='lat' dir='ltr'>priua</span> <span class='ocrx_word' id='word_1_346' title='bbox 382 4304 416 4368; x_wconf 92' lang='lat'>&gt;</span> <span class='ocrx_word' id='word_1_347' title='bbox 433 4321 458 4355; x_wconf 70' lang='lat' dir='ltr'>w</span> <span class='ocrx_word' id='word_1_348' title='bbox 484 4306 489 4370; x_wconf 83' lang='grc' dir='ltr'>Ι</span> <span class='ocrx_word' id='word_1_349' title='bbox 515 4303 557 4356; x_wconf 83' lang='lat'><strong><em>28.</em></strong></span> <span class='ocrx_word' id='word_1_350' title='bbox 570 4304 604 4355; x_wconf 77' lang='grc' dir='ltr'><strong><em>νο</em></strong></span> <span class='ocrx_word' id='word_1_351' title='bbox 626 4297 697 4372; x_wconf 70' lang='grc' dir='ltr'><strong><em>ὑμῖν</em></strong></span> <span class='ocrx_word' id='word_1_352' title='bbox 718 4306 779 4364; x_wconf 68' lang='grc' dir='ltr'><strong><em>τοῖς</em></strong></span> <span class='ocrx_word' id='word_1_353' title='bbox 797 4295 962 4361; x_wconf 64' lang='grc' dir='ltr'><strong><em>ἐπισκόποις</em></strong></span> <span class='ocrx_word' id='word_1_354' title='bbox 978 4301 1012 4366; x_wconf 96' lang='grc'>&gt;</span> <span class='ocrx_word' id='word_1_355' title='bbox 1029 4317 1053 4350; x_wconf 77' lang='lat' dir='ltr'><strong>w</strong></span> <span class='ocrx_word' id='word_1_356' title='bbox 1079 4301 1084 4364; x_wconf 80' lang='grc' dir='ltr'>Ι</span> <span class='ocrx_word' id='word_1_357' title='bbox 1110 4299 1145 4350; x_wconf 81' lang='grc' dir='ltr'><strong><em>3ο</em></strong></span> <span class='ocrx_word' id='word_1_358' title='bbox 1161 4291 1212 4353; x_wconf 71' lang='grc' dir='ltr'><strong><em>ασ-</em></strong></span> 
     </span>
     <span class='ocr_line' id='line_1_38' title="bbox 93 4405 186 4442; baseline 0.011 -3"><span class='ocrx_word' id='word_1_359' title='bbox 93 4405 144 4442; x_wconf 84' lang='grc' dir='ltr'><strong><em>τον</em></strong></span> <span class='ocrx_word' id='word_1_360' title='bbox 162 4405 186 4440; x_wconf 84' lang='lat' dir='ltr'>w</span> 
     </span>
    </p>
   </div>
   <div class='ocr_carea' id='block_1_6' title="bbox 0 0 1504 4972">
    <p class='ocr_par' dir='ltr' id='par_1_6' title="bbox 0 0 1504 4972">
     <span class='ocr_line' id='line_1_39' title="bbox 0 0 1504 4972; baseline 0 4"><span class='ocrx_word' id='word_1_361' title='bbox 0 0 1504 4972; x_wconf 95' lang='lat' dir='ltr'><strong><em> </em></strong></span> 
     </span>
    </p>
   </div>
  </div>
 </body>
</html>
