3120 4980
1435 391 1457 462 5

836 563 880 639 Π

355 664 517 746 Διατάξεις
545 680 606 734 τῶν
626 673 727 735 αὑτῶν
750 675 848 758 άγίων
874 621 1052 738 άποστόλων
1076 679 1142 759 περί
1169 681 1381 760 χειροτονιῶν,
1406 670 1458 736 διά

270 775 459 842 Ἱππολύτου.

357 883 388 948 ί.
406 885 495 970 Ἀμα
508 891 606 950 τοίνυν
618 892 811 975 ὑπάρχοντες
824 895 912 974 ἡμεῖς
927 893 955 953 οί
970 888 1089 954 δώδεκα
1104 897 1159 952 τοῦ
1176 890 1279 976 κυρίου
1296 890 1458 955 ἀπόστολοι

265 992 361 1057 τάσδε
372 999 432 1066 τὰς
447 995 542 1068 θείας
557 999 626 1079 ὑμῖν
644 996 848 1080 ἐντελλόμεθα
865 992 1021 1072 διατάξεις
1037 1003 1103 1082 περί
1119 1001 1234 1070 παντός
1250 997 1458 1070 ἐκκλησιαστι-

233 1118 247 1160 ο
264 1109 318 1164 κοῦ
331 1107 440 1183 τύπου,
458 1107 673 1189 συμπαρόντος
687 1109 820 1188 ἡμῖνκαὶ
836 1113 890 1167 τοῦ
906 1117 963 1178 τῆς
972 1104 1120 1190 ἐκλογῆς*
1133 1111 1256 1178 σκεύους
1264 1105 1389 1170 Παύλου
1405 1109 1459 1171 τοῦ

265 1209 493 1273 συναποστόλου
514 1216 602 1295 ἡμῶν
623 1220 674 1276 καί
693 1209 847 1297 Ἰακώβου
864 1209 922 1276 ’τοῦ
939 1217 1100 1277 ἐπισκόπου
1115 1220 1241 1277 καὶτῶν
1258 1212 1368 1281 λοιπῶν
1386 1237 1459 1300 πρε-

266 1316 424 1404 σβυτέρων
441 1326 491 1383 καί
505 1330 567 1382 τῶν
584 1323 661 1384 έπτᾰ
678 1318 837 1384 διακόνων.
866 1329 989 1407 πρῶτος
1006 1322 1057 1384 οὑν
1074 1324 1136 1406 ἐγώ
1158 1321 1276 1407 Πέτρος
1298 1325 1457 1386 ἐπίσκοπον

265 1429 510 1511 χειροτονεῖσθαι
534 1425 752 1512 διατάσσομαι,
781 1429 826 1501 ώς
848 1431 916 1512 ἅμα
933 1433 1046 1502 πάντες
1062 1426 1289 1514 διεταξάμεθα,
1311 1433 1341 1493 ἐν
1365 1439 1457 1495 πᾶσιν

266 1537 437 1618 ἄμεμπτον,
454 1537 590 1622 ἄριστον,
606 1541 663 1600 ὑπό
680 1541 796 1609 παντὸς
810 1545 865 1599 τοῦ
881 1536 958 1601 λαοῦ
975 1537 1194 1623 ἐκλελεγμένον,
1211 1537 1246 1601 οὑ
1262 1538 1458 1621 ὀνομασθέν-

220 1661 247 1700 ιο
265 1663 319 1714 τος
345 1651 397 1706 καί
423 1643 612 1729 ἀρεσθέντος
634 1643 792 1710 συνελθών
809 1646 825 1709 ό
840 1644 916 1718 λαδς
937 1648 1006 1730 ἅμα
1021 1654 1065 1726 τῷ
1083 1645 1292 1731 πρεσβυτερίῳ
1321 1651 1372 1708 καί
1392 1655 1458 1718 τοῖς

266 1759 416 1838 παροῦσιν
438 1755 608 1825 ἐπισκόποις
630 1755 660 1814 ἐν
681 1757 783 1838 ἡμέρᾳ
804 1764 931 1839 κυριακῇ
955 1751 1181 1834 συνευδοκείτω,
1210 1755 1225 1816 ό
1248 1752 1281 1817 δέ
1296 1757 1458 1838 πρόκριτος

264 1868 326 1922 τῶν
341 1859 451 1923 λοιπῶν
468 1862 615 1946 ἐρωτάτω
631 1865 665 1922 τύ
681 1859 898 1948 πρεσβυτέριον
913 1869 964 1926 καί
978 1866 1028 1925 τδν
1050 1860 1141 1942 λαόν,
1166 1863 1192 1924 εί
1207 1864 1302 1934 αὑτός
1317 1863 1410 1942 ἐστιν,
1428 1861 1460 1924 δν

266 1968 421 2033 αἰτοῦνται
437 1971 481 2040 εές
497 1971 649 2055 άρχοντοι,
666 1975 717 2032 καί
734 1972 953 2034 ἐπινευσάντων
969 1969 1058 2034 πάλιν
1074 1972 1234 2055 ἐρωτάτω,
1250 1973 1277 2031 τί
1291 1979 1459 2055 μαρτυρεῖ-

266 2096 317 2137 ται
333 2079 391 2138 ὑπδ
406 2079 529 2139 πάντων
547 2072 634 2152 ἄξιος
648 2075 723 2140 εἶναι
740 2089 796 2151 τῆς
812 2078 952 2164 μεγάλης
973 2085 1089 2151 ταύτης
1111 2084 1161 2142 καί
1176 2077 1324 2163 λαμπρᾶς
1338 2081 1456 2162 ἡγεμο-

221 2200 247 2242 ιο
264 2189 346 2264 νίας,
363 2187 390 2246 εέ
403 2189 443 2247 τά
459 2189 540 2249 κατὰ
555 2191 609 2257 τὴν
626 2187 670 2258 είς
685 2175 759 2250 θεδν
777 2190 862 2266 αὑτῷ
879 2185 1037 2270 εὑσέβειαν
1054 2187 1277 2273 κατώρθωται,
1290 2187 1316 2248 εί
1329 2191 1368 2248 τά
1381 2190 1459 2270 πρός

265 2292 456 2378 ἀνθρώπους
473 2291 576 2357 δίκαια
591 2293 793 2381 πεφύλακται,
809 2296 836 2356 τέ
850 2299 890 2357 τά
907 2292 985 2358 καθ’
1001 2297 1109 2357 ἐαυτδν
1133 2294 1238 2366 καλῶς
1254 2296 1459 2376 ᾠκονόμησεν,

265 2401 291 2462 εί
306 2405 346 2463 τά
362 2407 443 2464 κατά
459 2404 509 2464 τόν
523 2399 591 2484 βίον
608 2402 811 2474 ἀνεπίληπτος
826 2406 970 2489 ὑπάρχει.
992 2408 1042 2464 καί
1058 2406 1181 2465 πάντων
1199 2404 1267 2485 ἅμα
1284 2406 1365 2465 κατὰ
1383 2401 1460 2474 ἀλὴ-

265 2508 370 2588 θειαν,
387 2507 452 2572 ἀλλ’
466 2511 499 2572 οὑ
511 2513 592 2571 κατὰ
604 2508 751 2596 πρόληψιν
766 2513 1032 2596 μαρτυρησάντων
1049 2517 1183 2572 τοιοῦτον
1201 2512 1294 2572 αὑτὸν
1311 2508 1398 2589 εἶναι,
1416 2509 1461 2581 ώς

266 2619 314 2679 ἐπί
331 2615 458 2698 δικαστῇ
474 2616 543 2696 θεῷ
560 2623 610 2680 καί
625 2625 755 2703 χριστῷ,
772 2621 923 2704 παρόντος
942 2615 1061 2689 δηλαδὴ
1078 2625 1129 2681 καί
1140 2625 1194 2680 τοῦ
1212 2619 1302 2702 ἁγίου
1319 2623 1457 2700 πνεύμα-

220 2742 248 2782 εο
266 2745 319 2796 τος
333 2731 384 2787 καί
399 2729 522 2788 πάντων
535 2731 596 2788 τῶν
614 2727 711 2811 ἁγίων
723 2729 774 2789 καί
785 2725 993 2811 λειτουργικῶν
1005 2730 1199 2809 πνευμάτων,
1213 2727 1244 2788 ἐκ
1256 2717 1359 2810 τρίτου
1369 2722 1459 2788 πάλιν

266 2832 436 2914 πυθέσθω,
462 2835 489 2894 εί
504 2826 590 2906 ἄξιός
613 2834 692 2896 ἐστιν
716 2832 851 2906 άληθῶς
874 2845 930 2906 τῆς
947 2833 1149 2920 λειτουργίας,
1173 2836 1223 2894 ἵνα
1241 2835 1288 2895 ἐπί
1305 2836 1460 2916 στόματος

267 2939 321 3004 δύο
337 2948 387 3004 καί
402 2949 493 3026 τριῶν
509 2947 675 3027 μαρτύρων
692 2943 885 3015 σταθήσεται
898 2945 1064 3028 πᾶνρῆμα.
1079 2947 1129 3004 καί
1141 2940 1338 3023 συνθεμένων
1355 2942 1458 3003 αὑτῶν

267 3052 298 3112 ἐκ
313 3054 414 3134 τρίτου
432 3045 514 3123 ἄξιον
531 3049 618 3129 εἶναι,
647 3051 904 3114 άπαιτείσθωσαν
929 3053 958 3113 οἱ
972 3055 1085 3122 πάντες
1113 3047 1262 3131 σύνθημα
1288 3053 1339 3110 καί
1356 3044 1460 3119 δόντες

267 3157 441 3243 προθύμως
463 3158 699 3222 άκουέσθωσαν.
724 3165 774 3221 καί
791 3169 910 3230 σιωπῆς
925 3162 1091 3243 γενομένης
1107 3155 1151 3227 είς
1166 3165 1227 3218 τῶν
1244 3159 1374 3238 πρώτων
1391 3157 1460 3218 έπι-

221 3281 249 3324 κε
268 3269 386 3328 σκέπων
412 3267 480 3347 ἅμα
502 3272 553 3328 καί
573 3264 657 3330 δυσίν
674 3268 789 3351 ἑτέροις
806 3265 930 3337 πλησίον
946 3273 999 3327 τοῦ
1016 3266 1243 3350 θυσιαστηρίου
1259 3265 1374 3342 ἐστώς,
1398 3273 1460 3327 τῶν

267 3375 378 3438 λοιπῶν
406 3377 574 3436 ἐπισκόπων
598 3379 648 3436 καί
671 3373 887 3459 πρεσβυτέρων
912 3383 1012 3455 σιωπῇ
1036 3377 1309 3462 προσευχομένων,
1340 3381 1401 3435 τῶν
1427 3369 1460 3434 δέ

268 3482 415 3546 διακόνων
439 3485 479 3544 τὰ
501 3481 578 3544 θεῖα
601 3482 767 3566 εὐαγγέλια
795 3484 842 3543 ἐπὶ
869 3492 926 3553 τῆς
952 3489 1006 3543 τοῦ
1036 3484 1301 3567 χειροτονουμένου
1324 3479 1461 3567 κεφαλῆς

269 3591 483 3676 άνεπτυγμένα
500 3592 704 3674 κατεχόντων,
720 3588 833 3674 λεγέτω
850 3593 927 3675 πρὸς
943 3589 1030 3653 θεόν·

404 3699 435 3761 2.
453 3698 534 3784 Εύχ.
552 3698 742 3783 χειροτονίας
758 3700 934 3776 ἐπισκόπου,
1376 3777 1380 3784 .

222 3821 250 3862 νυ
362 3805 399 3870 ‘0
409 3806 488 3878 θεὸς
502 3809 553 3867 καί
568 3811 669 3891 πατὴρ
685 3813 738 3868 τοῦ
754 3811 856 3892 κυρίου
872 3809 960 3888 ἡμῶν
972 3805 1074 3878 Ἰησοῦ
1090 3813 1229 3891 χριστοῦ,
1247 3806 1262 3867 ό
1279 3809 1381 3888 πατὴρ
1398 3810 1461 3865 τῶν

268 3918 426 4001 οἰκτιρμῶν
442 3921 493 3977 καί
507 3914 586 3986 θεύς
601 3917 706 3986 πάσης
721 3912 954 3999 παρακλήσεως,
972 3915 988 3976 ό
1005 3915 1034 3974 ἐν
1051 3912 1180 3995 ὑψηλοῖς
1191 3921 1338 3974 κατοικῶν
1355 3899 1460 3974 καίτοι

267 4028 395 4086 ταπεινὰ
412 4025 541 4110 ἐρορῶν,
557 4024 573 4084 ό
588 4025 744 4107 γινώσκων
762 4025 801 4083 τά
813 4025 918 4084 πάντα
934 4027 1001 4107 πρίν
1017 4025 1177 4107 γενέσεως,
1196 4025 1232 4082 σὺ
1249 4020 1265 4081 ό
1282 4016 1354 4091 δοὺς
1370 4021 1462 4105 ὅρους

267 4129 424 4201 ἐκκλησίας
442 4127 493 4193 διὰ
509 4129 601 4213 λόγου
617 4133 748 4216 χάριτός
763 4149 836 4208 σου,
864 4131 879 4192 ό
896 4135 1064 4215 προορίσας
1084 4128 1146 4190 τε*
1172 4122 1227 4192 ἀπ’
1244 4130 1350 4214 ἀρχῆς
1370 4131 1461 4212 γένος

267 4236 380 4302 δίκαιον
405 4231 440 4313 ἐξ
463 4236 629 4324 Ἀβραάμ,
646 4240 805 4324 ἄρχοντάς
816 4258 849 4299 τε
861 4243 1073 4316 καταστήσας,
1089 4239 1172 4298 τότε
1188 4237 1332 4322 ἁγίασμά
1346 4255 1400 4298 σου
1417 4241 1461 4318 μὴ

350 4379 498 4420 1οοδ.οιοιι.
515 4390 538 4430 p.
548 4379 639 4420 (ἰῶ-73.
653 4399 679 4408 -
693 4375 721 4420 ό·
732 4375 931 4431 ἐικληοίιιελίθίί.
946 4399 973 4408 -
987 4381 999 4420 ’ί
1015 4375 1061 4433 ἐγώ
1075 4389 1140 4432 φημι.
1156 4374 1188 4419 ἐκ.
1204 4379 1233 4420 V.
1249 4399 1276 4408 -
1290 4378 1303 4418 8
1317 4371 1349 4422 ὥς
1363 4371 1385 4418 ό.
1400 4389 1423 4417 ιι.
1439 4374 1459 4417 ὑ.

267 4463 293 4492 fv
302 4451 351 4493 Οἵ.
362 4472 389 4482 -
400 4453 425 4492 10
435 4447 563 4506 ίιρίσκοντστ
573 4449 621 4492 OV.
628 4471 656 4480 -
666 4452 700 4492 14.
711 4451 738 4492 15
747 4449 877 4504 ἡγεμονιίστ
887 4447 968 4491 OV.-
978 4451 1004 4492 1⁵
1013 4447 1155 4504 νιστὺρδιυτιιι
1164 4451 1194 4490 Μ.
1206 4471 1233 4480 -
1243 4451 1268 4490 1⁴1
1279 4445 1363 4504 ὑπάρχῃ
1375 4449 1423 4491 OV.
1435 4471 1462 4480 -

268 4525 293 4564 18
309 4521 485 4578 μιρτυριτάντων
500 4523 548 4565 OV.
563 4543 591 4552 -
604 4523 632 4564 κύ
645 4520 683 4562 καὶ
695 4531 722 4562 ιυ
736 4519 786 4563 OV.
796 4539 823 4551 ·-
838 4521 866 4560 νύ
879 4515 941 4575 Eup]
958 4519 1007 4565 0V.
1023 4525 1046 4563 σέ
1058 4523 1195 4573 imsuper.
1210 4541 1238 4552 —
1257 4523 1283 4563 εκ
1298 4531 1332 4574 πρ.
1348 4517 1461 4574 γινίσὺω·
1487 4539 1494 4548 ,

267 4605 306 4635 σιιν
321 4595 370 4638 OV.
386 4615 413 4628 -
427 4595 468 4637 ³³·
483 4592 508 4635 τό
523 4594 572 4637 0V.
588 4615 614 4624 -
629 4595 655 4635 54
669 4589 718 4648 ἐρχ.
733 4591 770 4634 καί
785 4589 852 4647 ίιρεῖτ
865 4603 914 4633 κστ.
930 4591 980 4638 OV.
