2998 4972
280 391 343 452 264
1262 403 1280 452 ο
1298 385 1399 438 20-ἳὸ

280 555 345 618 νοῦ
367 548 423 616 καί
448 550 509 636 γῆς
530 551 714 636 δημιουργὲ
742 548 800 618 καί
825 550 962 616 πάντων
989 554 1058 616 τῦν
1084 551 1122 616 ἐν
1144 549 1273 635 αὐτοῖς,
1302 546 1400 618 όκαλ

282 652 321 720 ἐν
342 657 383 739 τῇ
406 657 516 739 σκηνῇ
536 655 598 718 τοῦ
614 655 804 740 μαρτυρίου
822 649 901 729 τοῦς
922 651 1113 738 νεωκόρους
1134 652 1310 732 ἀναδείξας
1332 655 1399 719 τών

282 751 388 840 ἁγίων
409 771 474 820 σου
495 757 628 821 σκευών
650 754 820 838 φύλακας,
850 751 949 832 αὐτός
971 753 1028 822 καὶ
1047 759 1112 822 νῦν
1134 757 1320 840 ἐπίβλεψον
1344 755 1399 822 ἐπὶ

280 853 341 922 τόν
363 856 489 922 δοῦλόν
511 872 574 921 σου
588 855 688 922 τόνδε
707 853 767 923 τὸν
782 857 1062 944 χειροτονηθέντα
1078 853 1321 942 ῦποδιάκονον,
1344 856 1399 924 καί

246 955 338 1034 εδδς
357 955 449 1043 αὐτῷ
471 958 603 1041 πνεῦμα
630 955 729 1041 ἅγιον
753 955 838 1043 πρός
864 955 902 1024 τό
932 959 1074 1038 ἐπαξίως
1097 959 1310 1044 ἐφάπτεσθαι
1332 963 1399 1026 νῦν

280 1062 522 1145 λειτουργικών
546 1075 610 1124 σου
638 1063 771 1125 σκευῦν
798 1059 855 1125 καλ
882 1059 1058 1144 ποιεῖντὸ
1077 1061 1209 1147 θέλημά
1237 1078 1303 1127 σου
1325 1062 1399 1128 δια-

280 1156 405 1238 παντός
432 1158 489 1226 διά
510 1163 573 1227 τοῦ
598 1164 737 1245 χριστοῦ
762 1178 843 1243 σου,
870 1158 948 1246 μεθ’
978 1152 1021 1228 οῦ
1047 1180 1102 1228 σοι
1122 1163 1217 1246 δόξα,
1245 1162 1324 1250 τιμὴ
1343 1164 1399 1230 καὶ

280 1261 380 1347 σέβας
401 1262 458 1329 καλ
479 1266 526 1350 τῷ
548 1261 632 1350 άγίμ
655 1259 820 1348 πνεύματι
840 1265 887 1340 είς
904 1261 983 1340 τοῦς
1005 1266 1145 1342 αἰῶνας·
1176 1263 1276 1350 άμήν.
1298 1269 1302 1351 Ι
1323 1265 1441 1348 περ121

280 1365 317 1430 δὲ
336 1361 563 1449 ἀναγνωστών
584 1362 648 1448 ἐγώ
672 1370 851 1442 Ματθατος
871 1361 964 1430 ὁκαὶ
985 1363 1088 1442 Λευὶς
1111 1365 1131 1431 ό
1150 1391 1231 1434 ποτε
1252 1367 1399 1454 τελώνης

231 1485 263 1536 10
280 1465 501 1551 διατάσσομαι
533 1464 769 1551 Ἀναγυώστην
803 1471 1012 1554 προχείρισαι
1049 1467 1178 1546 ἐπιθείς
1214 1465 1307 1556 αὐτῷ
1337 1467 1398 1553 τήν

279 1580 385 1652 χεῖρα,
408 1565 465 1634 καὶ
485 1568 711 1654 ἐπευξάμενος
727 1566 811 1655 πρὸς
826 1566 885 1634 τόν
903 1567 988 1636 θεὸν
1002 1571 1078 1654 λέγε
1097 1572 1101 1657 Ι
1117 1567 1153 1636 Ὁ
1171 1568 1254 1648 θεός
1276 1568 1295 1638 δ
1317 1571 1397 1638 αίώ-
1405 1582 1441 1642 21

280 1693 365 1753 νιος,
397 1666 545 1748 δπολῦς
577 1670 616 1738 ἐν
645 1671 730 1737 ἐλέει
756 1669 813 1738 καὶ
841 1673 1040 1756 οίκτιρμολς,
1063 1667 1163 1760 ότνΙν
1184 1676 1247 1739 τοῦ
1268 1672 1397 1758 κόσμου

279 1771 442 1839 σύστασιν
471 1771 528 1838 διά
562 1775 630 1838 τών
664 1771 919 1858 ἐνεργουμένων
947 1773 1220 1860 φανεροποιήσας
1247 1775 1305 1842 καὶ
1340 1774 1398 1842 τὸν

160 1926 162 1931 .
278 1869 427 1958 άρνθμδν
460 1875 477 1913 *
506 1878 574 1940 τών
607 1873 775 1940 ἐκλεκτόν
811 1891 875 1940 σου
911 1875 1165 1959 διαφυλάττων·
1207 1875 1309 1955 αότδς
1343 1876 1399 1944 καλ

230 1993 261 2046 ιο
280 1979 345 2041 νῦν
373 1977 466 2042 ἔπιδε
500 1973 556 2041 ἐπὶ
583 1974 643 2042 τόν
675 1979 693 2018 *
722 1976 986 2062 ἐγχειριζόμενον
1012 1974 1071 2055 τάς
1102 1975 1199 2063 άγίας
1220 1995 1286 2046 σου
1314 2003 1398 2064 γρα-

279 2075 346 2161 φάς
363 2074 609 2161 ἀναγινώσκειν
628 2081 676 2166 τῷ
692 2081 763 2164 λαῷ
783 2094 858 2162 σου,
881 2079 938 2146 καὶ
953 2076 1012 2156 δός
1028 2075 1120 2166 αὐτῷ
1135 2080 1268 2166 πνεῦμα
1288 2079 1397 2166 ἅγιον,

279 2182 411 2263 πνεῦμα
430 2178 650 2265 προφητικόν.
678 2177 697 2244 ό
719 2184 863 2266 σοφίσας
875 2179 1024 2267 Ἐσδραν
1037 2181 1097 2248 τόν
1117 2181 1317 2269 θεράποντά
1336 2199 1398 2250 σου

279 2279 335 2348 ε’πλ
356 2278 394 2346 τό
415 2279 663 2366 ἀναγινώσκειν
685 2280 764 2360 τοῦς
779 2281 906 2367 νόμους
926 2301 990 2350 σου
1007 2287 1055 2372 τῷ
1069 2286 1140 2373 λαῷ
1155 2299 1230 2368 σου,
1254 2284 1312 2352 καὶ
1334 2288 1398 2350 νῦν

279 2383 578 2470 παρακαλούμενος
598 2380 659 2470 ὑφ’
681 2380 778 2470 ἡμῶν
799 2385 945 2470 σόφισον
959 2384 1019 2452 τόν
1034 2385 1160 2452 δοῦλόν
1177 2402 1241 2452 σου
1264 2385 1323 2453 καὶ
1342 2386 1398 2463 δός

226 2501 260 2554 20
278 2481 380 2571 αὐτῷ,
396 2483 657 2572 ἀκατάγνωστον
672 2484 880 2554 διανύσαντα
895 2485 934 2554 τό
951 2486 1162 2574 ἐγχειρισθὲν
1177 2484 1269 2574 αὐτῷ
1284 2491 1396 2574 ἔργον,

277 2584 372 2666 ἄξιον
396 2585 639 2673 ἀναδειχθῆναι
660 2592 808 2672 μείζονος
830 2593 969 2675 βαθμοῦ
996 2587 1052 2656 διά
1075 2593 1232 2675 χριστοῦ,
1254 2587 1335 2674 μεθ’
1357 2579 1397 2654 οὗ

277 2705 332 2754 σοι
358 2685 379 2775 ἡ
409 2689 491 2769 δόξα
518 2689 575 2756 καὶ
598 2687 637 2756 τό
666 2693 765 2775 σε’βας
793 2689 850 2758 καί
880 2695 927 2778 τῷ
952 2689 1036 2781 άγίςο
1060 2691 1225 2777 πνεύματι
1249 2695 1297 2770 είς
1320 2688 1397 2768 τοῦς

277 2790 416 2868 αἰώνας·
444 2789 544 2876 άμήν.
570 2801 575 2872 Ι
597 2790 792 2877 Ἰάκωβος*
821 2789 840 2859 ὁ
862 2792 1025 2878 Ἁλφαίου
1053 2791 1145 2878 κάγώ
1175 2794 1395 2879 διατάσσομαι
1403 2805 1435 2866 13

277 2892 354 2980 περὶ
376 2889 592 2978 δμολογητῦν
607 2891 829 2982 ὉμολογητιΙς
848 2893 889 2962 οῦ
905 2908 1159 2981 χειροτονειται·
1183 2896 1320 2983 γνώμης
1332 2899 1395 2980 γάρ

225 3011 260 3064 εσ
276 2999 376 3062 τοῦτο
397 2996 456 3063 καλ
477 2991 663 3082 ὑπομονῆς·
687 3001 783 3082 τιμῆς
804 2998 842 3064 δὲ
864 2999 1010 3084 μεγάλης
1034 2999 1185 3083 ἕπάξιος,
1208 2994 1253 3076 ῦς
1276 2994 1394 3083 όμολο-

276 3096 383 3182 γήσας
403 3097 442 3163 τό
463 3095 570 3183 ὄνομα
590 3102 652 3165 τοῦ
678 3102 765 3165 θεοῦ
787 3099 844 3166 καὶ
870 3103 933 3166 τοῦ
959 3104 1098 3188 χριστοῦ
1118 3098 1225 3167 αὐτοῦ
1249 3099 1394 3168 ἐνώπιον

277 3197 392 3266 ἐθνών
409 3198 466 3265 καί
486 3202 663 3285 βασιλέων.
710 3199 771 3268 ἐάν
792 3202 830 3268 δὲ
851 3206 947 3288 χρεία
967 3193 1114 3290 αῦτοῦῇ
1137 3207 1185 3281 είς
1209 3203 1393 3270 ἐπίσκοπον

275 3295 298 3384 ἢ
319 3298 552 3389 πρεσβύτερον
571 3296 595 3387 ἢ
616 3303 790 3387 διάκονον,
810 3317 1058 3392 χειροτονεῖται.
1096 3309 1128 3374 εί
1145 3307 1186 3374 δέ
1204 3331 1255 3386 τις
1276 3303 1390 3391 όμολο

277 3399 378 3488 γητής
401 3401 445 3488 μή
467 3404 716 3491 χειροτονηθεὶς
737 3402 873 3493 άρπάση
895 3405 1004 3495 ἑαυτῷ
1030 3405 1159 3493 ἀξίωμά
1182 3433 1214 3474 τι
1240 3411 1390 3474 τοιοῦτον

344 3592 374 3643 17
393 3593 464 3645 Esdr
482 3593 548 3658 αθ,
567 3596 585 3645 4

274 3765 361 3816 ίσου
378 3763 412 3826 >
429 3780 453 3814 w
480 3763 484 3828 Ι
511 3760 788 3833 4χειροτοκηθόντα
807 3783 861 3830 wx,
881 3761 1124 3835 προχειρισθέντα
1141 3769 1196 3834 γίΙ
1223 3761 1360 3821 θαότόι
1381 3769 1385 3828 Ι

274 3848 502 3915 θλειτουργιιιῦν
512 3855 574 3915 ιτγλ,
586 3844 672 3916 λερῦν
682 3869 698 3901 x
714 3853 718 3915 Ι
733 3845 804 3902 Ἱδιά
815 3851 871 3916 >γ
889 3851 892 3916 Ι
906 3849 1044 3913 8στοῦςττ
1060 3852 1064 3920 Ι
1078 3847 1175 3917 θδέ>
1185 3871 1209 3904 w
1224 3853 1227 3922 Ι
1242 3853 1385 3920 θλενήςιι,

275 3925 358 4002 λιυὴς
375 3953 393 3987 x
419 3933 424 4000 Ι
453 3933 485 3985 10
502 3933 691 4002 προχείρησαι
709 3953 726 3986 x
752 3933 757 4002 Ι
785 3935 813 3986 11
834 3927 1085 4005 ἐπενχόμενοςγΙ
1111 3938 1142 3990 11
1162 3933 1234 4004 πρός
1251 3933 1303 3992 τόν
1320 3931 1386 3991 θεὸν

273 4017 307 4082 >
324 4036 343 4085 y
361 4020 366 4083 Ι
387 4020 419 4072 14
436 4015 487 4072 καλ
504 4017 538 4085 -Ι-
554 4034 580 4068 w
600 4019 604 4081 Ι
627 4019 658 4071 15
676 4017 782 4072 δοῦλον
799 4035 851 4074 σον
868 4013 918 4074 τόν
935 4024 969 4088 -Ι-
986 4024 1018 4086 tl
1040 4024 1071 4076 17
1090 4020 1220 4092 σοφήσας
1237 4023 1329 4088 ullo
1345 4014 1383 4074 σε’-

274 4116 369 4168 φησον
390 4119 415 4154 w
441 4103 445 4170 Ι
471 4103 505 4156 20
527 4094 752 4168 άιιαταγνώστως
774 4122 792 4171 γ
823 4103 827 4172 Ι
857 4106 891 4158 20
913 4097 1135 4175 α’κατάγτοστον
1200 4099 1279 4174 αῦτιῇ
1294 4109 1354 4172 >t
1377 4103 1380 4168 Ι

273 4187 307 4242 23
326 4176 504 4255 Ἰάκωβος
527 4190 561 4240 ²4
578 4182 759 4256 δμολαγητών
782 4207 807 4242 m
826 4207 858 4258 pr
879 4193 908 4243 in
926 4193 1052 4258 margine
1069 4211 1088 4244 x
1105 4185 1235 4260 [άλφοοῦ
1252 4191 1302 4260 x]‚
1323 4185 1382 4253 κοιλ

274 4264 308 4322 δδ
325 4262 507 4340 όμολογητῦν
525 4266 578 4340 ἐγώ
597 4268 721 4341 ίάκωβας
739 4265 755 4326 ό
773 4267 903 4342 άλφαίοα
921 4273 1115 4345 διατάσσομαι
1133 4297 1151 4344 y
1171 4280 1175 4342 Ι
1196 4279 1229 4331 23
1248 4272 1279 4330 δὲ
1297 4277 1328 4342 -Ι-
1345 4283 1355 4324 t
1374 4272 1379 4338 Ι

273 4355 307 4405 25
326 4347 359 4406 δὲ
376 4361 431 4422 xyt,
451 4349 505 4422 γάρ
523 4375 547 4406 w
563 4357 567 4424 Ι
582 4358 615 4409 28
634 4347 654 4426 ἦ
672 4351 810 4411 διάκονον
875 4353 1052 4429 ὀμολογητὴς
1068 4362 1103 4425 >
1121 4381 1144 4414 w
1160 4365 1164 4427 Ι
1180 4363 1214 4414 29
1232 4355 1379 4426 ἁρπάσαι
