3128 4972
668 437 859 498 ..3-

160 604 248 690 quod
271 603 426 688 discipuli
448 604 471 668 l.
494 604 518 667 l.
539 603 705 689 paravisse
729 603 914 669 dicuntur¹.
954 603 1040 668 Cum
1058 603 1162 688 igitur
1181 603 1245 668 hoc
1265 627 1363 669 voca·

158 725 275 789 bulum
305 746 322 788 e
351 731 462 789 vetere
490 723 524 787 in
553 747 675 788 novum
703 730 943 789 testamentum
970 723 1140 789 transierit
1171 731 1206 788 et
1237 724 1280 788 ad
1310 747 1362 789 res

158 843 451 930 institutionesque
475 843 552 908 novi
577 843 719 908 foederis
743 843 977 928 significandas
1000 843 1151 908 adhibita
1174 843 1233 922 sit,
1263 865 1361 908 nemo
1435 905 1441 920 ,

158 963 342 1043 mirabitur,
355 962 442 1047 quod
459 962 514 1028 hic
530 985 660 1047 quoque
675 964 873 1028 vocabulum
890 963 975 1028 illud
991 969 1164 1047 utramque
1181 963 1362 1028 servaverit

157 1084 338 1148 notionem.
386 1082 637 1148 Sacrificium
665 1084 821 1168 paschale
849 1083 928 1148 novi
958 1083 1152 1148 testamenti
1184 1090 1237 1148 est
1266 1082 1361 1147 Chri·

158 1210 245 1282 stus,
275 1202 331 1287 qui
352 1225 412 1287 pro
440 1203 612 1268 hominum
639 1203 786 1288 peccatis
812 1203 883 1288 ipse
912 1224 947 1267 se
974 1202 1008 1267 in
1037 1224 1134 1267 cruce
1162 1201 1359 1266 immolavit.

158 1323 287 1387 Coena
314 1322 482 1406 paschalis
510 1322 588 1388 novi
615 1322 810 1388 testamenti
838 1330 890 1388 est
919 1344 1022 1388 coena
1050 1322 1216 1388 dominica
1245 1345 1264 1386 a
1290 1323 1359 1386 Do·

157 1442 246 1507 mino
269 1449 384 1506 nostro
412 1451 489 1508 ante
517 1442 605 1508 vitae
634 1442 760 1508 exitum
789 1442 961 1527 discipulis
990 1442 1126 1507 tradita.
1172 1442 1244 1506 Hac
1272 1441 1360 1506 enim

157 1583 260 1626 coena
282 1584 387 1648 agnus
411 1562 576 1647 paschalis
601 1563 678 1628 novi
699 1562 894 1628 testamenti
916 1564 949 1627 h.
971 1585 1000 1627 e.
1024 1585 1142 1647 corpus
1166 1569 1200 1626 et
1223 1561 1359 1646 sanguis

156 1682 340 1747 Servatoris
364 1683 518 1748 fidelibus
540 1683 667 1748 edenda
686 1685 897 1769 praebentur.
937 1683 1046 1748 Quare
1068 1681 1226 1747 ecclesiae
1246 1691 1358 1767 patres

155 1803 318 1868 vocabulo
341 1799 443 1884 πάσχα
465 1809 606 1867 utuntur
629 1801 671 1866 ad
693 1809 867 1887 utramque
890 1825 959 1867 rem
982 1801 1244 1886 significandam.

241 1925 272 1986 1.
302 1921 376 1985 Jam
400 1921 524 1985 Paulus
553 1922 725 2005 apostolus
753 1921 923 1985 Christum
953 1943 1067 1986 verum
1095 1923 1218 2007 pascha
1245 1921 1358 2008 appel·

128 2040 282 2104 ¹laverat
305 2040 334 2124 (I
358 2039 435 2104 Cor.
461 2045 491 2120 5,
518 2043 563 2124 7),
593 2062 691 2125 quem
713 2041 870 2126 permulti
892 2041 980 2126 iique
1003 2041 1223 2125 antiquissimi
1251 2040 1359 2105 secuti

155 2167 235 2222 sunt
258 2159 417 2224 eeclesiae
441 2159 630 2245 scriptores.
674 2159 749 2226 Qua
772 2161 812 2226 de
835 2183 882 2241 re,
907 2185 982 2226 cum
1005 2161 1087 2226 satis
1111 2161 1156 2225 sit
1177 2166 1268 2241 nota,
1292 2183 1358 2226 non

155 2287 207 2342 est
230 2300 287 2342 cur
309 2280 416 2343 multa
439 2279 648 2344 disseramus.
695 2280 737 2344 Id
760 2289 871 2346 autem
895 2281 1195 2348 animadvertamus
1222 2302 1357 2346 necesse

155 2404 221 2476 est,
252 2399 412 2464 ecclesiae
434 2407 563 2484 patres,
593 2421 667 2466 cum
691 2400 861 2466 Christum
885 2423 999 2467 verum
1021 2423 1145 2486 agnum
1167 2401 1358 2486 paschalem

153 2517 394 2602 intelligerent,
419 2520 519 2584 etiam
542 2541 616 2584 eum
640 2520 728 2585 diem
750 2522 803 2586 vel
828 2543 884 2586 eos
906 2521 988 2601 dies,
1011 2543 1093 2605 quos
1113 2521 1147 2586 in
1167 2520 1359 2585 memoriam

153 2637 316 2722 passionis
339 2639 466 2704 Christi
489 2639 712 2720 celebrarent,
740 2641 915 2726 paschales
938 2641 1008 2706 dies
1032 2642 1087 2706 vel
1109 2643 1232 2727 pascha
1253 2639 1358 2706 nomi-

154 2779 262 2822 nasse.
310 2759 364 2822 Sic
393 2759 674 2839 Taurunnrsnus¹,
703 2759 745 2824 de
774 2759 951 2844 baptismo,
980 2781 1008 2824 c.
1034 2764 1092 2825 19:
1121 2762 1277 2845 „pascha
1299 2797 1356 2839 -,

154 2898 229 2941 cum
252 2884 287 2942 et
309 2877 419 2962 passio
442 2878 641 2943 Domini-
664 2879 846 2965 adimpleta
868 2887 961 2958 est“,
986 2879 1028 2944 de
1051 2879 1216 2959 oratione,
1242 2901 1271 2944 c.
1297 2883 1355 2943 18:

60 2978 63 2993 Ι
150 2997 232 3076 „die
259 3000 418 3082 paschae,
447 3021 511 3082 quo
540 2998 724 3064 communis
751 3006 786 3063 et
813 2998 906 3083 quasi
934 2997 1069 3084 publica
1090 2997 1214 3083 jejunii
1240 2995 1357 3080 religio

153 3123 243 3182 est“.
281 3118 323 3181 In
339 3119 529 3183 Arsnrnsrr
549 3118 700 3204 epistolis
720 3117 914 3184 festalibus⁸
935 3125 1010 3184 tota
1029 3117 1212 3183 hebdomas
1232 3138 1355 3181 memo-

151 3235 219 3300 riae
242 3236 405 3321 passionis
426 3239 552 3304 Christi
574 3239 686 3305 dicata
704 3239 912 3320 „hebdomas
933 3237 1130 3324 paschatis“
1150 3237 1337 3323 appellatur
1344 3259 1354 3314 3

153 3377 296 3440 quocum
317 3357 441 3442 optime
462 3359 630 3424 consentit
648 3360 866 3439 Ermsnrrus,
888 3361 978 3424 haer.
1000 3361 1050 3438 70,
1068 3362 1124 3424 lt:
1148 3363 1357 3439 ταρατηρεῖτατ

151 3478 181 3546 δὲ
204 3483 221 3563 ἢ
245 3481 378 3562 ἐκκλησία
397 3479 473 3564 ἄγαν
497 3482 547 3566 τὴν
568 3483 667 3568 ἑορτὴν
689 3488 741 3550 τοῦ
764 3485 882 3570 πάσχα,
904 3485 1033 3551 τουτέστι
1054 3483 1103 3568 τὴν
1133 3483 1280 3570 ἑβδομάδα
1309 3479 1359 3565 τὴν

149 3601 306 3684 coeptis
324 3605 379 3688 (cf.
397 3628 481 3690 quae
497 3608 596 3690 paulo
613 3614 690 3672 ante
706 3608 879 3691 leguntur:
900 3603 953 3685 μία
972 3604 1026 3689 γὰρ
1044 3606 1136 3688 ἡμέρα
1154 3602 1229 3687 παρ’
1246 3603 1359 3674 ἐκείνας

152 3721 281 3802 ζητεῖται,
296 3721 371 3806 παρ’
388 3723 453 3804 ἡμῖν
466 3719 497 3787 δὲ
508 3720 542 3788 ori
552 3723 604 3805 μία
618 3721 697 3788 ἀλλὰ
708 3723 748 3801 ἕξ,
760 3721 883 3808 ἑβδομὰς
894 3724 1091 3807 πληρεστάτη,
1104 3732 1139 3790 et
1149 3727 1240 3790 haer.
1255 3727 1305 3803 75,
1319 3728 1337 3789 6
1348 3748 1354 3786 :

237 4050 247 4084 ¹
264 4057 302 4116 cl.
320 4058 472 4116 Canum
488 4057 621 4116 Lexicon
636 4078 658 4116 s.
676 4077 704 4116 v.

236 4135 291 4200 ’r.
308 4144 436 4216 Srnrna,
453 4137 543 4200 Slud.
560 4161 593 4200 τι.
611 4137 696 4201 Krir.
720 4143 812 4214 1856,
828 4162 858 4220 p.
876 4140 894 4200 7
899 4145 949 4201 50.

236 4221 247 4254 ⁸
264 4229 345 4300 Mn,
363 4229 452 4287 Nova
469 4231 591 4307 patrum
605 4229 803 4300 bibliotheca,
820 4228 903 4300 vl,1
919 4226 1044 4302 (1853),
1058 4248 1087 4306 p.
1099 4230 1150 4287 38.
1165 4225 1216 4286 47.
1234 4228 1304 4285 124.
1316 4255 1358 4267 -

151 4313 301 4388 Luaron,
318 4308 381 4371 Die
397 4307 568 4394 Feetbriese
584 4309 614 4372 d.
632 4309 706 4372 leil.
724 4306 916 4371 Athanasius
933 4313 1058 4389 (1852),
1073 4334 1103 4392 p.
1121 4315 1171 4372 69.
1190 4312 1240 4372 76.
1258 4314 1329 4372 134.
