2998 4972
285 409 346 471 190
520 409 523 416 '
1293 457 1296 463 ,
1332 401 1401 459 ς27

281 564 304 653 ή
324 565 461 653 ἡμέραις
481 567 520 633 ἕν
541 590 572 632 τι
594 566 723 634 τούτων
744 562 990 650 ὑπομείνωσιν,
1020 569 1296 651 παρατηροῦνται
1318 589 1401 650 κρο-

282 668 466 747 σεύξασθαι
487 665 510 752 ή
531 666 741 754 εὐχαριστίας
762 670 963 751 μεταλαβεῖν
984 662 1007 751 ή
1027 655 1315 751 βιβλίου.θὶγείν·
1344 667 1401 732 καί

283 768 345 836 ἐάν
366 771 579 852 συνθῶνται,
602 768 707 853 δῆλον
728 764 773 845 αἱς
793 773 854 834 τοῦ
875 766 974 852 ἁγίου
996 766 1185 852 πνεύματος
1205 767 1300 833 κενοὶ
1319 792 1402 851 τνγ-

282 871 425 956 χάνουσι
446 875 507 936 τοῦ
532 868 585 936 άεί
606 871 860 956 παραμένοντος
881 880 950 946 τοίς
971 881 1117 946 πιστοῖς·
1146 868 1311 954 περὶγὰρ
1332 874 1401 935 τοῖν

248 991 265 1040 5
283 969 385 1038 ὁσίων
404 975 493 1056 λέγει
514 968 532 1038 ὁ
554 969 720 1056 Σολομεδν
742 973 799 1036 ἵνα
819 971 958 1048 ἕκαστος
973 967 1095 1037 ἑαυτὸν
1115 967 1290 1056 εὐτρεπίζη
1312 969 1401 1047 ὅπως

282 1072 364 1138 ὅταν
385 1071 556 1159 καθεύδη,
584 1072 744 1158 φυλάσσῃ
772 1070 876 1138 αὐτὸν
898 1071 955 1138 καλ
974 1069 1018 1149 άς
1037 1067 1082 1138 άν
1103 1074 1288 1158 ἐγείρηται,
1317 1077 1401 1139 σνλ-

282 1177 368 1259 λαλῇ
382 1173 482 1263 αὐτῷ.
522 1175 553 1240 εί
564 1173 629 1257 γάρ
649 1178 804 1259 νομίζεις,
827 1163 981 1258 άγάναι,
1004 1171 1085 1238 ἑπτά
1106 1171 1234 1260 ἡμέρας
1255 1175 1294 1238 ἐν
1315 1171 1400 1258 άφέ-

282 1276 353 1362 δρμ
373 1264 458 1341 οὖσα
480 1276 540 1341 τοῦ
559 1272 659 1359 άγίου
675 1276 869 1360 ’πνεύματος
890 1275 971 1360 κενή
985 1275 1176 1359 τυγχάνειν,
1199 1265 1266 1360 άρα
1284 1279 1402 1341 τελευ-

282 1375 410 1462 τήσασα
436 1376 595 1462 ἐξαίφνης
623 1375 704 1462 κενή
737 1376 926 1462 πνεύματος
952 1376 1009 1442 καί
1037 1374 1308 1462 ἀπαρρησίαστος
1343 1381 1403 1460 τῆς

234 1492 265 1544 ιο
283 1474 367 1562 πρὸς
386 1475 471 1543 θεὸν
494 1478 630 1556 ἐλπίδος
650 1477 837 1563 άπελεάσης
862 1473 885 1562 ἢ
907 1476 1030 1561 τὸμὲν
1055 1481 1187 1561 πνεῦμα
1206 1480 1291 1562 ἔχεις
1313 1477 1401 1543 πάν-

281 1601 346 1655 τως
375 1577 561 1666 ἀχάριστον
588 1579 646 1646 ἅτε
674 1579 718 1665 μή
748 1579 787 1646 ἐν
813 1579 904 1666 τόπῳ
933 1577 989 1661 ὄν,
1016 1580 1070 1644 δεῖ
1099 1579 1138 1644 δέ
1170 1594 1225 1644 σοι
1243 1597 1402 1663 ,προσεν-

282 1683 341 1763 γῆς
366 1681 384 1719 *
408 1681 466 1747 καλ
491 1686 550 1765 τῆς
576 1685 637 1746 τοῦ
664 1679 763 1766 άγίου
782 1680 972 1764 πνεύματος
994 1679 1254 1764 ίπιφοιτήσεως,
1276 1675 1322 1758 άς
1341 1677 1401 1745 οδ

281 1781 342 1846 δὲν
365 1781 532 1870 ἐντούτῳ
555 1787 807 1867 παρανομοῦσα.
853 1778 931 1848 οὔτε
961 1779 1026 1866 γάρ
1055 1781 1194 1865 νόμιμος
1213 1782 1302 1865 μίξις
1323 1780 1402 1848 οὔτε

282 1883 375 1966 λέχος
404 1879 482 1948 οὔτε
509 1885 648 1968 αἳματος
674 1884 781 1971 φορά,
815 1880 878 1950 οὐκ
913 1879 1085 1969 ὀνείρωξις
1110 1887 1227 1967 μιᾶναι
1257 1883 1401 1948 δύναται

232 1999 264 2049 15
281 1979 469 2065 άνθράπου
504 1984 611 2069 φύσιν
643 1981 665 2070 ἢ
698 1984 736 2052 τδ
767 1984 864 2069 άγιον
900 1985 1033 2068 πνεῦμα
1062 1989 1219 2071 χωρίσαι,
1258 1980 1283 2069 ή
1313 1985 1400 2069 μόνη

282 2081 417 2168 ἀσέβεια
437 2082 493 2150 καὶ
520 2087 715 2172 παράνομος
737 2089 863 2171 πράξις.
909 2084 1033 2172 τὸγὰρ
1054 2083 1153 2170 ἅγιον
1176 2090 1311 2170 πνεῦμα
1331 2099 1402 2162 τοῖς

283 2188 496 2270 κεκτημένοις
518 2183 600 2253 αὐτὸ
621 2187 675 2254 άελ
697 2187 895 2275 παράμονόν
920 2187 1027 2270 ἐστιν,
1050 2189 1112 2264 ἕως
1131 2182 1176 2252 άν
1194 2177 1280 2254 οἶσιν
1301 2187 1401 2270 ἄξιοι,

281 2286 338 2352 καί
358 2277 409 2352 οἶν
430 2283 475 2354 άν
492 2294 661 2376 χωρισθῇ,
690 2289 830 2365 τούτους
856 2287 1040 2373 ἐρήμους*
1069 2293 1249 2374 καθίστησι
1275 2288 1333 2354 καὶ
1355 2293 1403 2376 τῷ

281 2394 419 2477 πονηρῷ
441 2391 605 2475 πνεύματι
634 2391 803 2476 ἐκδότους.
848 2383 924 2468 πᾶς
938 2391 977 2457 δὲ
1004 2389 1186 2474 ἅνθρωπος
1214 2387 1232 2455 ὁ
1260 2391 1325 2474 μὲν
1354 2395 1402 2478 τῷ

230 2503 264 2554 20
281 2489 447 2575 πνεύματι
472 2497 519 2580 τῷ
541 2490 624 2581 άγίω
651 2493 883 2578 πεπλήρωται,
915 2488 934 2557 ὁ
960 2493 998 2558 δὲ
1031 2496 1078 2579 τῷ
1108 2490 1308 2580 άκαθάρτμ,
1343 2495 1400 2558 καλ

281 2587 343 2673 οὐχ
365 2583 495 2658 οἷόντε
516 2605 640 2679 φυγεῖν
660 2592 772 2659 αὐτῶν
793 2593 963 2680 ἑκάτερον,
990 2596 1022 2659 εί
1034 2591 1079 2678 μή
1102 2593 1261 2659 ἐναντίον
1281 2617 1314 2658 τι
1334 2596 1401 2659 τιά-

280 2697 408 2757 θωσιν·
439 2692 514 2758 ὅτε
535 2694 600 2781 γάρ
622 2695 834 2779 παράκλητος
854 2705 948 2778 μισεί
966 2697 1036 2760 πᾶν
1055 2694 1179 2772 ψεῦδος
1214 2693 1234 2758 ὅ
1261 2717 1298 2760 τε
1324 2697 1397 2760 διά-

280 2794 381 2875 βολος
408 2797 521 2858 πάσαν
545 2793 720 2879 ἀλήθειαν.
765 2801 830 2873 πάς
856 2797 895 2862 δὲ
920 2799 1184 2880 βεβαπτισμένος
1208 2795 1296 2861 κατὰ
1316 2795 1399 2880 άλή-

279 2899 381 2960 θειαν
406 2898 468 2960 τοῦ
496 2895 559 2979 μὲν
585 2895 784 2981 διαβολικοῦ
810 2897 999 2981 πνεύματος
1024 2896 1240 2981 κεχάρισται,
1270 2903 1332 2962 τοῦ
1362 2899 1397 2962 δὲ

229 3009 263 3060 2ο
280 2991 379 3078 άγίου
406 2995 595 3080 πνεύματος
623 2997 718 3075 ἐντὸς
739 3001 941 3083 καθέστηκε·
969 2998 1026 3064 καί
1047 2996 1317 3084 άγαθοεργοῦντι
1336 3001 1398 3082 μὲν

280 3099 464 3182 παραμένει
484 3097 524 3163 τὸ
546 3103 679 3184 πνεῦμα
700 3099 738 3166 τδ
757 3099 872 3184 ἅγιον,
902 3101 1055 3184 πληροῦν
1075 3095 1180 3165 αὐτὸν
1201 3104 1324 3184 σοφίας
1343 3099 1396 3164 καί

347 3311 365 3362 6
381 3314 454 3365 Prov
471 3314 495 3378 6,
515 3316 548 3364 22

281 3504 294 3554 1
314 3500 489 3570 ὑπομείνωσι
505 3514 554 3572 γτλ
576 3505 580 3572 1
606 3511 622 3558 2
646 3497 666 3574 ἦ
687 3500 871 3575 εὐχαριστίας
892 3508 1065 3576 μεταλαβεῖν
1082 3508 1116 3572 >
1132 3514 1176 3571 xt,
1200 3509 1250 3560 sed
1274 3517 1397 3575 margot

280 3589 360 3654 signo
383 3596 444 3655 ροει
468 3589 566 3656 θίγειν
583 3594 674 3658 posito
693 3587 724 3646 ἐν
741 3584 839 3654 άλλοις
860 3582 881 3660 ἢ
905 3589 1085 3660 εὐχαριστίας
1108 3591 1285 3659 μεταλαβεῖν
1309 3595 1314 3659 Ι
1339 3597 1354 3644 2
1374 3581 1398 3658 ή

282 3673 398 3724 alterum
415 3669 782 3742 >τ13.4τνγχάνοοσιν
798 3697 815 3729 x
834 3676 838 3743 Ι
858 3677 876 3728 6
894 3669 936 3729 ἶν’
953 3685 999 3744 yn
1019 3680 1023 3742 Ι
1044 3679 1060 3729 5
1079 3669 1238 3742 εὐτρεπίζει
1255 3695 1273 3742 γ
1289 3678 1324 3743 16
1341 3693 1395 3742 φν-

280 3749 377 3809 λάοσει
394 3774 412 3808 x
432 3759 436 3822 Ι
455 3758 472 3809 6
489 3750 528 3817 ὥς
544 3749 582 3810 άτ
600 3777 685 3827 τιτγτ,
704 3754 782 3814 άοάν
800 3769 818 3825 t,
838 3751 908 3814 ὅταν
926 3763 971 3812 ΡΟ
996 3765 1000 3825 Ι
1027 3755 1158 3828 δίγείρη
1177 3765 1215 3814 Υτ
1236 3760 1241 3829 1
1261 3763 1314 3812 (5.7
1331 3761 1397 3812 στλ-

279 3843 365 3894 λαλεῖ
377 3859 395 3893 x
414 3844 418 3906 Ι
443 3842 497 3894 7.8
514 3835 662 3909 άφαίδρωι
680 3863 718 3909 w,
737 3837 874 3912 α’φαίδρα
891 3864 908 3898 x
927 3848 932 3910 Ι
953 3847 1009 3897 8.9
1026 3841 1249 3913 τοτελεοτήσαοα
1267 3863 1281 3896 τ
1301 3845 1397 3910 1210

278 3923 433 3994 τήπρδςτ
458 3926 463 3991 Ι
489 3917 936 3998 Ιθήτδμεντ,ἡτόμδκγτ,
961 3923 1392 3996 είδλτότιίΙΙΙαΤττεΙΙΙ

279 4007 313 4064 δέ
331 4029 416 4077 κτγτ,
435 4006 488 4078 μέν
505 4018 516 4061 t
536 4012 540 4075 Ι
562 4013 593 4065 12
611 4011 660 4066 κοιλ
680 4007 860 4081 εάχιτριστίας
876 4015 911 4082 †
927 4031 974 4080 yz,
1001 4009 1032 4065 ἐκ
1053 4005 1128 4066 άλλω
1145 4011 1196 4065 καί
1214 4005 1397 4080 εὐχαριστίας

279 4113 374 4163 margo
392 4102 413 4160 τ,
433 4097 511 4162 signo
528 4103 591 4162 post
607 4099 766 4166 προστυχὴς
784 4103 875 4166 posito
899 4100 904 4160 Ι
931 4100 961 4150 14
980 4092 1051 4164 λεχά
1067 4117 1099 4164 y,
1118 4095 1216 4165 λεηάτ
1241 4099 1246 4159 Ι
1273 4098 1301 4148 Μ
1318 4111 1396 4148 οτει-

258 4175 378 4246 1ραίξεις
396 4199 419 4232 w
444 4179 450 4246 Ι
476 4181 507 4232 14
525 4173 665 4233 δύνανται
683 4201 700 4234 x
727 4186 731 4248 Ι
759 4183 790 4234 18
809 4177 915 4237 ἑαυτοῦ
930 4185 964 4249 ή-
981 4201 1015 4248 γι
1035 4183 1039 4248 Ι
1060 4183 1092 4233 18
1109 4182 1284 4248 καθίστησιν
1300 4199 1315 4232 x
1333 4183 1338 4243 Ι
1359 4181 1398 4232 19

278 4265 326 4331 τῷ]
346 4282 362 4316 τ
381 4285 403 4318 w
422 4267 470 4318 sed
487 4266 522 4318 άι
540 4283 570 4333 pr
589 4284 614 4318 m
632 4283 715 4334 nuper
733 4284 839 4320 versum
860 4271 864 4330 Ι
883 4269 917 4320 20
934 4264 1114 4333 πεπλήρωται
1137 4265 1176 4332 τῷ
1197 4258 1271 4332 άγίμ
1292 4272 1335 4330 yn
1357 4263 1398 4330 [o

279 4350 322 4399 bis
340 4355 351 4399 t
366 4352 370 4414 Ι
385 4351 416 4401 21
436 4343 525 4403 αὐτὸν
542 4352 627 4412 τ125
644 4346 824 4418 καθέστηκεν
842 4370 858 4402 κ
874 4354 926 4416 125
943 4347 997 4418 μὲν
1013 4352 1047 4414 >
1065 4353 1104 4402 Υτ
