2994 4972
97 425 110 467 ε
128 409 216 460 11-15
1127 413 1188 478 175

93 574 253 660 κνεῦματι·
281 574 516 660 Περιτμήθητε
533 573 610 660 γάρ,
631 572 727 659 *τὴν
743 573 888 659 καρδίαν
902 569 998 656 ὑμῶν
1017 576 1064 660 τῳ
1083 575 1188 660 θεῷ*

94 677 174 743 καί*
198 678 446 763 Περιτέμνεσθε
479 673 542 760 τήν
570 673 801 761 ἀκροβυστίαν
831 679 889 759 τῆς
915 677 1055 760 καρδίας
1082 671 1188 759 ὑμῶν.

57 788 98 864 15Ι
114 777 222 864 ὁμοίως
238 777 294 846 ιιαλ
308 779 511 864 βαπτίσματι
531 776 582 846 ε’νλ
597 775 759 861 ἀρκεῖσθε
771 777 864 865 μόνῳ
884 781 931 865 τῷ
945 779 992 853 είς
1006 775 1066 842 τὸν
1079 776 1190 842 θοίνα-

92 905 143 946 τον
157 884 214 946 τοῦ
230 885 352 965 κυρίου
365 880 546 965 δεδομένῳ,
567 878 609 945 οῦ
627 883 674 966 τῶ
686 877 777 967 παρά
790 882 859 944 τῶν
874 877 1087 963 δυσωνῦμων
1097 879 1190 962 οιίρε-

92 986 192 1066 τικῶν,
206 980 290 1048 ἀλλά
307 985 353 1068 τῷ
376 980 466 1066 παρὰ
482 981 550 1046 τῶν
567 979 748 1066 ἀμέμπτων
765 981 882 1067 ἱερέων
896 981 1067 1067 δεδομένῳ
1089 982 1135 1057 είς
1152 979 1191 1044 τὸ
1207 993 1224 1044 5

93 1083 183 1168 ῦιομα
203 1087 263 1150 τοῦ
288 1082 413 1168 πατρὸς
438 1081 578 1148 καὶτοῦ
598 1082 677 1148 υίοῦ
699 1081 757 1148 ml
779 1085 841 1148 τοῦ
862 1079 962 1166 ἀγίου
989 1081 1188 1166 πνεύματος.

92 1186 161 1270 μήτε
173 1187 208 1252 δὲ
222 1185 259 1252 τδ
273 1183 365 1270 παρὰ
376 1185 445 1251 τῶν
458 1182 593 1268 ἀσεβῶν
608 1181 729 1250 δεκτὸν
746 1179 827 1268 ὑμίν
843 1186 939 1266 ἔστω,
951 1184 1034 1268 μήτε
1044 1183 1083 1250 τὸ
1099 1181 1191 1269 παρὰ

92 1292 149 1352 τῶν
164 1285 262 1353 ὁσίων
288 1285 497 1373 ἀκυροῦσθω
524 1286 581 1351 διά
611 1286 783 1371 δευτέρου.
828 1282 873 1362 ῶς
899 1284 964 1368 γάρ
994 1277 1041 1362 εἷς
1068 1282 1086 1351 ὁ
1109 1283 1192 1362 θεὸς

92 1389 139 1454 καί
152 1380 195 1466 ελς
213 1385 232 1453 6
252 1387 384 1473 χριστὸς
403 1387 460 1454 καί
481 1380 564 1464 ελςὸ
585 1387 808 1472 παράκλητος,
831 1379 878 1464 εἷς
893 1389 930 1454 δὲ
948 1387 1005 1454 καὶ
1021 1383 1039 1451 ὁ
1056 1387 1116 1452 τοῦ
1128 1409 1191 1452 κυ-

93 1493 157 1574 ρίον
182 1489 218 1556 έν
244 1490 371 1575 στόματι
393 1488 559 1572 θάνατος,
587 1488 693 1566 οὕτως
720 1491 759 1554 ἓν
780 1492 864 1555 έστω
886 1489 942 1554 καλ
961 1487 1000 1555 τὸ
1021 1490 1067 1565 είς
1087 1485 1191 1554 αῦτῦν
1211 1499 1243 1550 10

92 1593 257 1676 δεδομένον
271 1592 460 1676 βάπτισμα·
479 1592 515 1656 οί
526 1591 695 1675 δὲπαρά*
708 1589 842 1675 ἀσεβῶν
854 1591 1027 1675 δεχόμενοι
1035 1590 1191 1675 μόλυσμα

91 1693 233 1760 κοινωνοὶ
249 1697 308 1777 τῆς
325 1691 459 1779 γνῶμης
476 1691 589 1759 αὐτῶν
608 1691 818 1778 γενήσονται.
863 1691 904 1758 οῦ
917 1692 983 1777 γάρ
1001 1692 1087 1760 είσὶυ
1103 1691 1192 1758 έκεῖ-

91 1817 136 1860 νοι
151 1797 259 1878 ίερείς·
282 1795 371 1880 λέγει
388 1792 454 1880 γάρ
469 1793 553 1880 πρὸς
574 1791 698 1871 αὐτοῦς
711 1791 730 1859 6
742 1793 825 1872 θεὸς
840 1792 928 1860 Ἐπεὶ
940 1794 997 1861 καλ
1009 1792 1053 1860 σῦ
1066 1792 1190 1860 ἀπῶσω

91 1901 214 1980 γνῶσιν,
236 1895 418 1980 ἀπῶσομαί
435 1913 473 1962 σε
491 1895 584 1981 κάγῶ
599 1896 660 1963 τοῦ
683 1894 866 1982 ἱερατεύειν
887 1919 958 1980 μοι·
983 1893 1060 1962 οὔτε
1077 1894 1145 1980 μὴν
1160 1895 1197 1960 οί

90 1999 317 2080 βαπτισθέντες
327 1994 385 2064 ὑπ’
402 1995 516 2064 αὐτῶν
526 1998 723 2083 μεμῦηνται,
734 1996 820 2064 ἀλλά
830 2000 1076 2084 μεμολυσμένοι
1083 1994 1193 2084 ῦπάρ-
1213 2007 1243 2058 15

90 2117 212 2183 ηουσιν,
241 2098 305 2166 οῦκ
333 2096 457 2186 ἄφεσιν
483 2097 656 2186 ἁμαρτιῶν
685 2100 930 2185 λαμβάνοντες,
960 2099 1046 2167 ἀλλά
1066 2098 1192 2184 δεσμὸν

90 2197 238 2286 ἀσεβείας.
286 2200 328 2268 οῦ
346 2199 415 2288 μὴν
433 2203 470 2268 δὲ
500 2199 586 2268 ἀλλὰ
614 2200 672 2269 καὶ
692 2199 772 2279 τοῦς
791 2202 1024 2286 μεμνημένους
1051 2201 1090 2269 έιι
1112 2203 1193 2268 δευ-

91 2303 177 2388 τέρου
198 2307 402 2390 *βαπτζειν
423 2302 625 2388 πειρώμενοι
639 2301 892 2387 ἀνασταυροῦσι
913 2301 974 2368 τὸν
995 2303 1116 2385 κύριον
1136 2303 1193 2368 καὶ

90 2401 278 2491 ἀναιροῦσιν
300 2401 405 2472 αὐτὸν
430 2405 469 2471 έιι
490 2407 668 2489 δευτέρου,
699 2407 821 2488 γελῶσι
843 2400 884 2470 τά
904 2411 1000 2487 θεῖα,
1029 2406 1193 2488 μυκτηρί-

90 2509 171 2584 ζουσι
190 2505 230 2574 τά
246 2507 338 2592 ἅγια,
352 2503 527 2592 ὑβρίζουσι
548 2507 586 2572 τὸ
605 2510 739 2591 πνεῦμα
752 2503 791 2571 τὸ
806 2504 915 2589 ἅγιον,
934 2503 973 2571 τὸ
990 2497 1071 2590 αἱμα
1086 2503 1125 2571 τὸ
1142 2507 1193 2572 τί-
1210 2514 1243 2566 αθ

90 2631 158 2688 μιον
170 2606 213 2687 ῶς
224 2609 344 2675 ιιοινδν
355 2607 589 2693 ἀτιμάζουσιν,
610 2606 793 2693 ἀσεβοῦσιν
806 2610 853 2684 είς
864 2607 924 2674 τὸν
936 2605 1193 2690 ἀποστείλαντα,

90 2711 130 2786 είς
141 2709 197 2776 τὸν
210 2711 378 2794 παθόντα,
394 2714 441 2788 είς
451 2710 511 2777 τὸν
523 2710 795 2796 μαρτυρήσαντα.
828 2708 913 2776 ἀλλά
929 2709 985 2776 καί
997 2711 1033 2777 οί
1040 2712 1078 2776 έιι
1091 2735 1194 2776 κατα-

90 2812 275 2898 φρονήσεως
301 2816 346 2897 μιΙ
374 2813 577 2897 βουλόμενοι
606 2815 836 2897 βαπτισθῆναι
863 2808 908 2890 ῶς
934 2811 1066 2879 ἄπιστοι
1091 2837 1194 2879 κατα-

89 2915 312 3000 ιριθήσονται,
327 2913 384 2980 καί
399 2913 693 2999 ὀνειδισθήσονται
709 2910 754 2991 ῶς
771 2912 944 3001 ἀχάριστοι
962 2912 1018 2980 καλ
1039 2912 1194 2998 ἀγνῶμο-

91 3037 150 3090 νες·
172 3017 258 3100 λέγει
282 3013 348 3101 γὰρ
364 3012 383 3082 ὁ
399 3016 515 3102 κύριος
532 3015 609 3082 Ἐὰν
625 3014 673 3100 μή
692 3039 741 3093 τις
761 3021 915 3101 γεννηθῇ
937 3017 971 3094 ἐξ
994 3014 1116 3091 ῦδατος
1135 3013 1191 3080 ιιαλ
1209 3023 1242 3074 25

151 3189 295 3242 lllierem
313 3191 343 3253 4,
361 3191 377 3240 4
392 3189 397 3253 Ι
412 3191 428 3240 2
446 3191 520 3241 Dent
539 3189 584 3253 10,
606 3189 657 3253 16Ι
674 3189 705 3240 13
724 3190 796 3241 Osee
815 3191 846 3251 4,
865 3187 950 3250 6125
969 3189 1018 3239 Ioh
1036 3187 1101 3251 3,5

92 3351 163 3424 Ιγάρ
172 3359 234 3424 >γ
250 3358 255 3424 Ι
272 3356 369 3424 Ιφησλ
381 3357 413 3424 -Ι-
421 3375 464 3424 γι,
479 3356 624 3425 φησίν-Η
638 3359 642 3425 Ι
660 3354 737 3424 Ῑτὴν
744 3356 871 3422 καρδίαν
879 3349 1003 3425 ῦμῶν>
1009 3363 1056 3424 γαί
1070 3359 1075 3422 Ι
1092 3349 1196 3423 Ῑῦμῶν

88 3441 118 3506 -Ι-
132 3449 176 3506 γτι
190 3445 195 3506 Ι
209 3445 226 3492 2
244 3435 335 3496 πάλιν
351 3441 386 3508 -Ι-
402 3460 435 3508 γτ
456 3441 461 3510 Ι
481 3447 497 3494 2
515 3444 718 3510 περιτεμεῖοθε
735 3459 769 3508 γι
790 3443 794 3506 Ι
814 3441 831 3494 3
848 3436 1005 3508 ἀρκεῖσθαι
1023 3449 1035 3493 t
1049 3441 1053 3510 Ι
1073 3441 1127 3494 3.4
1144 3437 1196 3495 τὸν

87 3525 134 3578 τοῦ
145 3525 246 3594 κυρίου
258 3521 393 3580 θάνατον
402 3533 449 3594 γτε
463 3532 468 3594 Ι
484 3530 499 3579 4
513 3523 655 3595 διδομένῳ
665 3546 701 3594 γτ
715 3527 720 3592 Ι
734 3531 752 3579 4
769 3527 807 3580 τῶ
819 3534 890 3594 κγτι,
903 3528 938 3591 >
948 3529 980 3593 Υ,
998 3521 1031 3580 τὸ
1044 3545 1067 3580 w
1083 3529 1088 3583 Ι
1102 3531 1118 3580 1
1131 3527 1196 3581 δυσ-

89 3606 218 3678 τυνάμιιτ
233 3617 245 3665 t
259 3615 265 3676 Ι
279 3613 334 3664 65
352 3608 481 3677 αλρετικ..
501 3615 536 3664 W
551 3610 555 3678 Ι
570 3614 586 3665 b
604 3605 739 3681 ἀμίκτων
751 3629 766 3664 τ
780 3614 785 3678 Ι
800 3613 817 3664 5
834 3612 873 3680 τῶ
889 3614 923 3678 >
942 3615 963 3664 Υ
979 3613 983 3674 Ι
997 3614 1014 3663 5
1032 3612 1196 3680 παραδεδο-

88 3689 158 3763 μένῳ
173 3715 207 3764 γε
227 3697 262 3768 [ω
280 3697 307 3764 τ]
322 3699 357 3757 17
376 3692 408 3750 δὲ
426 3704 490 3762 ατί,
509 3683 564 3750 οῦν
579 3713 612 3764 γι
628 3697 633 3765 Ι
648 3698 664 3750 2
682 3695 732 3750 καὶ
748 3699 864 3765 primum
881 3699 915 3762 >
934 3704 945 3748 t
964 3699 969 3763 Ι
991 3698 1020 3750 11
1041 3695 1197 3766 διδόμενον

88 3787 130 3842 γιι
147 3781 152 3849 Ι
172 3783 201 3834 11
220 3781 279 3835 τόν
295 3781 329 3850 -Ι-
345 3799 363 3848 y
381 3799 463 3850 super
481 3797 589 3834 versum
609 3781 613 3850 Ι
639 3783 669 3835 13
687 3778 761 3849 λέγει
780 3777 834 3849 γάρ
852 3788 919 3847 καί,
944 3775 982 3844 ῶς
999 3800 1056 3836 που
1074 3781 1146 3852 φησι
1162 3799 1196 3848 γι

87 3861 92 3929 Ι
113 3865 141 3918 16
158 3863 203 3919 σοὶ
221 3885 246 3918 w
261 3869 265 3932 Ι
283 3867 314 3919 13
331 3858 429 3920 ἀπόσω
445 3868 489 3932 ιτΙ
507 3868 538 3920 15
555 3863 745 3935 μεμολυμένοι
763 3885 787 3926 x.
806 3863 1007 3936 μεμολισμένοι
1026 3871 1071 3920 αλλ
1086 3866 1091 3936 Ι
1115 3867 1198 3922 1616

88 3940 242 4018 ἀτάργουσι
260 3969 284 4002 w
299 3953 304 4018 Ι
321 3952 353 4004 16
370 3945 461 4018 δεσμά
479 3969 497 4017 γ
516 3957 521 4012 Ι
544 3951 573 4002 18
590 3945 622 4004 οί
637 3951 671 4019 -Ι-
687 3969 720 4018 yz
736 3951 741 4019 Ι
758 3952 790 4003 18
806 3951 856 4004 καί
872 3955 906 4018 >
919 3961 967 4019 γιι
981 3953 1035 4018 119
1052 3953 1169 4020 γελῶσιν
1181 3969 1198 4002 x

91 4029 95 4097 Ι
115 4033 151 4086 111.
163 4037 197 4088 20
214 4036 435 4104 μυκτηρίζουσιν
452 4053 469 4088 x
484 4039 489 4102 Ι
504 4037 538 4087 20
555 4028 745 4104 ῦβρίζουσινκ
761 4038 767 4102 Ι
782 4037 816 4090 20
832 4033 864 4090 τδ
881 4029 967 4104 ἅγιον
983 4040 1017 4103 >
1028 4044 1075 4104 yn
1090 4038 1095 4106 Ι
1110 4037 1151 4086 20.
1165 4035 1195 4086 21

88 4117 179 4184 τίμιον
196 4139 248 4179 wx.
265 4111 351 4188 ἀγιον
368 4129 415 4187 yzt
430 4123 482 4185 122
500 4115 531 4172 ολ
547 4139 597 4186 wx,
616 4113 632 4174 ὁ
649 4127 697 4185 γιί
716 4126 721 4181 Ι
739 4125 782 4174 22.
794 4123 827 4176 23
845 4119 1090 4189 καταφρονήσεως
1107 4137 1130 4172 w
1145 4121 1149 4182 Ι
1165 4119 1198 4170 23

89 4197 258 4271 βουλόμενος
274 4213 321 4272 yut
336 4209 340 4271 Ι
355 4205 397 4258 23.
411 4207 444 4258 24
456 4200 576 4267 ἄπιστος
586 4199 832 4274 κατακριθήσεται
844 4215 891 4274 γτι
905 4205 910 4273 Ι
924 4209 959 4259 21
974 4197 1197 4271 ἀνειδιοθήσοκ-

89 4303 131 4338 ται
148 4305 174 4354 ι,
194 4281 426 4359 ἀνειδισθιΙσεται
443 4297 490 4357 γαί
509 4291 514 4359 Ι
537 4295 571 4343 24
589 4283 740 4359 α’γάριστος
757 4288 806 4344 καὶ
825 4285 964 4358 ἀγνῶμων
980 4296 1028 4355 γαί
1054 4289 1058 4355 Ι
1085 4291 1117 4339 21
1135 4305 1198 4355 γεν-
1262 4321 1271 4336 ·
1299 4328 1305 4336 -
1348 4287 1363 4328 -’

88 4373 165 4440 vm*
183 4391 226 4426 w:
244 4369 272 4442 [ἡ
291 4393 322 4440 w,
343 4375 415 4445 vij.
430 4375 646 4464 Qyzt
