3120 4980
142 296 191 350 LII

232 478 246 529 7
275 469 404 552 άγγελος
420 475 518 552 κυρίου
535 474 669 536 ἐποίησεν
687 467 832 553 ἐκφυγεῖν,

233 587 249 636 ίί
275 581 421 658 ὀνόματος
441 581 544 644 αὐτοῦ.

211 694 248 746 13
276 687 400 756 ἢθέντες
415 693 464 746 καί
484 685 741 770 προνομευθέντες
758 688 1021 765 ὑποτεταγμένως.

214 801 250 854 16
276 792 310 855 in
326 790 436 856 codiee
452 790 577 877 syriaco
595 789 700 876 apices
717 800 904 856 accentuum
919 790 964 853 ita
979 789 1071 876 positi
1089 800 1171 870 sunt,
1195 799 1228 852 ut
1247 793 1317 854 ὅθεν

276 923 346 964 eum
376 902 536 985 ἀνθρώπῳ
565 909 776 974 connectatur,
799 919 892 962 sensu
918 901 977 962 ἀπό
1007 911 1057 962 τοῦ
1085 909 1154 970 νῡν;
1179 897 1263 983 quod
1285 897 1317 960 in

277 1007 389 1093 lingua
416 1007 541 1092 syriaca
568 1007 644 1070 ferri
672 1019 811 1093 poterat,
852 1006 886 1070 in
911 1027 1028 1092 graeca
1056 1005 1203 1070 sustineri
1233 1005 1317 1068 nullo

275 1114 368 1180 modo
385 1125 498 1201 potest.
517 1153 558 1162 -—
576 1122 650 1200 πρὸς
667 1121 716 1178 τόν
735 1122 876 1201 άσσίιριον
893 1115 1023 1200 βασιλέα
1040 1122 1069 1186 ἠ.

213 1233 248 1286 ίί
275 1237 329 1296 τῆς
347 1235 397 1288 τοῦ
413 1226 489 1288 θεοῦ
506 1233 659 1310 προνοίας.
678 1263 718 1272 -
741 1226 1006 1310 χρηματισθέντες
1023 1230 1096 1308 γάρ.

212 1341 249 1394 18
278 1340 365 1420 φησίν
382 1342 454 1396 ente
470 1333 538 1394 κατ’
557 1331 693 1418 ponitur.

210 1449 247 1500 ‘27
275 1449 451 1526 sequuntur
480 1438 513 1501 in
537 1437 676 1504 editione
697 1440 822 1526 syriaca
838 1439 971 1504 haeeee:
1012 1442 1121 1504 Ταῦτα
1143 1441 1238 1504 πολλά
1255 1461 1321 1502 στε-

274 1547 388 1628 νάξοτς,
412 1553 567 1632 ἀγαπητοί
582 1565 656 1632 μου,
681 1557 730 1612 καί
747 1549 929 1621 έπεκλαόσας
955 1563 1016 1621 τοῖς
1041 1555 1199 1634 ἐντυχοῦσι
1218 1561 1319 1619 κακοῖς

275 1663 304 1720 έν
329 1661 417 1742 τάχει
440 1660 579 1742 ἔγραψα,
610 1662 658 1720 ἵνα
680 1665 729 1720 καί
752 1659 839 1722 πάλιν
862 1661 1112 1742 ἀναμνησθῶμεν
1137 1663 1181 1722 ὅτι
1204 1657 1280 1742 λέγει
1305 1654 1320 1718 ό

275 1773 372 1852 κύριος
401 1770 523 1848 όστερον
554 1763 702 1852 (Iohann.
733 1765 787 1828 xvi
811 1765 867 1854 33)
898 1775 941 1832 ὅτι
964 1772 994 1829 ίν
1022 1775 1065 1846 τῷ
1093 1770 1194 1847 κόσμῳ
1216 1765 1320 1848 θλῖψιν

275 1873 365 1951 ἕξετε.
397 1874 475 1938 ἀλλὰ
498 1875 659 1959 θαρσεῖτει
685 1878 746 1958 ἐγὼ
769 1883 905 1948 νενίκηκα
925 1882 974 1938 τόν
991 1880 1109 1957 κόσμον.
1142 1873 1194 1936 διὰ
1216 1879 1320 1935 τούτου

276 1983 362 2045 πάλιν
382 1983 456 2046 πολὺ
473 1984 753 2068 παραμυθούμεθα
770 1991 839 2054 τοὺς
858 1983 1006 2072 ἀδελφοὺς
1022 1989 1108 2064 ἡμῶν
1125 1990 1195 2053 τοὺς
1214 1985 1320 2044 έπται-

276 2096 377 2162 κότας.
402 2092 510 2172 θῶμεν
534 2097 566 2152 τό
591 2097 801 2176 γεγραμμένον
824 2096 879 2154 ὑπό
902 2103 954 2154 τοῦ
976 2100 1130 2180 προφήτου
1154 2095 1228 2175 πρός
1253 2096 1323 2160 τοὺς

279 2205 457 2282 γενομένους
481 2203 510 2260 έν
537 2200 752 2284 αἰχμαλωσίᾳ,
777 2199 917 2282 λέγοντος
943 2206 1019 2287 πρός
1041 2204 1152 2270 αὐτούς
1183 2195 1322 2283 (Βοιιιοίι

275 2305 306 2368 ἰν
323 2307 375 2370 Ξῖ.
395 2305 468 2392 28)·
493 2309 694 2394 θαρσήσατε,
721 2314 824 2386 τέκνα,
853 2315 902 2372 καί
918 2307 1053 2391 βοησατε
1069 2314 1144 2393 πρός
1167 2313 1215 2369 τόν
1236 2308 1322 2371 θεόν.

276 2421 360 2479 ἔσται
385 2422 446 2502 γὰρ
470 2421 525 2479 ὑπὸ
559 2428 610 2478 τοῦ
635 2421 801 2500 ἐπάγοντος
829 2422 912 2499 ὑμᾶς
933 2419 975 2489 εἰς
998 2417 1213 2502 αἰχμαλωσίαν
1235 2421 1322 2498 μνεία

277 2531 371 2607 ὑμῶν.
391 2529 490 2610 ὥσπερ
508 2531 570 2610 γὰρ
588 2530 703 2610 ἐγένετο
720 2531 737 2596 η
762 2525 880 2588 διάνοια
901 2531 985 2608 ὑμῶν
1007 2529 1049 2596 εἰς
1070 2531 1103 2586 τό
1127 2525 1321 2594 πλανηθῆναι

278 2639 337 2696 άπὸ
361 2645 412 2695 τοῦ
435 2635 532 2713 θεοῦ,
558 2633 768 2706 δεκαπλασίως
789 2640 1020 2721 ἐπιστραφέντες
1045 2633 1091 2696 ἐπ’
1117 2638 1206 2696 αὐτόν
1230 2636 1322 2706 ζητη·

276 2763 348 2806 σατε
366 2745 467 2804 αὐτόν.
485 2749 564 2804 κατὰ
582 2748 631 2804 τόν
649 2745 746 2827 ἕτερον
763 2751 919 2830 προφήτην
937 2740 1034 2828 (Esej.
1053 2741 1086 2804 lv
1103 2741 1131 2804 6.
1152 2741 1184 2826 7)
1206 2747 1254 2802 τόν
1272 2741 1320 2802 λί-

276 2871 387 2933 γοντα·
413 2851 565 2924 ζητησατε
581 2855 630 2912 τόν
652 2856 749 2935 κόριον
774 2859 822 2913 καί
840 2857 869 2913 έν
892 2860 934 2931 τῷ
951 2856 1090 2935 εὑρίσκειν
1108 2855 1199 2914 αὐτόν
1216 2854 1321 2910 έπικα-

276 2959 411 3022 λέσασθε
428 2962 530 3020 αὐτόν·
546 2964 632 3030 ἡνίκα
650 2957 678 3019 δ’
698 2960 734 3020 ἂν
751 2961 856 3044 έγγίζη
874 2964 959 3042 ὑμῖν,
986 2959 1155 3022 άπολιπέτω
1172 2962 1187 3020 ό
1205 2956 1322 3040 ἀσεβὴς

277 3073 333 3138 τὰς
359 3066 446 3138 όδοὺς
470 3057 563 3130 αὐτοό
585 3074 633 3128 καί
659 3071 734 3152 ἀνὴρ
757 3071 871 3150 ἄνομος
893 3074 950 3138 τάς
974 3067 1091 3150 βουλάς
1115 3070 1219 3129 αὐτου.
1244 3070 1321 3128 οὕτω

278 3181 340 3262 γάρ
363 3175 542 3260 ἐγγιζόντων
567 3179 650 3256 ὑμῶν
675 3173 749 3264 [καὶ]
774 3181 949 3246 στησάντων
972 3173 1125 3245 διαθήκην
1148 3179 1190 3246 ὡς
1212 3181 1321 3258 ἡγυνη

276 3290 294 3355 ἡ
320 3284 504 3368 ἁμαρτωλός
531 3290 548 3356 ἡ
576 3291 809 3369 μαρτυρουμένη
831 3289 860 3346 έν
882 3293 925 3364 τῷ
953 3282 1119 3367 εὐαγγελίῳ
1144 3295 1196 3346 τοῦ
1218 3285 1321 3346 Λουκᾰ

278 3389 332 3477 (vii
349 3391 406 3478 38)
430 3400 565 3456 στάντων
583 3417 614 3455 τε
633 3396 727 3456 ὀπίσω
749 3405 801 3454 τοῦ
817 3400 917 3478 κυρίου
941 3399 1015 3468 ἡμῶν
1036 3399 1084 3454 καί
1107 3391 1232 3478 δάκρυσι
1248 3391 1321 3454 πολ-

275 3502 337 3572 λοῖς
354 3506 384 3562 έκ
401 3509 564 3583 μετανοίας
582 3508 630 3564 καί
651 3513 864 3587 μεταστροφῆς
880 3506 908 3562 έν
927 3503 1021 3586 σχίσει
1043 3499 1171 3585 καρδίας
1189 3499 1321 3584 βρεχόν-

275 3633 333 3672 των
355 3617 424 3680 τοὺς
444 3609 543 3681 πόδας
563 3614 655 3672 αὐτοῦ
673 3617 721 3672 καί
741 3621 807 3680 ταῖς
825 3607 907 3693 θριξί
925 3622 980 3680 της
1002 3608 1135 3695 κεφαλῆς
1157 3605 1251 3694 [plur.
1271 3601 1319 3693 S.]

276 3725 360 3801 υμῶν
374 3723 581 3799 έκματτόντων
595 3717 647 3779 διά
658 3729 781 3803 καρπῶν
797 3715 887 3791 ἀξίων
900 3723 1064 3800 μετανοίας
1074 3719 1172 3802 ἔργων
1186 3717 1321 3801 ἀγαθῶν

276 3833 305 3890 ἔν
323 3851 353 3890 τε
370 3835 412 3906 τῷ
425 3828 604 3908 μνησθῆναι
617 3831 697 3908 ὑμᾶς
712 3834 762 3888 καί
775 3837 826 3888 τοῦ
839 3825 929 3907 λόγου
943 3835 995 3886 τοῦ
1008 3824 1144 3907 λέγοντος
1158 3821 1288 3910 (Ierem.
1301 3821 1322 3884 ii

277 3935 334 4022 36)
348 3941 390 4000 ὅτι
408 3944 457 3998 καί
470 3936 609 3998 ἐντεῦθεν
623 3931 757 4018 έξελείιση
770 3941 819 3996 καί
834 3939 867 3996 αί
882 3933 982 4018 χεῖρές
997 3953 1049 3993 σου
1063 3935 1108 3993 ἐπί
1122 3944 1178 4004 τῆς
1189 3931 1322 4018 κεφαλῆς

279 4067 348 4124 σου,
384 4048 551 4115 ἀπαύστως
579 4067 610 4105 τε
642 4042 885 4128 καταφιλούντων
918 4049 988 4113 τοὺς
1019 4040 1117 4112 πόδας
1147 4043 1240 4103 αὐτοῦ
1271 4039 1321 4102 διὰ

276 4154 386 4224 πολλῆς
403 4157 530 4236 ἀγάπης
553 4156 624 4214 ἀνευ
647 4151 919 4236 προσωποληψίας,
944 4159 993 4212 καί
1012 4149 1194 4234 ἀλειφὸντων
1212 4154 1322 4221 αὐτοὺς

277 4268 362 4345 μόρῳ
385 4265 413 4322 έν
432 4275 466 4342 τη
490 4260 602 4341 εὐωδία
618 4274 652 4342 τη
671 4266 891 4344 προσγενομένη
914 4263 1017 4330 αὐτοῖς
1039 4256 1088 4319 διά
1112 4271 1166 4330 της
1183 4261 1322 4341 ἐπιστρο-

278 4382 352 4454 φηςε
383 4373 444 4454 έρεῖ
469 4379 516 4432 καί
546 4379 611 4454 περί
635 4375 718 4450 ὑμῶν
748 4371 761 4429 ό
787 4368 934 4439 δεσπότης
962 4370 976 4427 ό
1004 4371 1138 4450 χρηστός
1161 4371 1210 4429 καὶ
1238 4366 1322 4436 ε’λεή-

277 4500 341 4558 μων
381 4483 456 4564 πρός
495 4486 564 4548 τοὺς
600 4479 821 4561 ψιθυρίζοντας
854 4481 963 4547 αὐτοὺς
1004 4474 1151 4558 διφόχους
1186 4474 1322 4558 λεπροὺς,
