3120 4980
152 231 202 286 LII

242 414 257 464 7
285 405 415 488 ἄγγελος
431 411 529 488 κυρίου
546 411 679 472 ἐποίησεν
697 405 843 490 ἐκφυγεῖν.

243 523 259 572 9
286 517 431 595 ὀνόματος
451 517 554 580 αὐτοῦ,
696 587 700 594 ¹

221 630 258 682 13
286 624 410 693 ὸθέντες
425 629 474 683 καί
494 622 751 706 προνομευθέντες
769 625 1031 703 όποτεταγμένως.

225 737 260 790 16
285 729 319 792 in
337 727 446 792 codiee
463 727 587 814 syriaco
605 726 710 813 apices
727 737 914 793 accentuum
930 728 974 792 ita
989 728 1081 814 positi
1100 738 1182 808 sunt,
1205 737 1238 790 ut
1257 731 1332 792 ὅθεν

286 859 356 900 cum
386 839 546 922 ἀνθρώπῳ
575 845 786 912 connectatun
809 857 903 900 sensu
929 839 987 900 άπὸ
1017 849 1068 900 τοῦ
1095 847 1164 908 νῡν;
1189 835 1274 921 quod
1297 835 1330 898 in

286 944 399 1030 lingua
426 944 551 1030 syriaca
578 944 654 1007 ferri
681 955 821 1030 poterat,
862 944 894 1007 in
921 965 1038 1030 graeca
1066 944 1213 1008 sustineri
1242 943 1331 1007 nullo

285 1051 378 1116 modo
394 1062 507 1138 potest.
527 1089 568 1098 -
585 1059 660 1138 πρός
677 1059 726 1116 τόν
744 1060 885 1138 ἀσσὺριον
903 1055 1034 1138 βασιλέα
1050 1060 1080 1126 i·

222 1170 258 1221 17
285 1173 340 1232 τῆς
356 1173 407 1224 τοῦ
423 1163 499 1224 θεοῦ
516 1170 669 1246 προνοίας.
688 1201 729 1208 -
750 1164 1016 1250 χρηματισθέντες
1033 1169 1106 1246 γάρ.

222 1277 259 1330 18
288 1277 375 1356 φησίν
392 1279 463 1332 ante
480 1271 548 1332 κατ’
566 1269 703 1354 ponitur.

219 1386 257 1438 27
285 1385 461 1462 sequuntur
490 1375 522 1438 in
547 1375 685 1442 editione
707 1377 832 1463 syriaca
849 1378 981 1442 haecce:
1022 1380 1131 1442 Ταῦτα
1154 1379 1247 1442 πολλὰ
1264 1399 1333 1440 στε·

284 1483 398 1565 νάξας,
421 1491 576 1570 ἀγαπητοί
592 1502 666 1569 μου,
691 1495 740 1550 καί
756 1488 939 1560 ἐπικλαόσας
965 1501 1027 1560 τοῖς
1052 1493 1208 1573 ἐντυχοῦσι
1227 1499 1331 1558 κακοῖς

285 1599 314 1656 ἐν
338 1599 427 1680 τάχει
449 1597 588 1680 ἔγραψα,
620 1599 668 1657 ίνα
691 1603 739 1657 καί
761 1597 849 1660 πάλιν
872 1599 1123 1681 ἀναμνησθῶμεν
1147 1602 1191 1660 ότι
1214 1596 1290 1680 λέγει
1316 1596 1331 1658 ό

284 1709 382 1789 κόριος
411 1707 533 1786 ὕστερον
564 1699 712 1790 (Iohann.
743 1703 796 1766 xvi
821 1704 877 1792 33)
908 1712 951 1770 ότι
974 1711 1004 1768 ἐν
1032 1714 1075 1786 τῷ
1103 1709 1204 1786 κόσμῳ
1226 1703 1332 1785 θλίψιν

284 1810 374 1888 ἕξετε.
407 1812 485 1875 άλλά
507 1813 669 1896 θαρσεῖτεε
694 1817 756 1896 ἐγὼ
779 1821 915 1884 νενίκηκα
935 1821 983 1876 τόν
1001 1819 1119 1896 κόσμον.
1152 1812 1204 1874 διὰ
1226 1818 1332 1874 τούτου

285 1920 373 1983 πάλιν
392 1919 465 1982 πολὺ
482 1921 763 2004 παραμυθούμεθα
781 1929 850 1993 τοὺς
867 1921 1016 2010 ἀδελφοὺς
1031 1928 1118 2002 ῆμῶν
1134 1927 1205 1992 τοὺς
1224 1924 1331 1982 ἐπται-

286 2033 387 2098 κότας.
412 2029 520 2110 θῶμεν
544 2033 576 2090 τό
601 2034 812 2114 γεγραμμένον
833 2034 889 2092 ὑπὸ
912 2041 963 2092 τοῦ
985 2037 1140 2118 προφῆτου
1164 2033 1238 2113 πρός
1262 2034 1333 2098 τοὺς

288 2143 467 2219 γενομένους
491 2141 519 2198 ἐν
546 2137 761 2220 αἰχμαλωσίᾳ,
787 2137 926 2220 λέγοντος
953 2144 1028 2225 πρός
1052 2142 1162 2208 αὐτούς
1193 2133 1331 2222 (Βαιυοίι

285 2243 316 2306 ἰν
333 2243 385 2307 2ῖ.
404 2242 477 2330 28)·
503 2246 704 2330 θαρσῆοατε,
730 2252 834 2324 τέκνα,
863 2253 911 2310 καί
927 2246 1062 2329 βοῆοαττ
1079 2253 1154 2331 πρός
1176 2252 1225 2308 τόν
1247 2245 1330 2310 θεόν.

285 2358 369 2416 ἔσται
394 2359 455 2439 γάρ
479 2359 535 2416 ὑπὸ
568 2365 620 2416 τοῦ
644 2359 811 2438 ἐπάγοντος
838 2360 921 2437 ὑμᾶς
942 2357 985 2426 εἰς
1008 2355 1223 2440 αἰχμαλωσίαν
1245 2359 1331 2436 μνεία

286 2468 380 2544 ὑμῶν.
400 2466 499 2547 ὥσπερ
517 2469 579 2548 γάρ
597 2467 747 2548 ἐγένετοῆ
772 2463 889 2526 διάνοια
911 2468 994 2545 ὑμῶν
1016 2467 1059 2535 είς
1080 2469 1112 2524 τό
1136 2462 1330 2532 πλανηθῆναι

287 2575 346 2633 οίπό
370 2581 422 2632 τοῦ
445 2571 541 2649 θεοῦ,
567 2571 777 2643 δεκαπλασίως
798 2577 1030 2659 ἐπιστραφέντες
1054 2570 1100 2634 ἐπ’
1126 2575 1216 2633 αὐτόν
1240 2575 1332 2645 ζητῆ-

286 2700 358 2741 σατε
375 2683 476 2741 αὐτόν.
494 2686 573 2740 κατά
591 2685 640 2741 τόν
658 2683 755 2764 ἕτερον
772 2689 929 2768 προφῆτην
946 2677 1044 2766 (Esaj.
1063 2679 1095 2741 lv
1112 2678 1141 2742 6.
1161 2678 1194 2766 7)
1216 2685 1264 2742 τόν
1281 2679 1331 2740 λέ-

286 2808 396 2870 γοντα·
423 2789 574 2861 ζητῆσατε
590 2793 639 2848 τόν
661 2794 758 2872 κόριον
783 2796 831 2850 καί
849 2794 878 2850 ἐν
901 2798 943 2868 τῷ
960 2794 1099 2872 εὑρίσκειν
1118 2793 1209 2851 αὐτόν
1226 2793 1331 2850 ἐπικα-

284 2896 419 2958 λίσοισθε
437 2899 539 2957 αὐτόν·
555 2901 641 2967 ἡνίκα
659 2895 687 2957 δ’
707 2898 743 2958 ἂν
760 2899 865 2981 ἐγγίζη
883 2901 968 2980 ὑμῖν,
996 2897 1165 2960 άπολιπὲτω
1182 2901 1196 2959 ὁ
1215 2895 1332 2980 ἀσεβὴς

286 3010 342 3075 τὰς
368 3003 455 3074 όδοὺς
480 2995 572 3066 αὐτοῦ’
594 3012 643 3066 καί
667 3009 743 3089 ἀνὴρ
766 3009 881 3087 ἄνομος
902 3012 959 3076 τάς
983 3004 1101 3088 βουλὰς
1125 3009 1228 3068 αὐτοῦ.
1254 3009 1331 3066 οὕτω

287 3118 349 3198 γάρ
372 3110 551 3197 ἐγγιζόντων
576 3117 659 3194 ὑμῶν
684 3110 758 3200 [καί]
783 3119 958 3184 στησάντων
982 3111 1134 3185 διαθῆκην
1157 3117 1200 3186 ὡς
1221 3119 1239 3186 ῆ
1257 3120 1330 3196 γννῆ

285 3227 302 3291 ἡ
329 3221 513 3304 ἁμαρτωλός
539 3227 557 3292 ῆ
586 3229 818 3307 μαρτυρουμένη
840 3227 869 3285 ἐν
891 3231 934 3302 τῷ
962 3221 1128 3305 εὐαγγελίῳ
1153 3234 1205 3284 του
1228 3225 1331 3284 Λουκᾰ

287 3327 341 3414 (vii
358 3327 415 3414 38)
439 3337 574 3392 στάντων
591 3354 623 3392 τε
642 3334 736 3393 ὀπίσω
758 3343 809 3392 τοῦ
826 3338 926 3417 κυρίου
950 3337 1024 3406 ἡμῶν
1045 3338 1093 3392 καί
1116 3329 1241 3416 δάκρυσι
1258 3329 1330 3391 πσλ-

284 3440 346 3510 λοῐς
363 3442 394 3499 ἐκ
409 3446 573 3519 μετανοίας
591 3445 639 3501 καί
659 3451 872 3524 μεταστροφῆς
889 3444 917 3501 ἐν
935 3441 1030 3523 σχίσει
1053 3437 1181 3523 καρδίας
1198 3437 1330 3524 βρεχόν·

283 3569 342 3608 των
364 3553 433 3616 τοὺς
453 3545 552 3618 πόδας
572 3552 664 3609 αὐτοῦ
682 3555 730 3609 καί
750 3559 816 3618 ταῖς
834 3545 917 3630 θριξί
934 3560 989 3618 τῆς
1012 3546 1144 3632 κεφαλῆς
1167 3544 1261 3632 [plur.
1280 3541 1329 3632 S.]

284 3661 368 3738 υμῶν
383 3659 590 3735 ε’κματτόντων
604 3654 655 3716 διά
667 3667 790 3740 καρπῶν
806 3652 896 3728 άξίων
909 3662 1073 3737 μετανοίας
1084 3657 1181 3739 ἔργων
1195 3655 1330 3738 άγαθῶν

284 3769 313 3826 ἐν
331 3787 362 3826 τε
378 3772 421 3842 τῷ
434 3763 613 3844 μνησθῆναι
626 3769 706 3845 ὑμᾶς
720 3771 770 3826 καί
784 3763 938 3847 τοῦλόγου
952 3773 1003 3824 τοῦ
1016 3762 1154 3846 λέγοντος
1167 3759 1297 3848 (Ierem.
1310 3759 1332 3822 ii

286 3872 342 3958 36)
356 3879 398 3936 ότι
416 3881 465 3934 καί
479 3873 618 3934 ἐντεῦθεν
632 3868 766 3954 ἑξελεόση
779 3879 828 3934 καί
842 3876 876 3934 αί
891 3871 991 3956 χεῖρές
1006 3892 1058 3932 σου
1072 3874 1118 3932 ἐπί
1131 3882 1187 3942 τῆς
1199 3870 1331 3958 κεφαλῆς

287 4004 356 4060 σου,
393 3985 560 4052 ἀπαύστως
588 4003 619 4042 τε
651 3979 893 4066 καταφιλούντων
927 3987 997 4051 τοὺς
1028 3978 1127 4051 πόδας
1156 3983 1249 4042 αὐτοῦ
1281 3978 1331 4041 διὰ

285 4090 395 4161 πολλῆς
412 4094 539 4174 ἀγάπης
561 4093 632 4150 ἄνευ
655 4089 928 4172 προσωποληφίας,
953 4097 1002 4150 καί
1020 4088 1203 4173 ἀλειφόντων
1221 4093 1331 4160 αὐτοὺς

285 4204 370 4282 μόρῳ
394 4202 422 4259 ἐν
440 4211 474 4279 τῆ
498 4197 610 4278 εὐωδίᾳ
626 4211 661 4279 τῆ
679 4204 900 4281 προσγενομένη
923 4200 1025 4268 αὐτοῖς
1048 4194 1097 4257 διὰ
1121 4210 1175 4268 τῆς
1192 4201 1331 4280 ἐπιστρο-

286 4319 361 4390 φῆςε
392 4310 452 4390 ἐρεῖ
477 4315 525 4368 κοιί
554 4315 619 4390 περὶ
643 4311 726 4387 ὑμῶν
756 4309 770 4366 ό
796 4305 943 4376 δεσπότης
971 4307 985 4366 ό
1013 4310 1147 4388 χρηστός
1170 4310 1219 4367 καί
1247 4305 1331 4375 ἐλεῆ-

285 4436 350 4494 μων
390 4420 464 4500 πρός
504 4422 573 4484 τοὺς
609 4417 830 4498 ψιθυρίζοντας
863 4419 972 4485 αὐτοὺς
1012 4412 1159 4497 διφόχους
1195 4412 1330 4497 λεπροὺς,
