3128 4972
683 449 874 511 -7..

260 615 458 700 Priusquam
477 618 519 682 ad
538 617 645 702 ipsam
665 617 909 682 controversiae
929 616 1096 701 paschalis
1117 615 1290 680 historiam
1306 639 1379 702 per·

173 736 388 801 scrutandam
416 736 663 820 aggrediamur,
692 759 775 821 opus
804 744 873 817 est,
902 745 941 802 ut
967 737 1001 802 in
1028 735 1198 800 notionem
1225 737 1380 801 vocabuli

172 853 275 936 πάσχα
294 855 480 921 accuratius
496 856 710 941 inquiramus.
744 857 919 921 Quomodo
941 857 1028 921 enim
1049 856 1227 938 scriptores
1248 863 1379 920 veteres

174 975 215 1039 de
253 978 316 1040 hac
353 976 578 1041 controversia
614 976 795 1040 relerentes
831 977 915 1041 bene
950 975 1187 1059 intelligemus,
1220 975 1377 1054 notionis,

174 1118 273 1180 quam
305 1095 468 1160 vocabulo
506 1095 557 1160 illi
594 1067 789 1175 tribuerint,
823 1095 950 1180 ignari?
982 1133 1023 1144 —
1061 1095 1271 1159 Vocabulum
1309 1105 1379 1188 ²¹¹9?-

173 1215 263 1298 apud
284 1214 407 1280 veteris
430 1215 626 1280 testamenti
649 1216 827 1300 scriptores
850 1239 950 1282 sensu
972 1214 1138 1279 strictiore
1166 1214 1379 1298 significabat

172 1335 336 1399 sollemne
367 1334 468 1414 illud,
501 1336 590 1420 quod
621 1343 739 1422 quarto
772 1336 899 1400 decimo
931 1333 1027 1419 primi
1058 1333 1180 1398 mensis
1211 1333 1265 1398 dia
1297 1355 1377 1417 quo-

172 1454 286 1518 tannis
314 1455 546 1520 celebrabatur
572 1455 606 1520 in
633 1456 825 1520 memoriam
852 1453 966 1540 populi
994 1454 1034 1517 ab
1063 1455 1181 1537 angelo
1212 1453 1379 1537 perditore

174 1573 298 1637 servati
325 1581 360 1637 et
387 1596 428 1638 ex
455 1575 699 1659 Aegyptiorum
727 1575 888 1640 servitute
917 1573 1061 1637 liberati.
1107 1575 1239 1638 Nomen
1266 1579 1379 1637 autem

172 1694 336 1773 habebat,
366 1694 443 1790 quia
465 1695 604 1779 angelus
628 1694 764 1759 Domini
790 1703 863 1758 tum
886 1679 1113 1757 israelitarum
1141 1692 1256 1756 domos
1284 1713 1379 1776 prae·

171 1813 310 1877 terierat
331 1815 423 1904 (noa)
446 1836 623 1899 eorumque
644 1813 873 1900 primogenitis
892 1819 1086 1898 pepercerat
1105 1811 1223 1894 (Exod.
1243 1815 1294 1889 12,
1312 1813 1378 1896 27).

172 1932 248 1996 Hoc
277 1934 439 1998 sollemne
469 1933 680 2018 excipiebant
713 1941 843 2018 septem
877 1932 932 2017 qui
967 1931 1163 1996 dicebantur
1196 1931 1266 1995 dics
1302 1953 1379 2016 azy·

172 2075 313 2116 morum.
361 2052 396 2117 Si
418 2053 521 2138 igitur
544 2053 744 2118 strictiorem
767 2053 1004 2117 vocabulorum
1027 2051 1304 2136 significationem
1327 2071 1377 2114 re·

173 2171 348 2256 spicimus,
373 2173 457 2238 bane
481 2172 753 2258 distinguendum
776 2181 828 2237 est
850 2172 937 2236 inter
959 2171 1053 2236 illum
1077 2171 1163 2235 diem
1187 2171 1378 2254 paschalem

173 2298 209 2355 et
232 2293 333 2357 hosce
355 2315 559 2377 azymorum.
605 2293 661 2357 Ita
675 2292 818 2377 legimus
834 2291 916 2356 Lev.
935 2295 986 2370 23,
1004 2296 1022 2356 5
1040 2314 1107 2374 sq.:
1134 2289 1263 2380 titlrt'jtssl
1281 2286 1379 2382 ulpia,

172 2405 269 2503 aa
283 2409 337 2478 r'r
352 2408 421 2503 aar
442 2410 583 2505 otrus*
605 2407 720 2505 otc}
740 2423 808 2504 nun
827 2422 957 2506 esico
978 2425 1028 2497 rs
1046 2404 1141 2502 spa
1160 2407 1227 2501 us
1242 2420 1379 2504 orere

171 2527 294 2614 σάρκα
313 2529 404 2612 ntra
423 2544 503 2624 aaa}
522 2529 619 2628 naar}
638 2529 739 2623 atrab
756 2531 874 2610 utana
893 2543 933 2610 aa
952 2545 1017 2624 apti
1053 2531 1099 2594 Et
1118 2529 1152 2592 in
1173 2552 1258 2593 novo
1274 2537 1379 2592 testa-

171 2659 299 2730 ment0,
321 2651 427 2716 Marc.
445 2656 498 2731 14,
517 2656 551 2717 l:
571 2642 629 2713 'Hs
646 2645 676 2712 di
693 2647 727 2713 rb
744 2647 845 2732 πάσχα
863 2644 966 2712 καὶτὰ
986 2645 1083 2727 ἄζυμα
1100 2644 1174 2728 μετὰ
1191 2645 1244 2709 tv'o
1261 2645 1379 2727 ἡμέρας.

172 2771 327 2854 Itemque
350 2772 439 2856 apud
461 2773 649 2851 «losannae,
674 2773 773 2834 Ante.
795 2771 862 2850 III,
884 2774 936 2849 10,
954 2775 990 2835 5:
1017 2767 1141 2848 Πέμπτῃ
1159 2761 1189 2829 di
1207 2761 1256 2828 xci
1273 2765 1378 2846 δεκάτῃ

172 2895 331 2980 διαδάχεται
347 2895 396 2978 τὴν
411 2899 463 2960 τοῦ
480 2895 581 2980 πάσχα
598 2895 616 2977 ἡ
632 2901 690 2960 scir
708 2895 824 2976 άζάμωα
837 2895 930 2979 ἑορτή,
944 2893 1017 2960 ἑπτά
1030 2893 1139 2976 ἡμέρας
1153 2885 1236 2968 οὖσα,
1252 2891 1329 2956 καθ’
1346 2889 1379 2974 ἣν
1484 2895 1486 2902 ’

173 3013 293 3096 ἀζύμοις
309 3015 471 3099 τρέφονται.
507 3019 553 3083 Et
568 3019 603 3083 in
624 3017 778 3083 chronico
800 3017 960 3103 paschali,
983 3017 1034 3082 cd.
1056 3014 1376 3092 D1naourl,427¹:

172 3142 304 3214 Εἰκότως
322 3141 383 3225 άρα
401 3144 505 3226 ἐκείνην
521 3143 570 3227 τὴν
587 3143 696 3226 ἡμέραν
708 3143 797 3224 μόνον
810 3143 911 3226 πάσχα
923 3142 950 3206 cl
960 3137 1015 3206 elci
1028 3138 1145 3223 Ἰσραὴλ
1156 3138 1378 3221 προσηγόρευον,

172 3259 325 3344 πῆπᾰὲιά
345 3258 466 3336 καὶτὰς
487 3261 561 3345 μετὰ
583 3262 671 3346 αὐτὴν
693 3263 723 3337 ς’
747 3261 856 3345 ἡμέρας
878 3259 976 3343 ἑορτὴν
998 3258 1122 3339 άζάμων.
1140 3299 1182 3310 -
1205 3261 1376 3326 Paschalis

174 3385 287 3440 autem
310 3377 375 3442 dici
402 3378 486 3442 ritus
514 3385 586 3442 erat
613 3378 747 3463 duplex.
794 3375 941 3440 Primum
968 3373 1102 3458 quidem
1129 3395 1235 3457 agnus
1262 3371 1378 3437 immo·

173 3495 323 3576 labatur,
351 3505 424 3562 tum
451 3505 561 3562 autem
591 3497 646 3562 bio
674 3519 779 3580 agnus
807 3517 883 3560 cum
909 3493 1035 3580 azymis
1063 3491 1176 3578 (niun)
1205 3499 1240 3558 et
1266 3491 1378 3556 herbis

175 3615 294 3680 amaris
317 3615 446 3712 (ω’χῆη)
471 3618 707 3682 comedebatur
730 3616 849 3701 (Exod.
871 3619 923 3693 12,
946 3619 963 3681 1
985 3615 1084 3698 sqq.).
1132 3613 1227 3676 Unde
1251 3611 1378 3676 factum

176 3743 239 3814 est,
259 3743 299 3800 ut
318 3737 482 3802 vocabulo
503 3735 604 3818 πάσχα
619 3745 796 3821 utrumque
812 3735 1065 3820 significaretur,
1084 3741 1119 3798 at
1135 3731 1377 3796 sacrificium

176 3855 291 3940 (Marc.
305 3861 357 3937 14,
370 3862 421 3922 12.
442 3857 527 3922 Luc.
540 3861 592 3937 22,
606 3859 635 3941 7)
652 3864 687 3921 et
703 3878 821 3921 coena
837 3856 974 3939 (Matth.
987 3859 1038 3933 26,
1053 3857 1091 3918 19
1107 3883 1139 3907 =
1154 3853 1258 3916 Marc.
1272 3856 1323 3930 14,
1336 3855 1377 3916 16

181 4005 213 4032 =
227 3977 309 4040 Luc.
322 3981 440 4057 22,13;
455 3969 504 4038 καὶ
515 3973 676 4057 ἡτοίμασαν
686 3972 721 4039 τὸ
731 3973 856 4060 πάσχα).
882 3975 993 4039 Coena
1006 3973 1094 4038 anim
1107 3979 1177 4038 arat
1190 3973 1253 4035 hoc
1266 3967 1378 4050 πάσχα,

263 4321 274 4355 ¹
290 4327 353 4387 vid.
369 4328 602 4400 Euersam,
621 4319 722 4384 recol.
739 4319 866 4382 Jalrtb.
884 4326 982 4398 1849,
998 4341 1028 4401 p.
1046 4321 1117 4380 255.
