2998 4972
101 417 115 479 1
128 417 220 469 22-24
1136 425 1199 486 207

100 585 141 658 είς
167 581 284 648 ἑαυτοῦ
307 582 418 659 πάθος
445 581 647 667 έβαπτίσατυ
670 577 864 667 ἢθάυατον
886 580 1115 668 ἤάνάστασιν
1129 583 1200 668 (ού-

100 685 178 749 δέπω
199 683 262 770 γάρ
276 681 378 750 οὐδέν
391 683 522 750 τούτων
542 683 713 769 ἐγεγόνει),
734 682 809 750 ἀλλ’
833 687 880 762 είς
899 685 1052 764 διάταξιν
1065 685 1197 771 ἑτέραν·

99 782 218 850 διὸκαὶ
239 782 298 850 ὑπ’
322 785 476 864 ἐξουσίας
495 783 578 870 μετά
593 787 631 851 τὸ
653 785 824 870 βάπτισμα
844 786 998 871 νηστεύει
1019 781 1064 863 ὑς
1084 788 1200 873 κύριος

96 883 256 952 Ἰωάννου·
279 883 297 951 6
315 887 353 953 δὲ
375 889 421 964 είς
442 885 502 952 τδν
527 885 638 952 αὑτοῦ·
651 887 805 954 θάνατον
824 887 1014 972 μυούμενος
1035 887 1200 975 πρότερον

99 984 214 1070 ὀφείλει
237 991 417 1074 νηστεῦσαι
445 987 501 1054 καὶ
529 988 604 1054 τότε
634 992 864 1074 βαπτισθῆναι
893 986 943 1074 Ιοὺ
969 988 1035 1074 γάρ
1067 991 1233 1056 δίκαιονσ

98 1087 149 1154 τδν
168 1090 378 1175 συνταφέντα
397 1089 455 1156 καλ
471 1090 730 1156 συναναστάυτα
744 1089 826 1175 παρ’
850 1088 957 1176 αύττΙν
974 1088 1038 1176 τιΙυ
1052 1090 1200 1157 άνάστα-

98 1207 146 1256 σιν
170 1197 353 1276 κατηφεῖν),
383 1188 424 1256 ού
451 1191 516 1276 γάρ
542 1191 659 1277 κύριος
684 1189 702 1256 6
725 1190 907 1278 ἄνθρωπος
934 1197 994 1278 τῆς
1022 1193 1201 1273 διατάξεως

97 1296 147 1377 τῆς
164 1297 222 1358 τοῦ
242 1295 405 1378 σωτῆρος·
437 1292 576 1377 ἐπείπερ
603 1289 621 1358 6
642 1293 705 1378 μέν
726 1293 906 1380 δεσπότης,
933 1291 952 1359 6
977 1293 1013 1359 δὲ
1040 1288 1198 1377 ὑπήκοος.

58 1395 103 1480 13Ι
123 1396 157 1458 αἱ
178 1395 213 1460 δὲ
242 1407 392 1480 νηστελαι
419 1391 515 1478 ὑμῶν
536 1392 580 1479 μὴ
610 1397 761 1460 έστωσαν
787 1394 869 1480 μετά
898 1399 967 1461 τῶν
995 1392 1199 1480 ὑποκριτῶν,

97 1497 286 1580 νηστεύονσι
300 1495 365 1582 γάρ
380 1497 398 1536 *
413 1497 554 1583 δευτέρᾳ
568 1497 748 1580 σαββάτων
763 1497 820 1563 καλ
841 1499 1003 1584 πέμπτην.
1047 1492 1142 1581 ὑμεῖς
1162 1496 1200 1562 δὲ
1221 1511 1252 1562 10

95 1593 114 1680 ἦ
133 1597 186 1676 τάς
202 1601 301 1664 πέντε
317 1595 520 1684 νηστεὺσατε
541 1595 676 1684 ἡμέρας,
697 1594 720 1682 ίΙ
733 1599 876 1684 τετράδα
892 1599 949 1665 καὶ
963 1597 1199 1684 παρασκευήν·

97 1696 197 1786 ὅτιτῇ
222 1701 287 1785 μὲν
314 1701 449 1786 τετράδι
476 1697 497 1784 τΙ
520 1704 630 1786 κρίσις
656 1700 800 1785 ἐξῆλθεν
824 1697 845 1784 ἡ
870 1698 955 1766 κατά
982 1703 1044 1766 τοῦ
1066 1691 1199 1785 κυρίου,

94 1797 189 1867 Ἰούδα
223 1801 393 1888 χρήμασιν
427 1799 712 1886 ἐπαγγειλαμένου
745 1800 808 1886 τήν
843 1804 1044 1886 προδοσίαν·
1086 1805 1128 1887 τῇ
1162 1801 1200 1866 δὲ

95 1907 300 1990 παρασκευῇ,
329 1901 379 1968 ὅτι
409 1905 538 1969 ἔπαθεν
569 1901 587 1971 6
614 1903 731 1989 κύριος
759 1902 797 1970 έν
830 1902 915 1990 αὐτῇ
944 1902 1118 1980 πάθοςτὸ
1144 1901 1200 1968 διά

95 2008 232 2091 σταυροῦ
254 2001 323 2070 ὑπὸ
351 2009 502 2071 Ποντίου
528 2007 690 2072 Πιλάτου.
735 2004 774 2071 τδ
802 2006 974 2090 σάββατον
1004 2006 1117 2090 μέντοι
1144 2003 1201 2070 καλ
1221 2017 1251 2070 ιο

95 2103 148 2190 τὴν
167 2103 336 2192 κυριακήν
357 2107 535 2191 ἑυρτάζετε,
560 2105 609 2174 ὅτι
628 2105 667 2174 τδ
688 2107 751 2191 μὲν
773 2107 992 2192 δημιουργίας
1007 2106 1099 2174 ἐστὶν
1115 2102 1201 2172 ὑπό-

94 2231 213 2292 μνημα,
242 2205 283 2273 τὸ
311 2209 348 2273 δὲ
376 2205 600 2286 ἀναστάσεως.
645 2211 683 2274 ἓν
701 2209 739 2274 δὲ
760 2208 866 2292 μόνον
888 2208 1060 2292 σάββατον
1080 2205 1161 2292 ὑμῖν
1183 2209 1200 2246 *

94 2310 278 2392 φυλακτέον
311 2311 350 2375 έν
378 2308 444 2398 ὄλφ
475 2313 523 2397 τῷ
555 2309 716 2398 ἐνιαυτῷ,
749 2308 787 2374 τδ
813 2313 870 2394 τῆς
905 2313 966 2374 τοῦ
992 2312 1115 2394 κυρίου
1141 2331 1201 2374 τα-

94 2410 162 2494 φῆς,
184 2411 267 2496 ὅπερ
290 2410 467 2495 νηστεύειν
488 2415 671 2497 προσῆκεν,
694 2407 768 2475 ἀλλ’
789 2407 850 2495 οὐχ
872 2410 1053 2495 ἑορτάζειν·
1078 2409 1117 2475 έν
1133 2408 1202 2497 ὄσφ

93 2509 184 2598 γάρὸ
203 2510 409 2600 δημιουργὸς
430 2509 497 2578 ὑπὸ
525 2516 591 2597 γῆν
612 2511 787 2596 τυγχάνει,
815 2510 1033 2599 ἰσχυρότερον
1058 2510 1097 2578 τὸ
1123 2512 1201 2595 περὶ
1218 2525 1252 2577 τι)

94 2610 189 2680 αὑτοῦ
226 2616 356 2690 πένθος
393 2617 452 2698 τῆς
485 2612 569 2679 κατά
598 2613 661 2699 τὴν
693 2615 918 2698 δημιουργίαν
948 2617 1067 2699 χαράς,
1083 2617 1085 2622 ’
1101 2611 1150 2678 ὅτι
1184 2611 1202 2678 6

92 2714 290 2803 δημιουργὸς
317 2719 386 2780 τοῖν
412 2713 535 2782 ἑαυτοῦ
551 2714 855 2800 δημιουργημάτων
876 2713 977 2800 φύσει
993 2738 1029 2782 τε
1050 2713 1107 2780 καί
1126 2713 1202 2802 detq
1219 2712 1231 2802 Ἰ

53 2822 84 2882 21
93 2817 289 2903 τιμιύτερος.
311 2819 315 2904 Ι
335 2815 416 2884 ὅταν
443 2817 480 2882 δὲ
508 2816 759 2902 προσεύχησθε,
792 2814 836 2901 μιΙ
863 2819 1003 2901 γίνεσθε
1029 2813 1142 2902 ὥσπερ
1170 2816 1205 2881 oc

91 2913 279 3005 ὑποκριταί,
304 2914 379 2984 άλλ’
406 2917 451 2996 οδς
478 2915 496 2984 6
523 2916 639 3006 κύριος
658 2915 739 3003 ἡμῖν
761 2918 799 2984 έν
820 2922 867 3006 τῷ
887 2915 1069 3004 εύαγγελίφ
1090 2916 1200 2982 διετά-

92 3020 178 3103 ξατο,
203 3018 311 3096 οὕτως
331 3020 562 3105 προσεύχεσθε
583 3020 697 3104 Πάτερ
718 3017 814 3105 ἡμων
838 3017 856 3084 δ
881 3021 919 3086 ἐν
942 3030 1012 3096 τοϊς
1032 3016 1202 3103 οὐρανοῖς,
1218 3033 1252 3084 25

91 3117 281 3206 ἁγιασθήτω
302 3118 341 3188 τδ
354 3119 460 3206 ’όνομά
473 3138 553 3188 σου·
579 3121 705 3188 έλθέτω
720 3118 741 3205 ἡ
758 3123 912 3206 βασιλεία
929 3137 1008 3185 σου·
1025 3118 1201 3210 γενηθήτω

91 3219 125 3286 τδ
145 3222 278 3309 θέλημά
307 3239 370 3288 σου
391 3247 436 3300 τις
465 3223 504 3288 ἐν
525 3221 660 3310 ούρανβ
682 3221 739 3286 καλ
761 3220 817 3288 έπλ
838 3221 894 3306 τῆς
915 3224 990 3306 γιΙς·
1019 3221 1079 3286 τὸν
1099 3219 1202 3305 ἄρτον

89 3317 179 3406 ἡμῶν
199 3329 218 3368 *
240 3321 302 3389 τὸν
322 3323 497 3392 ἐπιούσιον
514 3324 572 3402 δδς
590 3320 672 3410 ἡμῖν
693 3322 857 3410 σήμερον·
880 3323 936 3389 καλ
958 3322 1042 3409 ἄφες
1062 3319 1143 3408 ἡμῖν
1161 3320 1203 3388 τά

152 3481 168 3531 4
186 3481 259 3532 Rom
277 3479 304 3544 6,
322 3477 407 3546 3125
424 3481 513 3532 Matth
531 3481 556 3546 6,
575 3479 660 3533 9-13

90 3613 105 3664 3
121 3608 270 3682 νηστεύσει
288 3631 302 3665 τ
317 3615 321 3679 Ι
338 3616 353 3666 5
370 3609 433 3668 τότε
451 3621 523 3682 xyzt,
543 3605 616 3668 οὑτω
634 3633 657 3666 w
673 3615 677 3682 Ι
692 3618 709 3669 5
726 3613 926 3683 βαπτίσασθαι
943 3620 990 3680 yzt
1005 3617 1009 3680 Ι
1031 3614 1062 3665 10
1079 3608 1203 3682 τετράδα

89 3697 120 3765 -Ι-
135 3703 158 3750 Υ
173 3701 177 3764 Ι
194 3700 229 3752 10
246 3692 434 3774 νηστεύουσιν
450 3717 468 3752 x
483 3701 487 3766 Ι
506 3701 536 3753 10
554 3693 686 3767 ταββάτω
704 3717 718 3750 τ
734 3705 737 3766 Ι
755 3701 786 3752 10
803 3695 916 3766 πέμπτη
934 3706 981 3765 yzt
996 3699 1001 3766 Ι
1018 3699 1046 3750 11
1066 3716 1103 3766 νη
1114 3700 1149 3767 «Ι-
1158 3717 1177 3765 y
1197 3707 1200 3768 Ι

93 3777 271 3851 11τετράδηι
283 3801 307 3834 w
322 3784 326 3850 Ι
343 3785 375 3836 12
385 3783 478 3850 κρίσις
491 3777 615 3852 ἐξῆλθεν
624 3791 686 3847 th,
700 3780 801 3850 μελέτη
814 3781 932 3852 γέγονεν
943 3799 976 3848 γτ
992 3783 996 3850 Ι
1013 3784 1092 3836 1314
1105 3779 1204 3854 τηνδὶ

89 3863 274 3934 παρασκευὴν
287 3875 298 3920 t
313 3874 317 3930 Ι
334 3870 365 3920 14
378 3864 476 3930 πάθος
488 3877 551 3936 post
563 3867 686 3936 σταυροῦ
700 3870 761 3934 15η
778 3876 807 3920 et
820 3885 836 3920 τ
849 3875 1003 3920 correctore
1016 3885 1030 3918 τ
1046 3868 1051 3935 Ι
1068 3871 1099 3920 15
1116 3863 1203 3935 σάβα-

89 3968 136 4004 τον
153 3956 175 4004 Υ
191 3954 195 4018 Ι
214 3953 246 4006 17
264 3946 296 4004 τὸ
315 3970 400 4020 ssya,
419 3946 437 4021 ἡ
456 3960 468 4005 t
487 3955 490 4018 Ι
512 3955 542 4006 17
560 3947 632 4022 ἡμῖν
644 3947 788 4020 σάββατον
798 3970 832 4019 γε
848 3952 852 4020 Ι
870 3954 901 4005 15
918 3948 1015 4020 μέντοι
1093 3953 1122 4004 17
1135 3947 1202 4018 σάβ-

89 4035 175 4102 βατον
186 4039 336 4105 repetitum
347 4037 407 4105 -Ι-τ
423 4041 428 4105 Ι
445 4039 476 4090 13
494 4027 697 4104 φαλακτέωνΧ
713 4037 718 4105 Ι
735 4037 765 4088 18
783 4031 878 4102 τὸιτλ,
896 4037 946 4090 τῶι
959 4055 992 4098 w,
1011 4037 1073 4101 >y
1088 4041 1093 4101 Ι
1108 4035 1140 4086 21
1154 4034 1204 4103 δη-

89 4122 253 4188 μηουργίαν
270 4129 283 4173 ι
303 4127 306 4189 Ι
326 4123 359 4175 23
376 4118 536 4190 τιμιάτερος
552 4125 589 4186 xl
608 4123 641 4176 23
658 4114 854 4189 προσεύχεσθε
872 4140 886 4174 ε
907 4123 911 4186 Ι
930 4123 963 4174 23
980 4111 1073 4184 ὥσπερ
1091 4137 1147 4183 wx,
1165 4111 1204 4178 άς

88 4213 134 4268 γει
153 4211 157 4256 Ι
178 4207 223 4259 23.
236 4210 268 4258 21
287 4201 454 4273 σίτοκριταί
469 4211 510 4260 ita
528 4215 698 4260 contractum
716 4206 750 4272 τΙ
771 4209 804 4258 ²5
822 4195 895 4260 οὑτω
910 4211 959 4271 γτ1
977 4205 982 4268 Ι
1001 4206 1034 4256 25
1052 4201 1203 4270 προσεύχε-

89 4290 159 4342 σθαι
176 4308 195 4356 y
216 4291 221 4356 Ι
240 4292 274 4344 26
292 4284 401 4360 έλθέτμ
419 4299 448 4344 et
464 4285 616 4360 γενηθητφ
632 4309 650 4357 γ
673 4293 678 4355 Ι
703 4293 735 4341 ’27
754 4284 805 4342 τὸν
822 4281 910 4356 άρτον
975 4305 993 4355 p
1010 4288 1074 4352 208,
1091 4291 1107 4338 4
1125 4278 1204 4356 ὑμήν

88 4373 120 4434 >
137 4391 176 4436 w,
202 4377 372 4428 substituens
393 4375 442 4428 ταὶ
459 4371 494 4429 τά
513 4369 580 4444 ε’ξῆς
598 4380 603 4444 Ι
623 4377 657 4429 28
673 4375 736 4442 μοῖν
751 4374 785 4441 Ι-
802 4381 814 4424 t
