3128 4972
667 461 880 521 ...14-

173 630 236 692 hoc
255 626 409 707 efficitur,
431 635 604 713 utramque
624 635 751 712 partem
767 627 905 691 eandem
922 649 1058 691 coenam
1074 626 1270 690 dominicam
1289 627 1375 691 cele-

172 747 296 826 brasse,
321 769 427 832 neque
451 748 492 813 ab
516 747 555 812 iis
580 755 742 812 certatum
766 769 855 826 esse,
872 746 936 810 nisi
952 747 992 810 dc
1009 746 1072 824 die,
1092 769 1156 830 quo
1172 748 1235 810 hoc
1252 745 1375 811 facien*-

173 867 250 931 dum
275 875 374 932 esset.
422 867 479 932 Sin
502 875 614 932 autem
637 866 710 951 quis
733 867 834 946 dicat,
860 867 953 930 nullo
977 866 1074 930 modo
1098 866 1241 930 Asianos
1267 888 1376 929 sacra-

172 993 321 1051 mentum
359 987 680 1052 resurrectionis
719 987 885 1051 celebrare
930 986 1098 1070 potuisse,
1139 1008 1213 1050 cum
1257 995 1374 1069 quarto

174 1105 301 1171 decimo
324 1106 377 1170 die
400 1109 522 1192 pascha
546 1130 638 1170 suum
665 1107 857 1185 habuerint,
888 1129 952 1190 quo
977 1105 1109 1189 quidem
1137 1105 1189 1169 dic
1212 1105 1375 1170 Dominus

174 1235 231 1289 sut
254 1225 407 1290 ultimam
431 1247 566 1291 coenam
591 1226 697 1311 egerit
719 1234 778 1290 aut
799 1225 887 1290 cruci
906 1225 1025 1289 affixus
1042 1225 1096 1304 sit,
1115 1224 1247 1290 minime
1264 1234 1376 1289 autem

174 1345 403 1426 resurrexerit,
429 1368 524 1425 sane,
556 1346 756 1431 respondeo,
787 1345 1108 1410 resurrectionis
1132 1353 1376 1409 sacramentum

174 1467 237 1530 hoc
261 1465 313 1530 die
337 1465 566 1531 administrare
589 1489 656 1531 non
678 1473 844 1550 poterant.
892 1466 956 1530 Sed
980 1467 1042 1529 hoc
1072 1487 1177 1549 neque
1206 1487 1268 1549 ego
1298 1487 1375 1529 con·

174 1586 266 1650 tendi
304 1608 409 1669 neque
449 1586 569 1684 verbis¹
593 1585 730 1651 Eusebii
767 1585 865 1650 inest.
927 1584 1030 1669 Cujus
1068 1607 1108 1649 ex
1145 1585 1254 1649 verbis
1292 1585 1374 1648 nihil

174 1706 265 1771 aliud
301 1705 461 1786 efficitur,
498 1707 561 1770 nisi
600 1707 741 1771 Asianos
780 1706 895 1770 eodem
933 1729 996 1789 quo
1035 1705 1239 1769 adversarios
1277 1705 1374 1768 modo

174 1827 319 1911 ipsorum
354 1827 407 1890 die
441 1826 589 1910 paschali
627 1847 762 1890 coenam
800 1825 998 1889 dominicam
1037 1825 1239 1902 celebrasse3
1278 1847 1374 1908 qnam

176 1967 310 2010 coenam
334 1945 573 2022 occidentales,
605 1945 724 2028 quippe
748 1945 803 2027 qui
827 1966 898 2008 eam
922 1943 1170 2008 resurrectionis
1195 1943 1246 2008 die
1276 1946 1377 2009 habe-

174 2073 260 2144 rent,
282 2063 794 2128 sacramentumresurrectionis
815 2063 1078 2142 nominaverunt,
1099 2065 1161 2126 hoc
1178 2065 1311 2128 nomine
1328 2064 1376 2128 iu·

175 2183 339 2262 dicantes,
365 2207 460 2266 quarn
485 2183 633 2268 ineptum
658 2191 761 2261 esset,
791 2184 876 2247 hanc
900 2205 1035 2246 coenam
1059 2183 1123 2247 alio
1148 2192 1247 2268 atque
1270 2206 1376 2270 resur-

174 2302 330 2367 rectionis
354 2303 406 2368 die
427 2303 666 2366 administrare.
684 2342 725 2351 -
750 2303 812 2367 Die
829 2311 939 2367 sutem
956 2311 1073 2387 quarto
1091 2303 1217 2368 decimo
1235 2303 1377 2368 Asianos

175 2425 259 2486 hanc
284 2445 419 2488 coenam
440 2424 635 2502 celebrasse,
656 2423 770 2507 negari
786 2445 851 2488 non
868 2431 992 2508 potest.
1018 2425 1106 2486 Nam
1122 2423 1209 2486 sicut
1225 2422 1376 2487 occiden-

174 2543 259 2606 tales
285 2542 337 2607 die
361 2543 524 2607 dominica
542 2543 669 2627 jejunio
693 2544 803 2606 soluto
828 2566 952 2608 sacram
979 2566 1114 2607 coenam
1143 2542 1375 2622 instituebant,

175 2663 222 2726 ita
235 2663 374 2727 Asianos
391 2669 508 2747 quarto
526 2663 652 2727 decimo
670 2662 722 2727 die
733 2663 860 2746 jejunio
878 2664 987 2726 soluto
1005 2664 1090 2726 hanc
1107 2685 1242 2726 coenam
1256 2663 1377 2726 obiisse

169 2785 239 2866 jam
270 2782 423 2866 analogia
450 2783 619 2868 probatur.
671 2784 754 2846 Rem
784 2791 894 2845 autem
923 2781 1073 2865 profecto
1103 2781 1150 2845 ita
1177 2803 1211 2845 se
1241 2783 1374 2860 habere,

175 2902 361 2986 Polycratis
385 2901 526 2986 epistola
549 2902 590 2965 ad
615 2901 783 2965 Victorem
810 2901 905 2964 data¹
934 2902 1162 2978 confirmatur,
1192 2923 1274 2984 quse
1302 2909 1376 2964 tota

175 3029 324 3086 versatur
361 3022 394 3085 in
431 3021 689 3085 commendanda
727 3020 835 3103 quarti
873 3019 992 3083 decimi
1029 3019 1093 3083 diei
1131 3018 1373 3082 observatione.

173 3143 347 3226 Nusquam
371 3142 411 3206 de
435 3140 499 3205 aiio
529 3140 593 3204 nisi
621 3141 661 3204 de
690 3142 752 3203 hoc
783 3138 834 3202 die
864 3138 1022 3222 loquitur.
1069 3139 1165 3201 Hunc
1195 3137 1298 3216 diem,
1329 3137 1375 3200 ait

173 3262 378 3345 Polycrates,
404 3263 563 3325 cJoanne
587 3260 738 3344 apostolo
763 3258 900 3342 aliisque
924 3257 1001 3322 viris
1026 3257 1149 3321 sanctis
1173 3279 1244 3320 esse
1263 3259 1375 3322 obser-

173 3389 303 3458 vatum;
335 3380 476 3444 eundem
505 3401 539 3443 se
569 3381 676 3464 ipsum
709 3401 838 3462 semper
869 3380 1131 3443 observaturum.
1179 3377 1242 3441 Hic
1273 3377 1377 3462 igitur

174 3500 243 3563 dies
267 3521 379 3564 revers
403 3507 473 3564 erat
498 3499 692 3564 Asianorum
718 3499 787 3563 dies
811 3498 993 3582 paschaiiS‚
1024 3522 1086 3582 quo
1107 3497 1234 3582 jejunio
1265 3499 1375 3562 soluto

175 3641 299 3684 sacram
324 3643 460 3684 coenam
486 3619 730 3684 celebrabaut².

262 3911 271 3943 ¹
289 3917 400 3976 ausen.
418 3919 459 3974 H.
477 3918 512 3974 n.
530 3917 566 3988 r,
584 3919 633 3975 cs.

261 3997 374 4061 ’Idem
398 4003 592 4060 confirmatur
615 4001 712 4061 verbis
731 4001 914 4058 Erlrnann
940 4000 1052 4058 diserte
1080 4001 1222 4073 dicentis,
1250 4002 1377 4060 Asianos

175 4093 283 4164 quarto
299 4089 415 4147 decimo
432 4089 480 4146 die
496 4107 620 4146 coenam
639 4087 821 4146 dominicam
840 4085 1077 4158 administrasse,
1099 4089 1179 4146 haer.
1198 4092 1252 4158 50,
1271 4090 1303 4145 1:
1324 4083 1376 4147 ἔτι·

174 4196 216 4250 ιιοι
231 4167 260 4231 di
274 4170 304 4246 ἐξ
320 4172 414 4236 αἰτῶι
428 4169 479 4253 τὴν
494 4169 581 4254 αὐτὴν
599 4173 666 4252 μιίιν
685 4168 790 4252 nitebar
810 4167 924 4252 ιῖγιιιτις
943 4166 990 4232 καὶ
1009 4169 1060 4252 τὴν
1080 4169 1166 4252 αὐτὴν
1185 4172 1253 4251 μίαν
1273 4168 1377 4250 ἡμέραν

174 4255 350 4336 νηστεύοντες
364 4253 422 4320 καὶ
439 4257 481 4320 τὰ
494 4257 671 4340 μυστήρια
686 4257 932 4326 ἐπιτελοῦντες
947 4264 1004 4316 etc.
1029 4261 1095 4331 Quo
1112 4259 1177 4316 loco
1191 4255 1228 4318 τὰ
1239 4253 1376 4336 μυστήρια

176 4346 334 4423 praecipue
351 4365 474 4404 coenam
492 4347 673 4406 dominicam
689 4345 857 4421 significare
873 4346 940 4422 quis
957 4345 1070 4422 estqui
1087 4344 1243 4420 negaverit
1250 4342 1264 4402 ’ἒ
