3052 4974
111 405 251 471 ιον-ν
1193 417 1234 480 τε

112 567 193 637 οῦδὲ
215 569 463 655 παρατηρήσεις
484 568 589 636 αύτοῦ
613 569 675 655 την
703 573 917 654 οἰκονομίαν,
946 575 1016 648 ποῦς
1044 573 1190 642 ἐπιτελεῖ
1211 571 1236 660 ἢ

111 672 195 738 τότε
217 667 242 755 ἤ
262 675 352 738 τίσιν
372 666 395 755 ἤ
416 672 483 738 ποῦ
506 667 529 756 ἢ
550 675 582 738 εἰ
601 667 754 756 καλῦςῆ
779 673 917 758 φαύλως
937 669 961 757 ἦ
980 673 1139 751 δεόντως·
1168 679 1234 762 ἔχει

110 773 178 860 γὰρ
200 773 361 857 λογιστην
380 772 501 858 κύριον
518 771 577 838 τὸν
590 777 676 840 θεὸν
697 771 757 838 τὸν
779 776 1010 858 ἑγχειρίσαντα
1026 778 1073 853 εἰς
1089 776 1148 854 τὰς
1165 790 1235 862 χεί-

112 901 175 958 ρας
194 871 301 942 αὐτοῦ
321 873 384 958 τήν
404 877 601 958 οἰκονομίαν
624 874 751 959 ταύτην
776 874 834 941 καί
856 875 1107 956 καταξιώσαντα
1130 874 1235 946 αὐτὸν

56 985 102 1045 36
112 982 173 1061 τῆς
198 977 383 1062 ἱερωσύνης
407 981 468 1044 τοῦ
493 975 694 1061 τηλικούτου
714 975 831 1042 τόπον.
852 978 856 1064 1
876 977 942 1064 πρὸ
968 974 1157 1063 ὀφθαλμῶν
1181 983 1268 1066 ἔχες

110 1077 174 1145 τδν
188 1082 251 1144 τοῦ
264 1081 349 1144 θεοῦ
365 1079 476 1162 φόβον
491 1078 652 1161 πάντοτε,
672 1077 881 1163 μεμνημένος
896 1083 965 1145 νῦν
978 1079 1060 1144 δέκα
1074 1084 1136 1146 τοῦ
1148 1083 1235 1146 θεοῦ

112 1184 254 1264 λογίαν·
277 1178 415 1263 ἀγαπᾶν
432 1180 553 1263 κύριον
568 1177 627 1244 τὸν
645 1177 732 1244 θεὸν
747 1178 806 1244 τὸν
821 1178 882 1244 ἕνα
898 1179 955 1245 καί
970 1180 1079 1264 μόνον
1100 1181 1136 1261 έξ
1157 1181 1235 1266 ὅλης

111 1287 172 1365 τῆς
187 1281 302 1366 ἰσχύος
316 1297 396 1364 σου,
419 1279 464 1366 μὴ
480 1283 701 1367 προσανέχειν
720 1279 871 1357 εἰδώλοις
890 1279 1015 1366 ἥτισιν
1030 1281 1170 1367 ἑτέροις,
1190 1279 1235 1361 ῦς

110 1389 208 1460 θεοῖς
223 1380 393 1465 *ἀψύχοις
405 1377 429 1466 ἢ
443 1378 611 1468 ἅλόγοιςῆ
625 1385 792 1468 δαίμοσιν.
820 1386 966 1466 γίνωσκε
979 1385 1234 1470 *δημιουργίαν

110 1485 199 1554 θεοῦ
219 1484 405 1568 διάφορον,
430 1482 537 1569 ἀρχὴν
563 1489 737 1569 λαβοῦσαν
756 1482 813 1548 διὰ
838 1488 991 1569 χριστοῦ·
1026 1487 1084 1550 καί
1104 1489 1233 1570 σαββα-
1252 1519 1284 1570 10

111 1599 194 1662 τιείς
217 1584 274 1651 διὰ
297 1584 357 1652 τὸν
376 1587 597 1671 παυσάμενον
617 1588 680 1673 μέν
703 1590 764 1652 τοῦ
785 1598 913 1670 ποιεῖν,
943 1584 987 1671 μή
1014 1587 1234 1670 παυσάμενον

111 1689 150 1754 δὲ
179 1691 241 1754 τοῦ
270 1699 447 1774 προνοεῖν,
475 1686 707 1773 σαββατισμόν
726 1689 863 1772 μελέτης
888 1687 1021 1773 νόμον,
1050 1685 1091 1754 οὐ
1111 1694 1234 1775 χειρῶν

112 1789 247 1874 ἀργίαν.
288 1792 401 1854 πᾶσαν
429 1792 574 1873 έκνομον
599 1789 786 1874 έπνθυμίαν
808 1788 956 1872 ἅπασαι,
984 1795 1098 1858 πᾶσαν
1123 1792 1235 1876 λύμην

112 1897 175 1975 τήν
196 1889 254 1958 ἐπὶ
278 1891 455 1978 διαφθορᾷ
476 1890 690 1976 ἀνθρώπων,
719 1895 832 1958 πᾶσαν
856 1890 972 1978 ὀργήν.
1022 1903 1135 1976 γονεῖς
1155 1897 1234 1977 τίμα

111 1989 156 2069 ῦς
175 1995 306 2068 αἰτίους
317 1993 490 2076 γενέσεως.
528 1991 642 2077 οἰγοίπα
662 1991 723 2060 τὸν
737 1996 914 2079 πλησίον*
933 1991 978 2072 ῦς
994 1993 1126 2063 ἑαυτόν.
1160 2017 1232 2060 κοι-
1251 2029 1282 2080 15

114 2094 215 2160 νεόνει
235 2098 315 2179 βίον
335 2107 405 2172 τολς
431 2095 612 2179 δεομένοις.
652 2097 829 2181 ἐπιορκίαν
857 2096 913 2164 καί
935 2100 1143 2182 πολνορκίαν
1168 2097 1233 2180 μοί-

111 2219 209 2263 ταιον
223 2199 345 2281 φεῦγε·
364 2195 405 2262 οῦ
420 2195 485 2281 γὰρ
500 2196 705 2282 ἀθωωθήση.
732 2197 776 2282 μη
793 2195 904 2282 ὀφθῇς
915 2196 1006 2288 παρὰ
1021 2210 1090 2273 τοίς
1108 2199 1233 2284 ἱερεῦσι

109 2298 227 2376 κενός,
250 2298 308 2366 καί
327 2297 366 2364 τοὶ
383 2299 520 2366 έκούσιοί
535 2317 600 2366 σου
615 2298 831 2384 ένδελεχιζων
851 2299 1022 2384 πρόσφερε
1040 2301 1075 2382 *,
1103 2299 1233 2383 καὶτῆς

109 2404 253 2486 ηριστοῦ
274 2401 454 2484 ἐκκλησίας
471 2399 515 2484 μη
539 2399 743 2484 ἀπολείποο,
765 2399 940 2487 Ᾰόρθρίζων
968 2403 1015 2478 εἰς
1040 2399 1148 2486 αύτήν
1167 2399 1233 2485 πρὸ

110 2500 240 2579 παιαός
257 2505 375 2586 ἔργον,
401 2500 458 2568 καὶ
472 2503 574 2568 πάλιν
591 2502 733 2589 ἑσπέρας
749 2505 796 2580 εἰς
815 2500 923 2585 αὐτὴν
942 2500 1076 2573 ἀπάντα
1097 2499 1232 2588 εῦγαρι-
1248 2537 1283 2588 20

110 2609 204 2672 στῦν
218 2607 267 2690 τῷ
283 2607 356 2690 θεῷ
373 2599 458 2689 ὑπὲρ
474 2591 523 2669 ὧν
543 2621 596 2669 σοι
615 2603 678 2688 την
695 2603 781 2690 ξοην
800 2604 1001 2690 κεχάρισται.
1046 2605 1232 2691 έργοπόνει,

111 2706 313 2791 ἑνδελέχιζε,
340 2709 459 2789 κοπία,
482 2705 654 2791 πρόσφερε
678 2710 786 2794 κυρίῳ
807 2705 847 2772 τῦ
876 2706 1012 2774 ἑκούσιαί
1037 2725 1117 2774 σου·
1154 2713 1232 2791 τίμα

109 2808 196 2891 γάρ,
224 2811 326 2892 φησί,
351 2805 412 2874 τὸν
436 2808 558 2894 κύριον
585 2806 651 2874 ἀπὸ
674 2811 745 2874 σῦν
770 2811 913 2876 δικαίων
936 2811 1062 2878 πόνων.
1103 2813 1150 2888 εἰς
1172 2807 1232 2876 τδν

180 3001 214 3050 22
231 2999 304 3050 Ρτοτ
321 2997 346 3062 3,
365 2999 382 3044 11

112 3185 123 3236 1
146 3179 354 3253 παρατηρήσης
372 3186 415 3249 w!
432 3187 443 3238 l
463 3179 518 3254 τὴν
535 3181 705 3253 οἰκονομίαν
723 3183 813 3238 αὐτοῦ
830 3193 878 3251 yzt
892 3187 928 3250 12
947 3183 974 3238 εἰ
989 3193 1049 3252 yzt,
1073 3186 1107 3248 >
1125 3202 1162 3248 w,
1182 3183 1231 3237 καὶ

110 3289 127 3320 x
144 3271 180 3334 12
201 3267 312 3336 φαῦλος
328 3288 354 3330 x,
374 3267 475 3336 φαῦλοι
492 3289 510 3336 y
526 3272 561 3337 12
581 3265 696 3330 δεῦντος
713 3271 782 3337 yl4
800 3264 999 3334 καταξιώσατα
1018 3271 1051 3322 W
1068 3269 1104 3338 15
1122 3265 1231 3335 ἰεροσύ-

110 3371 165 3422 της
183 3371 207 3404 w
223 3357 259 3416 15
276 3348 354 3407 τύποι
371 3357 406 3408 W
426 3358 431 3419 Ι
450 3356 468 3406 6
485 3350 535 3408 τὸν
551 3357 586 3420 >
604 3373 617 3406 π
637 3358 642 3420 1
662 3357 679 3406 6
697 3356 806 3421 virgula
828 3363 890 3422 post
912 3349 1035 3410 πάντοτε
1053 3373 1141 3422 νιγτ,
1166 3365 1231 3408 anto

110 3433 238 3492 ια’κτοτε
257 3447 268 3489 1
287 3439 291 3504 Ι
311 3441 327 3490 7
345 3431 445 3505 α’γιίπα
462 3458 495 3507 γε
516 3438 521 3508 1
541 3442 555 3491 7
574 3458 642 3508 seqq
665 3443 693 3492 in
711 3443 836 3507 margine
853 3459 871 3506 y
889 3444 1010 3494 numeris
1027 3459 1092 3493 α-ι
1110 3443 1230 3508 singulo-

110 3541 171 3578 rum
183 3531 394 3591 praeceptorum
412 3527 500 3592 prima
518 3527 603 3578 verba
621 3527 825 3592 distinguuntur
839 3526 875 3592 18
891 3542 943 3580 σου
960 3529 994 3591 >
1010 3534 1058 3592 γτ1
1073 3526 1108 3592 18
1125 3542 1231 3592 προσοι-

111 3605 205 3676 τέγιοτ
220 3625 256 3674 yz
272 3609 308 3674 18
326 3603 449 3671 είδόλοις
467 3628 491 3660 w
507 3611 543 3676 18
560 3600 580 3679 ἦ
598 3625 673 3662 τισιν
691 3603 798 3676 ἑτέροις
814 3612 849 3676 >
866 3629 889 3664 ιι
911 3616 916 3673 1
935 3615 952 3662 11
968 3600 988 3679 ἦ
1006 3605 1113 3678 ἑτέροις
1130 3612 1163 3679 -1-
1181 3630 1203 3662 w
1224 3615 1228 3681 1

110 3684 251 3760 odiam
269 3697 303 3746 w
324 3695 328 3760 ι
347 3695 364 3746 ο
383 3695 501 3762 &acm
520 3712 577 3759 ομ
598 3695 604 3761 ι
622 3697 639 3745 ο
657 3682 710 3746 οὖν
726 3696 760 3762 ÷
777 3713 801 3746 w
823 3695 827 3764 1
848 3697 864 3746 ο
888 3696 1096 3764 δημιουργίαι
1118 3713 1155 3760 w,
1181 3696 1230 3763 οη-

110 3777 278 3845 μηονργίοιν
297 3781 330 3838 Υ.
351 3779 568 3847 διμιονργίοινι
589 3781 594 3840 1
616 3781 645 3832 11
665 3779 716 3831 τοῦ
733 3784 842 3846 wazt,
865 3782 949 3834 τοῦτο
966 3782 1050 3850 γ111
1069 3775 1108 3849 μη
1127 3799 1177 3846 τοι,
1197 3774 1232 3835 ού

109 3871 159 3928 ,ντί
178 3861 184 3931 1
205 3865 237 3914 12
256 3858 346 3932 νόμον
363 3867 402 3916 Υτ
422 3867 427 3929 1
449 3865 480 3916 11
499 3863 626 3931 διαφορῦ
645 3882 676 3930 y,
697 3863 865 3931 διαφθορᾶς
884 3874 895 3918 t
913 3868 918 3934 1
940 3868 971 3918 15
989 3882 1041 3919 σον
1057 3869 1090 3935 -1-
1107 3875 1155 3932 yzt
1174 3871 1178 3933 1
1201 3869 1231 3918 11)

109 3943 236 4002 σεαντύτ
256 3955 288 4012 yt
310 3941 344 4018 (ὁ
368 3951 401 4016 y)
428 3953 432 4018 1
458 3950 498 4002 16.
519 3951 550 4002 17
568 3948 696 4016 ματαίαν
712 3967 746 4013 yz
775 3951 779 4013 Ι
812 3951 842 4000 17
867 3943 1043 4020 α’θοιαθήσει
1066 3970 1105 4017 w,
1134 3942 1230 4005 οἶθοω-

110 4027 243 4099 θήσηπΙ
260 4033 290 4084 17
310 4023 417 4100 ὀφθείς
435 4051 458 4086 w
480 4036 484 4097 1
504 4035 536 4086 18
554 4049 606 4086 σον
623 4039 700 4100 xyzt,
719 4029 772 4086 οῦκ
790 4053 814 4086 w
833 4039 838 4101 1
861 4038 891 4088 18
908 4037 1009 4103 ιινρίοιι
1026 4037 1059 4104 -1-
1077 4039 1120 4101 w}
1138 4037 1168 4088 19
1187 4027 1230 4087 έκ-

111 4117 225 4178 τλασίας
243 4136 268 4168 w
287 4120 292 4184 Ι
314 4119 345 4172 19
367 4109 586 4185 ύκοίιιμαύνου
604 4137 642 4186 w,
665 4111 841 4172 ύπολίπονί
865 4129 870 4182 1
896 4123 930 4172 20
947 4120 1098 4186 κα1>γτ
1119 4124 1123 4186 1
1143 4120 1173 4170 21
1193 4120 1231 4185 τιμ·

109 4197 485 4270 >γτ1122πρόσφεραινι
501 4208 506 4270 1
525 4206 558 4257 23
571 4203 702 4272 φησίνιι,
716 4209 757 4272 φη
770 4223 794 4256 w
809 4206 814 4270 Ι
829 4207 862 4258 23
876 4208 911 4259 fin
925 4199 1163 4273 -ρ64,1ιίιίς
1180 4197 1232 4256 τὸν

110 4287 263 4353 κορβατῦτ
280 4279 315 4340 οῦ
332 4281 456 4341 δύνασαι
475 4283 592 4355 βάλλειν
613 4285 670 4342 κοῖκ
687 4286 819 4342 κοινώνει
837 4298 864 4354 t,
889 4292 938 4342 sed
960 4293 1033 4342 idem
1056 4292 1085 4340 in
1105 4293 1230 4356 margine

111 4363 144 4420 έν
161 4361 239 4422 ἄλλα
258 4370 300 4430 εἰς
319 4366 368 4424 τὸν
386 4373 534 4439 κορβανᾶν
551 4364 692 4428 ὃδύνασαι
710 4370 832 4442 βάλλων,
851 4371 982 4428 κοινώνει
