3160 4976
122 379 171 450 26

124 558 331 639 ἀφορίσαντος
354 560 462 636 αὐτόν,
487 560 514 620 εί
534 564 577 642 μὴ
600 559 638 619 ἂν
659 563 739 622 κατὰ
762 564 928 644 συγκυρίαν
952 558 1114 642 τελευτήσῃ
1131 561 1147 622 ό
1165 559 1315 646 ἀφορίσας

127 663 218 722 αὐτόν
235 663 429 735 ἐπίσκοποςίι

75 767 111 847 λγ
125 767 250 840 Μηδένα
287 780 348 832 τῶν
385 767 477 845 ξένων
508 775 676 836 ἐπισκόπων
706 778 725 845 ἦ
758 772 974 859 πρεσβυτέρων
1006 779 1025 846 ἢ
1059 773 1206 837 διακόνων
1242 775 1315 834 ἄνευ

128 887 316 940 συστατικῶν
349 878 593 965 προσδέχεσθαι.
625 887 675 943 καί
702 884 924 968 ἐπιφερομένων
948 880 980 944 δέ
1007 883 1129 958 αὐτῶν,
1161 883 1316 966 ἀνακρινί-

128 984 270 1048 σθωοαν.
296 992 347 1047 καί
363 989 416 1048 έοίν
432 993 487 1070 μὲν
513 988 568 1050 ώοι
590 995 717 1074 κήρυκες
740 1001 796 1061 τῆς
816 987 991 1071 εὐσεβείας,
1017 987 1313 1072 προσδεχέσθωοαν·
1350 1005 1365 1042 ο

126 1095 152 1154 εί
174 1092 206 1154 δέ
230 1099 321 1176 μήγε,
344 1099 383 1154 τοὶ
408 1100 484 1178 πρὸς
508 1100 567 1167 τὰς
588 1103 698 1181 χρείας
715 1099 820 1169 αὐτοῖς
841 1098 1124 1182 ἐπιχορηγήσαντες
1144 1099 1192 1168 είς·
1210 1117 1315 1157 κοινω-

126 1206 192 1261 νίαν
210 1203 321 1270 αὐτοὺς
339 1207 380 1283 μή
396 1198 616 1286 προσδέξησθε.
641 1203 737 1268 πολλὰ
759 1209 822 1290 γὰρ
845 1210 925 1266 κατὰ
949 1211 1151 1290 σνναρπαγὴν
1169 1197 1317 1288 γίνεται.β

72 1303 110 1365 λδ
126 1311 207 1378 Τοὺς
228 1310 409 1379 ἐπισκόπους
430 1312 559 1372 έκοίοτου
581 1312 694 1382 ἔθνους
716 1310 827 1372 είδέναι
849 1319 910 1397 χρὴ
933 1315 983 1374 τὸν
1009 1315 1039 1374 ἐν
1062 1316 1168 1383 αὐτοῖς
1196 1319 1316 1396 πρῶτον

125 1422 174 1476 καί
197 1415 347 1500 ἡγεῖσθαι
368 1419 460 1478 αὐτόν
483 1421 527 1488 ώς
549 1417 681 1504 κεφαλὴν
703 1426 752 1480 καί
769 1417 864 1500 μηδέν
885 1443 913 1481 τι
930 1424 1074 1506 πράττειν
1090 1423 1226 1505 περιττόν
1244 1419 1316 1479 ἀνευ

126 1534 182 1594 τῆς
204 1527 315 1585 ἐκείνου
337 1528 482 1608 γνώμης,
508 1529 605 1587 ἐκεῖνα
630 1526 662 1589 δέ
685 1529 763 1607 μόνα
786 1531 930 1612 πράττειν
951 1530 1077 1589 ἕκαστον
1095 1530 1151 1588 ὅσα
1170 1539 1206 1606 τῇ
1224 1528 1317 1587 αὐτοῦ
1338 1539 1366 1576 ¹⁰

126 1632 270 1716 παροικίᾳ
291 1631 448 1715 ἐπιβάλλει
473 1635 524 1694 καί
551 1642 620 1704 ταῖς
650 1633 701 1695 ὑπ’
727 1635 822 1704 αὐτὴν
845 1637 976 1721 χώραις.
1002 1633 1080 1698 ἀλλὰ
1104 1633 1183 1716 μηδὲ
1208 1637 1317 1704 ἐκεῖνος

126 1742 199 1800 ἄνευ
222 1751 278 1811 τῆς
299 1745 421 1802 πάντων
444 1745 573 1825 γνώμης
593 1741 714 1802 ποιείτω
735 1762 773 1803 τι.
805 1745 903 1814 οὕτως
922 1748 985 1828 γὰρ
1009 1745 1133 1824 ὁμόνοια
1158 1743 1243 1803 ἔσται
1267 1745 1318 1801 καί

127 1844 356 1921 δοξασθήσεται
381 1851 396 1910 δ
417 1849 494 1920 θεὸς
516 1847 567 1910 διὰ
587 1858 641 1910 τοῦ
657 1855 759 1934 κυρίου
776 1850 806 1910 έν
824 1851 903 1934 ἁγίῳ
921 1856 1068 1932 πνεύματι
1083 1895 1092 1927 ,
1118 1851 1133 1912 ό
1150 1855 1250 1933 πατὴρ
1267 1853 1318 1909 καί

126 1958 142 2017 ό
159 1959 223 2027 νίός
238 1961 289 2017 καί
304 1959 338 2017 τό
363 1959 450 2039 ἅγιον
475 1965 632 2038 πνεῦμαῐ

262 2064 334 2147 Περί
350 2069 600 2147 χειροτονούντων
618 2059 675 2137 ἐξω
692 2075 749 2135 τῆς
765 2066 883 2127 ἑαυτῶν
899 2067 1030 2150 ένορίας.
1340 2075 1367 2113 ¹⁵

72 2161 108 2220 λε
218 2171 400 2232 Ἐπίσκοπον
412 2178 454 2252 μὴ
468 2170 582 2251 τολμᾶν
596 2167 653 2244 ἔξω
666 2181 727 2232 τῶν
739 2173 851 2234 έαυτοῡ
864 2171 942 2256 ὅρων
959 2178 1148 2257 χειροτονίας
1160 2171 1317 2232 ποιεῖσθαι

126 2279 170 2346 είς
197 2282 256 2348 τὰς
282 2284 325 2358 μὴ
352 2282 549 2359 ὑποκειμένας
573 2283 658 2357 αὐτῷ
685 2277 785 2351 πόλεις
813 2286 862 2342 καί
891 2285 1013 2364 χώρας.
1044 2285 1068 2340 τί
1096 2276 1129 2341 δέ
1152 2277 1317 2362 ἐλεγχθείη

127 2393 214 2447 τοῦτο
236 2391 408 2457 πεποιηκὼς
424 2392 512 2471 παρὰ
535 2392 587 2457 τὴν
610 2397 671 2448 τῶν
692 2391 884 2472 κατεχόντων
902 2391 961 2458 τὰς
976 2386 1077 2458 πόλεις
1093 2390 1207 2457 ἐκείνοις
1224 2391 1242 2456 ἢ
1259 2391 1318 2457 τὰς

126 2495 237 2576 χώρας
253 2497 395 2575 γνώμηνε
418 2495 637 2578 καθαιρείσθω
653 2501 703 2557 καί
720 2497 814 2566 αότός
829 2501 879 2556 καί
897 2497 951 2565 οὓς
967 2488 1226 2578 ἐχειροτόνησεν.δ

70 2587 109 2656 λι·
128 2601 165 2660 Et
184 2621 229 2670 τις
256 2603 490 2684 χειροτονηθείς
512 2603 672 2672 ἐπίσκοπος
693 2607 735 2682 μὴ
758 2599 961 2687 καταδέχοιτο
982 2608 1037 2672 τήν
1060 2601 1248 2685 λειτουργίαν
1270 2605 1321 2662 καί
1337 2611 1366 2649 2⁰

126 2712 178 2777 τήν
196 2707 343 2794 φροντίδα
360 2718 412 2768 τοῦ
429 2706 507 2772 λαοῦ
524 2715 577 2780 τὴν
594 2710 842 2794 ἐγχειρισθεῖσαν
860 2711 962 2787 am:
984 2717 1089 2770 τοῦτον
1108 2712 1319 2795 ἀφωρισμένον

218 2903 250 2973 α)
271 2903 342 2964 ζήτει
352 2903 396 2953 τόν
407 2901 433 2954 ἐν
444 2903 541 2972 Νικαίσρ
552 2903 650 2954 κανόνα
660 2919 683 2953 τ.
698 2904 778 2956 εσίιοί.
787 2904 815 2954 ἰιι
828 2920 928 2956 summo
942 2906 1060 2972 margine
1068 2923 1093 2970 p.
1102 2908 1152 2956 156
1160 2907 1186 2954 M
1194 2906 1320 2968 scriptum

127 3011 197 3044 nune
215 2996 341 3046 mutilum.

215 3083 251 3156 β)
270 3087 389 3152 sequitur
409 3084 527 3152 Σχόλιυν.
548 3085 698 3144 Συατατικὴ
718 3081 844 3145 ἐπιστολή
869 3081 925 3135 ἐστι
946 3085 989 3135 καί
1008 3085 1037 3136 τό
1056 3083 1147 3136 λοιπόν
1165 3086 1320 3155 προεγράφη

127 3173 164 3232 τίς
181 3176 225 3226 τόν
243 3172 270 3246 ιβ
288 3175 395 3226 κανόνα.
413 3177 560 3234 Κοινωνικὴ
581 3171 704 3236 ἐπιστολή
721 3173 791 3225 ε’στιν
810 3171 827 3234 ἦ
846 3174 1030 3245 κατακριθείσί
1054 3191 1122 3226 τισιν
1143 3170 1193 3226 όπό
1206 3157 1320 3226 συνόδου

127 3261 169 3316 ἐπί
189 3263 286 3336 αἱρέσει
304 3257 348 3323 ὣς
361 3263 386 3316 οἱ
403 3265 436 3316 τὰ
458 3263 645 3334 Ἀπολιναρίσυ
665 3267 820 3335 φρονοῦντες
840 3264 911 3334 παρὰ
931 3268 977 3324 τῆς
991 3261 1095 3324 δυτικῆς
1116 3261 1245 3320 συνόδου,
1263 3257 1320 3314 εἶτα

127 3351 353 3423 διορθωσαμίνοις
375 3356 418 3406 καὶ
443 3355 628 3422 μεταμαδοῦσι
656 3356 702 3414 τὴν
731 3351 862 3416 ἀληθειαν
892 3351 1013 3420 διδομίνη
1041 3351 1142 3413 αὐτοῖς.
1171 3354 1237 3422 φησί
1268 3351 1320 3422 γὰρ

127 3442 140 3494 ό
165 3443 302 3510 θεολόγος·
326 3441 443 3507 δείξουσι
472 3441 500 3495 δὲ
523 3444 627 3502 πάντως
649 3441 687 3494 ὅτι
712 3433 864 3511 ἐδίχδησαν
883 3440 900 3503 ἦ
918 3440 963 3495 διὰ
985 3443 1066 3510 τόμου
1086 3439 1226 3494 συνοδοκοῡ
1244 3439 1261 3502 ἦ
1280 3439 1320 3493 δι’

128 3533 267 3593 ἐπιστολῆς
279 3538 441 3594 κοινωνικῆς.
466 3526 542 3592 οὗτος
554 3534 605 3604 γὰρ
619 3538 670 3585 τῶν
685 3531 804 3585 συνόδων
818 3531 831 3584 ό
844 3534 932 3601 νόμος.

216 3623 248 3692 γ)
270 3625 388 3690 sequitur
407 3621 526 3690 Σχόλεον.
545 3624 604 3674 Ὅτι
623 3620 731 3681 ἕκαστος
751 3621 893 3682 ἐπίσκοπος
906 3623 939 3673 τὰ
953 3619 1133 3691 ἐπιβάλλοντα
1150 3619 1237 3690 ἐαυτῷ
1252 3622 1324 3674 ποιεί

127 3712 154 3766 έν
169 3717 199 3783 τῇ
216 3711 332 3783 ἐπαρχίᾳ
344 3709 435 3764 αὐτοῦ.
448 3715 528 3766 habet
541 3716 619 3766 etiam
632 3731 665 3778 m,
680 3715 733 3765 nisi
746 3716 817 3780 quod
830 3712 909 3780 αχόλ.
921 3730 947 3760 τυ
960 3716 1028 3765 etin
1042 3715 1092 3764 fine
1106 3710 1211 3764 ἑαυτοῦ.

218 3801 249 3872 δ)
262 3805 331 3874 Ὅρα
344 3804 387 3854 τόν
401 3801 428 3854 ἐν
443 3801 594 3872 Ἀντιοχείᾳ
607 3803 704 3854 κανόνα
722 3820 746 3868 ιγ
760 3805 803 3854 καὶ
817 3801 850 3872 κβ
864 3804 907 3854 καί
920 3797 967 3863 της
980 3801 1007 3854 ἐν
1023 3801 1126 3871 Ἐφέσῳ
1140 3801 1237 3854 κανόνα
1250 3821 1276 3862 η.

210 3987 219 4022 1
236 3981 386 4038 άφωρίταντοτ
400 3984 425 4023 P.
441 4005 467 4012 —
484 3979 611 4033 τιλευτήοει
625 3981 657 4031 Η,
673 3980 795 4038 τελευτηαη
809 3993 838 4020 m.
855 4003 879 4010 -
899 3984 912 4020 1
926 3979 1060 4036 γραμμάτων
1074 3987 1125 4032 pont
1140 3993 1199 4021 ανττ.
1215 3981 1279 4021 addit
1293 3981 1319 4026 C,

128 4059 205 4096 eontra
219 4066 284 4104 quam
299 4067 319 4094 ο.
335 4075 361 4083 -
375 4051 521 4110 προσδέχεσθε
537 4054 561 4105 (ί,
575 4049 733 4107 προσδέχεσθαι
743 4065 762 4092 ε.
774 4075 800 4082 -
815 4049 874 4094 δίεν
884 4053 931 4102 ΗΡ,
948 4054 1018 4093 λεαίνει
1027 4057 1094 4094 etlam
1104 4064 1132 4093 m.
1144 4054 1192 4092 —5
1203 4051 1222 4092 ιί
1236 4063 1266 4102 m,
1282 4054 1321 4093 ubl

128 4140 168 4167 πον
183 4125 227 4168 ἐὰν.
240 4147 263 4155 -
274 4121 329 4166 ώτιν
344 4138 372 4166 m.
384 4147 411 4156 -
425 4128 437 4166 6
452 4123 568 4180 μήγειτὴν
577 4124 651 4178 χρείαν
662 4121 695 4164 τό.
703 4125 732 4163 Η.
750 4123 814 4178 μήγε,
830 4121 857 4164 τίε
866 4123 917 4177 πρός
926 4125 1001 4178 χρείαν
1012 4123 1046 4165 αδ.
1059 4127 1083 4164 P.
1099 4125 1173 4179 χρείαν
1188 4127 1255 4165 etlam
1270 4126 1293 4164 ln
1309 4137 1320 4162 τ

128 4202 156 4241 τό
174 4197 212 4243 τίς
233 4198 308 4252 χρείας
328 4199 466 4249 adscriptum
488 4201 534 4237 σενι
556 4207 577 4236 m
592 4201 617 4235 ιιι
633 4207 683 4235 σοι.
698 4216 725 4224 -
746 4195 812 4251 ίγέρ
826 4197 862 4237 καί
877 4195 932 4236 κατὰ
947 4196 972 4237 (ί.
989 4217 1015 4226 -
1029 4199 1042 4238 8
1056 4196 1093 4238 τόν
1108 4195 1193 4241 ίαυτοίς
1208 4207 1243 4250 πρ.
1259 4209 1278 4237 ι·-
1294 4217 1321 4225 -

130 4273 155 4311 10
169 4268 268 4323 πράττειν
282 4281 308 4310 ιν
321 4269 348 4318 Ο,
364 4271 432 4311 habnt
446 4281 465 4308 σ.
478 4291 504 4298 -
518 4269 545 4325 τῇ
561 4267 638 4309 ίαυτοῦ
654 4268 679 4308 O.
690 4289 716 4296 -
732 4271 755 4306 11
772 4266 806 4307 ὑπ’
818 4265 878 4322 αὐτῷ
894 4269 923 4318 Η,
939 4265 973 4308 ότι*
985 4267 1053 4320 αὐτὴν
1068 4270 1134 4310 etlam
1149 4281 1177 4310 m.
1189 4291 1214 4299 -
1230 4267 1281 4322 μηδ’
1292 4271 1319 4309 Ρ.

128 4347 191 4384 -11
206 4337 266 4383 οὕτω
281 4343 365 4382 HQ·-
381 4343 414 4382 18.
431 4343 456 4380 14
471 4342 553 4388 ll-AE,
568 4341 608 4381 sed
623 4339 662 4381 τοῦ
675 4351 701 4380 ιν
716 4351 765 4380 cum
780 4341 811 4379 Pr
825 4345 848 4380 οι
861 4335 873 4380 ό
887 4353 936 4380 ποτ.
952 4352 1014 4392 seqq.
1030 4353 1056 4381 τυ
1070 4353 1120 4381 oum
1136 4341 1161 4382 c.
1177 4339 1212 4380 διὰ
1226 4337 1320 4394 Χριστοῦ

129 4416 151 4457 ἐν
166 4415 198 4469 τῷ
214 4412 247 4469 όγ.
264 4415 290 4455 C.
307 4437 332 4444 —
349 4417 374 4455 1³
388 4415 422 4453 καί
437 4423 462 4452 τυ
477 4415 501 4452 P.
517 4435 544 4442 -
555 4414 625 4453 verbu
638 4411 649 4453 ό
664 4411 733 4464 πατὴρ
749 4409 790 4452 κτί·
801 4417 924 4461 agnoscunt
938 4415 1005 4453 οέίιιιιι
1020 4425 1062 4453 cm.
1077 4434 1104 4443 -
1122 4417 1145 4454 14
1160 4413 1185 4454 τό
1200 4411 1281 4466 πνεῦμα
1296 4411 1321 4454 τό

129 4483 189 4541 έγιον
200 4489 223 4527 Ρ.
232 4509 258 4516 -
270 4487 419 4529 15Ν11Ροε.
430 4507 455 4516 -
471 4489 497 4526 16
507 4482 574 4526 αὑτοῦ
584 4487 612 4534 Η,
624 4481 683 4537 αὐτῷ
696 4485 720 4530 Ρ,
732 4481 810 4523 ἑαυτοῦ
820 4485 886 4523 σείειν
897 4495 926 4524 ιιι.
938 4507 963 4512 -
980 4486 1004 4523 17
1020 4482 1034 4536 ἦ
1049 4496 1090 4535 pro
1106 4487 1141 4526 καί
1152 4487 1177 4534 C,
1194 4485 1232 4527 εεεί
1248 4495 1259 4522 τ
1274 4483 1319 4524 ιιιί.

130 4583 155 4590 -
171 4557 273 4612 έλιγδεὶη
284 4561 308 4603 Ρ.
326 4557 428 4612 ίλεχδείη
443 4561 472 4598 Μ.
489 4561 555 4595 --111
571 4556 609 4607 τὴν
624 4569 645 4596 τε
665 4557 689 4595 0.
707 4579 732 4584 --
749 4560 773 4594 111
788 4559 822 4596 ταὶ
838 4557 900 4606 prins
915 4569 939 4595 ιν
954 4569 971 4596 τ.
