2998 4972
285 403 348 466 220
1274 393 1290 457 ζ
1300 395 1401 446 30-37

286 563 325 630 έν
350 565 391 649 τῇ
418 559 525 648 ἡμέρᾳ
557 565 625 628 τεόν
657 561 847 645 σαββάτων.
898 560 1070 646 σάββατον
1098 559 1163 644 γάρ
1196 560 1267 628 έστι
1299 561 1404 626 κατά-

285 683 407 742 παυσις
437 666 674 749 δημιουργίας,
711 665 879 740 τελείωσις
916 663 1063 747 κόσμου,
1102 662 1218 746 νόμων
1252 663 1402 748 ζήτησις,

285 761 378 844 αἶνος
414 768 460 842 είς
491 762 575 832 θεὸν
612 761 808 848 εὐχείρωτος
842 760 928 848 ὑπὲρ
961 753 1011 830 ἀν
1041 762 1238 849 ἀνθρώποις
1273 763 1403 850 ἐδωρή-

285 884 375 933 σατο.
420 857 469 934 ἀν
497 865 657 933 ἁπάντων
677 863 697 951 ἡ
721 863 864 952 κυριακη
890 864 1101 950 προῦχουσα,
1129 863 1234 932 αὐτόν
1261 864 1322 934 τόν
1342 891 1404 950 με·

251 973 397 1053 οσίτηυ,
434 967 494 1033 τὸν
528 967 739 1052 προνοητην,
772 965 832 1034 τὸν
862 968 1069 1051 νομοθέτην,
1100 964 1159 1034 τόν
1189 966 1404 1046 ἀναστάσεως

285 1076 404 1152 αλτιον,
428 1068 487 1136 τὸν
509 1069 725 1155 πρωτότοκον
745 1069 852 1157 πάσης
871 1072 1020 1151 κτίσεως,
1044 1068 1104 1134 τόν
1121 1069 1207 1136 θεόν
1223 1069 1327 1154 λόγον
1346 1069 1403 1136 ιιαλ

285 1169 471 1254 ἄνθρωπον
502 1169 562 1238 τδυ
591 1169 629 1236 έκ
652 1174 789 1254 Μαρίας
809 1170 1018 1255 γεννηθέντα
1043 1170 1150 1255 μόνον
1171 1173 1247 1257 δίχα
1267 1170 1401 1257 ἀνδρός,

285 1270 346 1336 τόν
367 1272 653 1356 πολιτευσάμενον
674 1268 790 1353 ὁσίως,
820 1267 880 1336 τόν
907 1273 1148 1360 σταυρωθέντα
1174 1273 1230 1339 έπλ
1251 1278 1402 1340 Ποντίου

286 1373 438 1440 Πιλάτου
460 1374 517 1440 καλ
532 1367 761 1440 Ιἀποθανόντα
788 1373 846 1438 καλ
872 1370 1064 1438 ἀναστάντα
1089 1372 1128 1440 έκ
1159 1377 1292 1458 νεκράν
1317 1371 1402 1440 ῦπο-

236 1493 269 1546 10
286 1475 502 1558 δεικνύουσα,
522 1472 567 1553 ἀς
588 1472 732 1560 κυριακὴ
754 1473 1050 1558 *παρακελεύεται
1073 1478 1139 1558 σοί,
1162 1477 1319 1558 δέσποτα,
1341 1473 1402 1560 τὴν

285 1574 370 1662 ὑπὲρ
401 1577 540 1644 πάντων
567 1573 780 1661 εὐχαριστίαν
810 1580 827 1617 *
860 1576 1077 1664 προσφέρειν.
1122 1575 1205 1662 αὕτη
1237 1578 1303 1664 γάρ
1333 1574 1353 1662 ἡ
1386 1579 1401 1616 *

286 1686 535 1764 παρασχεθεϊσα
563 1679 674 1764 χάρις,
711 1676 782 1764 ἥτις
810 1674 867 1743 διά
893 1678 1037 1762 μέγεθος
1066 1681 1180 1745 πᾶσαν
1206 1672 1401 1762 εὐεργεσίαν

287 1781 469 1858 έκάλυψευ.
490 1790 495 1856 λ
515 1777 534 1848 ό
555 1779 613 1858 τάς
635 1779 834 1863 ἐπαγγελίας
855 1777 914 1857 τάς
943 1778 1000 1846 διά
1019 1783 1087 1846 τοῖν
1109 1785 1295 1866 προφητῶν
1319 1783 1438 1864 πληλλ

287 1883 397 1967 ροόοας
424 1882 481 1948 καλ
508 1881 647 1966 ἐλεήσας
668 1878 731 1965 τήν
754 1881 848 1947 Σιών
878 1879 935 1946 καλ
962 1883 1128 1966 οἰκτείρας
1154 1881 1217 1966 την
1234 1879 1400 1967 Ἰερουσα-

237 1999 269 2050 15
288 1982 353 2067 λημ
373 1985 391 2022 *
409 1987 455 2069 τῷ
477 1982 537 2050 τὸν
559 1983 691 2068 θρόνον
713 1982 827 2068 Δαβλδ
848 1985 909 2048 τοῦ
932 1982 1051 2060 παιδός
1071 2001 1135 2050 σου
1161 1982 1343 2062 ἀνυψοῖσαι
1366 1983 1400 2048 έν

286 2089 375 2170 μέσῳ
395 2081 497 2169 αὐτῆς
522 2089 564 2170 τῇ
589 2085 718 2168 γενέσει
746 2088 808 2150 τοῦ
824 2087 962 2169 χριστοῦ
988 2088 1048 2150 τοῦ
1071 2084 1110 2150 ἐκ
1132 2087 1321 2170 σπέρματος
1343 2081 1399 2149 οῦ

286 2190 347 2252 τοῦ
365 2184 402 2252 τό
415 2186 499 2252 κατά
515 2186 625 2273 σάρκα
640 2187 866 2270 γεννηθέντος
885 2185 923 2252 έκ
938 2185 1043 2271 μόνης
1057 2191 1116 2271 τῆς
1127 2188 1319 2268 παρθένου·
1343 2183 1400 2252 αά·

216 2307 220 2319 ·
286 2287 342 2366 τός
372 2287 428 2354 καλ
454 2289 537 2372 νῦν,
570 2289 714 2354 δέσποτα
743 2284 761 2352 ό
789 2287 886 2370 θεός,
922 2288 1104 2373 πρόσδεξαι
1133 2291 1151 2328 *
1179 2286 1236 2354 διά
1265 2289 1400 2372 χειλέων

286 2389 416 2475 δεήσεις
443 2392 461 2430 *
488 2394 572 2456 λαοῦ
598 2407 662 2457 σου
694 2393 756 2456 τοῦ
787 2389 821 2469 έξ
856 2390 986 2473 έθνεόν,
1027 2393 1097 2455 τοῖν
1126 2391 1398 2474 ἐπικαλουμένων

235 2503 270 2556 20
287 2509 324 2556 σε
348 2491 386 2558 έν
405 2490 564 2578 ἀληθείᾳ,
587 2489 702 2570 καθοδς
722 2491 912 2576 προσεδέξω
933 2489 973 2556 τά
995 2492 1088 2576 δοῦρα
1111 2495 1179 2556 τῶν
1198 2494 1343 2557 δικαίων
1364 2491 1399 2558 ἐν

286 2605 358 2670 ταῖς
378 2605 509 2677 γενεαῖς
530 2591 652 2660 αὐτῶν.
688 2591 789 2677 ’Ἅβελ
812 2592 851 2658 έν
871 2590 1016 2681 πράτοις
1039 2592 1101 2677 την
1123 2596 1252 2660 θυσίαν
1275 2592 1399 2668 έπεῑδες

287 2692 344 2759 καλ
359 2695 559 2778 προσεδεξω,
583 2699 662 2760 Νεόε
686 2693 882 2774 ἐξελθόντος
898 2695 956 2779 τῆς
976 2697 1135 2780 κιβωτοῦ,
1151 2692 1302 2778 Ἀβραάμ
1321 2689 1398 2778 μετὰ

287 2794 324 2862 τό
343 2795 495 2874 ἐξελθεῖν
509 2793 613 2862 αὐτόν
629 2795 667 2862 έκ
682 2799 743 2880 γῆς
757 2798 949 2880 Χαλδαίων,
969 2793 1079 2862 Ἰσαάκ
1096 2796 1135 2863 έν
1148 2800 1195 2884 τῷ
1210 2797 1330 2883 φρέατι
1342 2799 1399 2861 τοῦ

288 2895 403 2982 ὅρκου,
417 2895 532 2983 Ἰακῦβ
549 2897 588 2962 ἐν
602 2897 768 2981 Βηθλεέμ,
784 2901 934 2975 Μωσέως
951 2897 990 2964 ε’ν
1005 2903 1046 2984 τῇ
1059 2897 1182 2986 ἐρήμην,
1196 2895 1325 2982 Ἀαροδν
1336 2893 1398 2962 ἀνά

235 3015 269 3068 25
287 2999 391 3083 μέσον
420 3002 489 3066 τῶν
518 2998 652 3080 ζεόντων
673 2998 729 3064 καλ
748 3004 817 3066 τῶν
836 2999 1068 3085 τεθνηκότων,
1091 2998 1199 3084 Ἰησοῦ
1219 3004 1282 3066 τοῦ
1302 3001 1399 3082 Ναυῆ

288 3101 326 3168 έν
348 3103 551 3186 Γαλγάλοις,
579 3105 609 3168 Γ
607 3098 713 3167 εδεῦν
736 3099 791 3176 ἐπὶ
812 3106 870 3187 τῆς
892 3103 1013 3185 πέτρας
1035 3101 1091 3168 καὶ
1112 3106 1181 3168 τάν
1203 3103 1316 3168 πόκον
1333 3097 1399 3184 πρὸ

266 3207 345 3286 τῆς
365 3200 544 3290 ἁμαρτίας,
573 3203 700 3270 Μανωέ
724 3203 783 3278 ιταλΙ
807 3210 865 3290 τῆς
888 3201 1051 3287 γυναικός
1072 3201 1178 3270 αὐτοῦ
1202 3204 1241 3270 έν
1270 3207 1315 3289 τῷ
1336 3225 1399 3268 πε-

287 3307 366 3392 δίφ,
390 3304 544 3390 Σαμῦῦν
564 3306 603 3374 έν
625 3311 666 3392 τῇ
687 3307 769 3392 δίψη
793 3304 859 3391 πρὸ
880 3310 939 3389 τῆς
959 3309 1195 3390 πλημμελείας,
1211 3303 1337 3390 Ἰεφθάε
1362 3304 1399 3370 έυ

288 3410 335 3493 τῷ
357 3408 489 3493 πολέμῳ
515 3405 579 3492 πρό
604 3411 662 3492 τῆς
684 3405 824 3491 ἀκρίτου
853 3406 1067 3492 ἐπαγγελίας,
1095 3403 1213 3492 Βαράκ
1236 3406 1291 3472 καὶ
1308 3409 1397 3490 Δεβ-

237 3521 271 3575 30
288 3505 401 3607 βάρος
429 3507 485 3574 έπλ
512 3513 573 3574 τοῦ
596 3509 745 3596 Σισάρα,
776 3507 939 3594 Σαμουὴλ
966 3508 1004 3576 ἐν
1034 3508 1197 3594 Μασιφά,
1225 3505 1332 3592 Δαβλδ
1362 3506 1399 3572 ἐν

355 3729 441 3783 οοοι
459 3733 487 3797 1,
510 3733 539 3783 ιε
556 3737 560 3792 ι
577 3732 608 3784 ιο
625 3735 694 3786 Rom
714 3734 741 3798 1,
760 3733 844 3799 εχει
861 3735 931 3786 Num
951 3734 996 3796 ιι,
1017 3733 1048 3786 ιε

288 3929 1279 4005 1ίστινιι17μόνον>211οτοίυυν-1-γτ11οσοί>γι1
1308 3935 1396 3987 ιισιι

287 4021 321 4088 4-
338 4039 371 4088 yz
388 4022 391 4087 ξ
410 4023 437 4073 ll
456 4013 514 4074 ῦπό
532 4018 584 4072 σοῦ
600 4020 634 4088 -χ-
651 4020 722 4087 γττΙ
745 4022 776 4073 14
793 4017 972 4090 οίιιτειρήοας
989 4025 1059 4089 γττΙ
1081 4022 1112 4074 15
1130 4018 1180 4074 καλ
1197 4020 1232 4087 -Ι-
1249 4021 1283 4083 z}
1302 4019 1330 4070 17
1348 4019 1398 4084 τῆς

287 4101 660 4174 >y2t1181&c†yztl
682 4104 714 4156 10
731 4108 782 4158 τοῦ
799 4105 833 4171 -Ι-
850 4108 916 4172 yn!
936 4107 970 4158 20
987 4102 1022 4158 τά
1085 4111 1119 4159 22
1137 4100 1283 4174 προσδέξει
1300 4105 1339 4155 b'm
1358 4101 1396 4166 τΙ

288 4192 320 4242 21
340 4183 437 4250 έπίδες
455 4209 472 4243 x
499 4192 503 4254 Ι
530 4193 563 4242 22
581 4185 761 4254 προσδέξατ
787 4191 792 4254 Ι
819 4192 853 4243 23
870 4183 959 4242 αῦτὸυ
975 4192 1010 4255 >
1026 4197 1073 4256 χιε
1099 4193 1157 4257 125
1173 4184 1334 4244 τεθνεάτων
1351 4194 1398 4251 5²²

290 4275 295 4341 Ι
314 4277 345 4325 27
365 4269 455 4328 αῦτοῦ
472 4271 608 4342 γυναικὸς
625 4279 672 4342 yzt
693 4277 696 4341 Ι
720 4277 754 4326 28
772 4276 811 4341 τῷ
829 4276 910 4338 δίψει
928 4281 975 4342 yzt
994 4273 1044 4342 [τῦ
1062 4273 1085 4343 τ]
1108 4275 1113 4342 λ
1132 4277 1166 4326 28
1183 4265 1397 4341 κλημμελήοιςτ
1478 4335 1479 4344 ¹

288 4361 390 4409 videtur
407 4361 509 4412 habere
526 4361 530 4424 Ι
545 4361 586 4412 20.
600 4359 633 4412 30
651 4353 800 4427 Δεββόρας
817 4365 829 4412 t
843 4358 848 4427 Ι
863 4359 897 4410 30
913 4357 1046 4427 μαστιφά
1061 4377 1104 4427 γε,
1123 4358 1261 4426 μασσηφά
1277 4365 1289 4410 t
