3160 4976
137 424 186 494 82

133 595 304 668 φιλοκερδεῖς,
314 597 481 670 φιλάργυροι,
492 598 647 659 πολῦλαλοι,
659 600 798 664 ἀλαζόνες,
806 599 1012 674 ύπιραιρόμενοι,
1021 603 1187 674 λαρυγγιταί,
1197 603 1329 676 στρεβλοῖ,

134 690 278 758 προπετεῖς,
297 688 448 759 θρυπτικοί,
468 687 609 754 κενόδοξοι,
624 689 817 760 ἐναντιούμενοι
830 693 895 764 πρός
907 693 955 752 τάς
968 690 1047 754 όδοῦς
1059 695 1107 744 τοῦ
1118 691 1272 761 εὐαγγελίου
1285 695 1330 746 καί

134 776 271 845 φεύγοντες
289 773 341 827 ἀπο·
359 783 406 837 τής
420 782 511 840 στενῆς
524 778 631 840 πύλης·
650 781 694 832 καί
707 779 897 849 ἀπωθοῦμενοι
910 779 956 850 ἀφ’
968 779 1070 834 ἐαυτῶν
1084 786 1171 834 πάσαν
1185 779 1329 852 συνεριβήν

134 867 178 917 καὶ
199 867 235 933 μή
256 867 405 934 πάσχοντες
424 865 466 920 ἐπί
484 875 515 939 τῇ
540 866 668 940 συντριβῇ
691 871 738 920 τοῦ
760 870 828 922 λαοῦ
849 870 921 939 μου’
940 873 985 923 καί
1011 869 1169 931 ἀθετοῦντες
1189 869 1328 924 πάντατὰ

134 953 241 1026 ῥήματα
257 960 304 1016 τής
322 954 453 1017 ἀληθείας
470 959 513 1009 καί
533 955 702 1026 ἀτιμάζοντες
716 964 804 1012 πᾶσαν
817 962 864 1021 τήν
877 958 938 1012 ὁδίν
951 965 998 1021 τής
1012 958 1147 1031 εὐσεβείας
1161 960 1205 1012 καί
1217 963 1254 1028 μὴ
1267 973 1328 1013 rm·
1361 965 1376 1005 ⁶

134 1048 245 1106 θοῦντες
258 1044 301 1098 ἐπὶ
312 1051 372 1106 ταῖς
381 1045 522 1118 ἁμαρτίαις
535 1045 632 1099 αὐτῶν.
649 1051 692 1102 καί
706 1047 903 1116 ἐκχυθήσοντοιι
916 1051 973 1102 τότε
984 1049 1011 1102 έν
1024 1054 1080 1109 τοῖς
1093 1047 1197 1102 ἔθνεσιν
1208 1048 1328 1110 ἀπιστία,

134 1133 304 1204 μισαδελφία,
320 1137 407 1197 κακία,
421 1139 519 1208 πικρία,
530 1138 733 1208 καταφρόνησις,
743 1137 833 1201 ζῆλος,
849 1139 900 1210 [ις]
915 1138 1013 1210 ἔχθρα,
1026 1137 1118 1210 ἔριδες,
1132 1139 1237 1198 κλοπαί,
1250 1139 1329 1190 πλεο·

135 1221 233 1288 νεξίοιε,
254 1224 350 1292 μέθαι,
365 1224 495 1288 ἀσωτίαι,
510 1225 660 1294 ἀσελγεῖαι,
675 1225 821 1286 ἀκολασία,
835 1230 943 1300 πορνεία
961 1228 1004 1281 καί
1024 1233 1108 1280 πάσσιι
1127 1227 1155 1281 σί
1174 1227 1283 1299 πράξεις
1301 1225 1329 1278 αί

135 1314 347 1382 έναντιαζόμενιιι
360 1317 425 1386 πρός
438 1317 486 1376 τάς
499 1316 608 1376 ἐντολάς
625 1321 673 1378 τῆς
685 1319 768 1380 ζωῆς.
790 1317 911 1388 φεύξεται
924 1319 975 1390 γάρ
990 1317 1041 1370 ἀπὸ
1055 1318 1162 1370 πολλῶν
1176 1319 1273 1378 πίνθος
1286 1319 1330 1370 καί

135 1404 361 1476 ταπεινοφροσύνη
375 1408 419 1458 καί
431 1404 522 1478 εέρήνη
536 1405 579 1457 καί
592 1402 711 1477 πραΰτης
725 1405 768 1460 καί
782 1409 903 1475 πτωχεία
915 1407 959 1460 καί
972 1405 1045 1468 ἐλεος
1062 1408 1107 1460 καί
1119 1407 1273 1476 κλαυθμός,
1291 1405 1331 1460 ότι
1351 1407 1378 1450 ¹⁰

136 1494 161 1546 οί
180 1495 298 1563 ποιμένες
316 1495 433 1556 ἤκουσαν
453 1493 522 1548 αῦτά
541 1494 585 1548 καί
604 1493 650 1548 οῦκ
666 1496 794 1558 ἐποίησαν
806 1495 866 1550 οὐδὲ
885 1496 1054 1570 ἐφανέρωσαν
1074 1499 1121 1556 τὰς
1141 1497 1249 1558 ἐντολάς
1269 1503 1329 1564 μου,

135 1583 212 1638 αιἰεοί
226 1583 297 1645 ὄντες
308 1584 385 1637 τύποι
398 1591 446 1648 τής
459 1584 563 1648 ἀδικίας
576 1584 603 1637 έν
616 1589 653 1654 τῷ
667 1585 735 1654 λαῷ.
761 1585 896 1638 ἐλεύσεται
909 1586 937 1641 δέ
950 1587 1062 1659 χρόνος,
1081 1587 1143 1640 ὅταν
1162 1589 1229 1647 τινές
1242 1587 1330 1638 αὐτῶν

137 1674 304 1747 ἀρνήσωνταί
317 1692 347 1742 με
360 1678 404 1727 καί
419 1674 618 1735 ἀκαταστασίας
631 1675 658 1728 ἐν
671 1683 702 1748 τῇ
715 1680 749 1745 γῇ
763 1679 896 1738 ποιήσωσι
910 1676 954 1729 καί
967 1676 1112 1732 ἐλπίσωσιν
1132 1676 1174 1730 ἐπί
1187 1673 1331 1746 βασιλεῦσι

137 1767 282 1837 φθαρτοῖς·
300 1765 325 1818 οέ
339 1764 366 1818 δὲ
381 1765 531 1828 ἐλπίζοντες
544 1763 587 1817 ἐπέ
600 1768 638 1833 τῷ
652 1763 760 1833 δνόματί
773 1783 824 1834 μου
837 1764 875 1825 εές
888 1766 962 1826 τέλος
976 1769 1113 1830 ζήσονται.
1126 1767 1184 1818 τότε
1196 1768 1331 1829 θήσουσιν

136 1855 245 1916 ἐντολάς
263 1860 319 1916 τοῖς
337 1855 493 1927 ἀνθρώποις
512 1853 575 1923 οῦχέ
595 1855 661 1907 κατὰ
679 1858 727 1916 τήν
745 1857 849 1926 γραφήν
867 1855 912 1909 καί
930 1858 978 1912 τήν
997 1853 1106 1918 ἐντολήν
1124 1855 1150 1909 ἐν
1164 1852 1204 1916 οἶς
1217 1855 1231 1908 6
1244 1855 1331 1926 πατὴρ
1351 1855 1378 1898 1⁵

137 1943 277 2015 ἐβουλήθη
290 1944 334 1998 καί
348 1945 588 2016 ἀποβληθήσονται
599 1943 660 2016 παρ’
670 1943 758 1998 αύτῶν
769 1943 795 1996 οί
805 1943 919 1997 ἐκλεκτοί
929 1964 980 2014 μου
995 1944 1039 1998 καί
1050 1945 1075 1998 οί
1088 1945 1160 2014 άγιοί
1172 1965 1223 2014 μου
1237 1948 1281 1998 καί
1294 1934 1333 2006 ἀις

136 2035 306 2104 μεμιασμένοι
320 2034 554 2105 όνομασθήσονται
567 2035 594 2088 ἐν
607 2035 680 2104 μέσῳ
694 2034 790 2095 αὐτῶν,
810 2033 886 2087 αὐτοί
899 2033 927 2087 δέ
942 2033 1009 2086 εἰσιν
1020 2033 1117 2096 εῦθεῖς,
1131 2036 1256 2107 καθαροί,
1270 2051 1333 2088 συν-

135 2126 305 2196 τετριμμένοι,
319 2122 465 2191 ἐλεήμονες,
480 2128 579 2195 πραεῖς,
594 2127 718 2196 χρηστοί,
737 2123 904 2192 ίπιστάμενοι
913 2126 1022 2177 πάντοτε
1033 2123 1072 2176 ότι
1083 2123 1124 2177 ἀεί
1134 2124 1205 2178 ἐστιν
1218 2123 1247 2177 ἐν
1260 2125 1332 2192 μέσῳ

136 2213 232 2268 αὐτῶν.
254 2217 297 2266 καί
316 2216 420 2282 μανικοί
439 2214 621 2276 κληθήσονται
645 2213 679 2267 δι’
699 2215 743 2282 ἐμέ
762 2216 807 2266 τόν
827 2211 989 2278 διατάξαντα
1010 2213 1112 2273 αύτοῖς.
1132 2216 1176 2267 καί
1195 2216 1333 2283 γενήσεται

137 2303 164 2356 ἐν
185 2308 245 2364 ταῖς
263 2304 372 2376 ἡμέραις
392 2302 512 2366 ἐκείναις,
535 2305 708 2374 συναθροίσεε
728 2303 741 2356 6
762 2306 847 2375 πατήρ
866 2321 917 2371 μου
937 2303 965 2356 έκ
983 2309 1030 2366 τῆς
1049 2309 1139 2372 γενεᾶς
1156 2304 1254 2366 ταύτης
1271 2304 1335 2364 τοῦς
1351 2305 1380 2347 ²⁰

137 2396 274 2466 καθαρούς
291 2396 335 2448 καί
353 2395 400 2454 τὰς
420 2395 512 2464 ψυχάς
532 2394 580 2454 εάς
597 2395 721 2466 καθαρὰς
740 2396 784 2446 καί
802 2395 851 2462 τάς
869 2393 979 2454 πιστάς,
999 2389 1039 2455 οἷς
1055 2393 1107 2462 ἐγὼ
1121 2393 1277 2464 ὀφθήσομαι
1289 2388 1334 2446 καί

137 2487 218 2552 μονίσν
232 2483 291 2556 παρ’
305 2481 396 2544 αὐτοῖς
409 2486 553 2552 ποιήσομαι
567 2487 611 2536 καὶ
624 2482 762 2536 ἀποστελῶ
775 2482 866 2543 αὐτοῖς
877 2485 1003 2555 φρόνησιν
1013 2485 1138 2552 γνόισεως
1147 2486 1192 2536 καί
1202 2482 1333 2544 ἀληθείας

137 2576 180 2626 καί
197 2575 322 2646 φρόνησιν
341 2573 493 2643 ἁγιωσύνης
506 2575 550 2625 καί
564 2571 595 2624 ού
615 2573 762 2625 παύσονται
781 2571 938 2637 δοξάζοντες
957 2575 1000 2625 καί
1020 2571 1189 2642 εὐλογοῦντες
1207 2573 1252 2624 τόν
1270 2571 1334 2624 θεόν

137 2660 233 2723 αὐτῶν,
248 2665 291 2716 τόν
304 2663 403 2734 πατέρα
415 2681 466 2732 μου
479 2665 523 2716 τόν
537 2662 731 2715 ἀποστείλαντά
743 2681 784 2731 με,
797 2666 842 2715 καί
855 2665 964 2715 πάντοτε
977 2665 1024 2724 τήν
1037 2661 1170 2725 ἀλήθειαν
1182 2661 1334 2724 λαλήσουσι

137 2756 179 2806 καί
194 2749 335 2818 διδάξουσι
347 2753 456 2812 τούτους
470 2752 519 2812 ὅτι,
533 2752 579 2804 ε’ἀν
593 2752 758 2820 δοκιμάσωσι
771 2753 800 2804 τό
814 2754 915 2822 πνεῦμα
929 2750 1026 2814 αὐτῶν,
1041 2750 1130 2812 εύθεῖς
1142 2751 1194 2804 είσι
1207 2754 1250 2804 καί
1263 2752 1334 2822 χρή-
1352 2757 1380 2802 ss

137 2861 209 2911 σιμοι
223 2840 260 2902 ῶς
273 2842 311 2903 είς
319 2845 367 2903 τήν
378 2841 518 2913 βασιλείαν
533 2845 576 2895 καί
587 2841 784 2910 ἀπαγγελοῦσιν
795 2839 884 2902 αύτοῖς
895 2847 993 2910 γνῶσιν
1003 2843 1048 2894 καί
1058 2840 1152 2914 ἀρετήν
1162 2843 1207 2893 καὶ
1218 2841 1333 2893 σύνεσιν.

137 2933 180 2984 καί
194 2931 219 2984 οἱ
232 2931 385 3001 διωκόμενοι
398 2929 443 2986 διά
456 2935 484 2984 εδ
498 2935 579 2994 ζήσαι
592 2930 690 2991 αύτούς
704 2930 730 2984 έν
745 2928 867 3001 εὐσεβείᾳ
884 2933 984 3000 μισθόν
994 2932 1123 3002 λήψονται
1134 2931 1169 3002 [ί]
1181 2937 1227 2992 τής
1238 2927 1333 2994 δόξης’

137 3021 233 3078 αὐτῶν.
253 3024 298 3076 καί
316 3021 388 3076 ἔσται
408 3021 435 3076 ἐν
454 3022 557 3081 τούτοις
570 3025 625 3081 τοῖς
638 3023 748 3092 καιροῖς,
766 3023 989 3092 ταραχθήσονεαι
1003 3026 1086 3084 πάσας
1099 3019 1128 3072 αι’
1141 3018 1276 3090 βασιλείαι
1290 3019 1335 3070 καὶ

137 3118 188 3173 πάς
201 3113 215 3164 6
235 3114 341 3181 κόσμος.
360 3110 396 3164 ίτι
409 3111 503 3180 θλίψις
521 3111 565 3163 καί
583 3109 676 3164 ἔνδεια.
701 3111 745 3162 καί
759 3116 810 3170 πάς
823 3109 837 3161 6
851 3111 949 3180 κόσμος
963 3103 1128 3171 ούτοςόύδέν
1142 3109 1335 3178 λογισθήσεται

136 3203 180 3254 καί
199 3207 250 3254 πᾶν
269 3203 299 3253 τό
318 3207 403 3270 κτῆμα
416 3200 498 3254 αύτοῦ
511 3200 649 3253 ἀπολεῖται
663 3199 714 3252 ἀπὸ
728 3200 835 3252 πολλῶν
848 3201 893 3253 καί
907 3200 1004 3272 ἀπορία
1017 3204 1124 3270 καρπῶν
1144 3197 1218 3252 ἔσται
1231 3199 1333 3267 μεγάλη
1353 3209 1380 3250 σο

137 3293 181 3344 καί
192 3295 294 3361 χειμὼν
306 3291 495 3354 ἐπιταθήσεται
507 3293 630 3365 κρατερός
642 3292 687 3342 καί
700 3289 804 3342 ε’σονται
817 3289 945 3362 ἄρχοντες
959 3288 1044 3359 όλίγοι
1063 3290 1108 3341 καί
1121 3291 1210 3361 μικροί
1224 3287 1333 3343 δυνατοί

136 3367 241 3454 χρυσοῦ
259 3381 303 3433 καὶ
316 3381 442 3454 ἀργυρίου
462 3380 546 3433 καὶέν
564 3387 629 3434 πᾶσι
645 3385 701 3440 τοῖς
722 3379 748 3433 ἐν
767 3384 805 3450 τῷ
824 3381 915 3448 κόσμιρ
928 3379 1014 3449 τούτῳ
1027 3377 1161 3440 εὐθαλεῖς.
1175 3379 1220 3432 καὶ
1233 3381 1330 3452 κρατή-

138 3489 230 3524 σουσιν
250 3469 274 3522 οί
296 3469 349 3522 υἱοί
367 3475 414 3524 τοῦ
432 3472 532 3540 κόσμου
551 3470 646 3523 τούτου
665 3475 718 3522 τῶν
731 3471 845 3538 ταμείων
859 3467 947 3522 αὐτῶν
962 3470 1007 3521 καί
1019 3475 1072 3521 τῶν
1087 3468 1233 3530 ἀποθηκῶν
1246 3467 1333 3520 αὐτῶν

136 3561 179 3612 καὶ
201 3561 370 3632 κυριεύσουσι
392 3565 445 3612 τῶν
467 3559 571 3633 ἀγορῶν
596 3566 643 3621 τῆς
670 3560 817 3621 πωλήσιως
839 3559 884 3610 καί
905 3565 952 3620 τῆς
973 3557 1139 3631 ἀγοράσεως.
1166 3559 1210 3611 καί
1232 3557 1334 3630 θλιβή-

137 3663 228 3703 σονται
247 3650 341 3702 πολλοί
363 3650 407 3701 καί
427 3650 485 3701 τότε
511 3647 697 3702 έπειιαλέσουσι
721 3650 766 3701 τόν
784 3651 847 3701 θεὸν
870 3647 958 3700 αὐτῶν
982 3647 1024 3700 ἵνα
1046 3650 1186 3700 σωθῶσιν.
1209 3652 1334 3719 μακάριοι
1353 3657 1381 3698 35

137 3741 163 3793 οί
180 3743 215 3810 μὴ
238 3741 369 3809 γενόμενοι
391 3738 417 3791 ἐν
438 3743 475 3808 τῷ
498 3739 588 3810 χρόνῳ
611 3739 696 3809 τούτῳ
719 3739 762 3790 καί
786 3737 811 3790 οἱ
832 3740 980 3807 γιγνόμενοι
1003 3739 1047 3790 καὶ
1068 3735 1247 3806 ὑπομένοντες.
1273 3735 1335 3790 ὅταν

136 3833 187 3903 γάρ
204 3831 310 3899 γένηται
329 3834 427 3891 ταῦτα,
448 3828 501 3891 ἤδη
516 3827 592 3898 ἐγγύς
606 3827 705 3890 ἐστινὴ
721 3827 856 3883 ὠδίνουσα
867 3831 914 3882 τοῦ
927 3833 1017 3890 τεκεῖν,
1032 3828 1071 3881 ὅτι
1085 3827 1233 3901 ἐπληρώθη
1250 3827 1263 3880 6
1277 3846 1336 3880 και-

138 3924 183 3994 ρδς
197 3917 289 3983 αὐτῆς.
589 3927 594 3938 “

92 3998 120 4060 θ
138 4013 200 4084 Περί
212 4017 258 4073 τῆς
271 4012 419 4082 παρουσίας
431 4012 478 4061 τού
491 4007 630 4080 διαβόλου.

136 4103 201 4154 Τότε
215 4100 349 4154 ἐλεύσεται
367 4099 380 4150 6
399 4098 457 4160 υἱός
472 4105 518 4160 τής
532 4098 665 4158 ἀπωλείας
679 4095 692 4148 6
707 4094 848 4154 ἀντίπαλος
867 4099 911 4150 καί
930 4094 1078 4166 ὑψούμενος
1095 4098 1138 4148 καί
1152 4095 1332 4166 ἐπαιρόμενος,
1354 4106 1382 4144 ιο

137 4196 219 4244 ποιῶν
232 4194 329 4258 σημεῖα
341 4190 385 4240 καί
399 4189 522 4258 δυνάμεις
534 4189 635 4248 πολλὰς
648 4189 712 4260 πρός
724 4189 753 4238 τό
768 4187 900 4247 πλανήσαι
917 4185 981 4248 ὅλην
994 4189 1042 4248 τήν
1055 4191 1105 4254 γῆν
1119 4186 1164 4238 καί
1177 4184 1333 4252 ἐνδυναμω-

136 4283 250 4342 θήσεται
267 4282 330 4338 τοὺς
347 4280 462 4350 χρόνους
479 4281 542 4339 τοὺς
559 4277 651 4346 ἁγίους
667 4295 727 4345 μου.
750 4279 873 4347 μακάριοι
887 4275 913 4329 οἱ
927 4275 1097 4345 ὑπομένοντες
1111 4275 1139 4328 ἐν
1151 4281 1212 4336 ταῖς
1224 4275 1335 4346 ἡμέραις

139 4369 254 4429 ἐκείναις,
270 4367 331 4420 ούαὶ
344 4367 372 4420 δέ
386 4366 459 4420 ίσται
473 4373 528 4427 τοῖς
542 4367 733 4435 πλανωμένοις.

220 4563 324 4602 wath.
341 4562 371 4600 vii
388 4561 420 4600 13.
435 4581 458 4589 -
482 4561 578 4600 οΑιιιοε
593 4563 615 4600 vi
630 4564 650 4601 6.
666 4582 693 4592 -
714 4565 738 4602 21
756 4565 904 4603 πιεσσιιίίιιιιιιι
919 4562 951 4606 οῖς
971 4564 1071 4612 prudeus
1087 4562 1161 4612 μοευί.
1179 4579 1204 4588 -
1218 4558 1244 4598 27
1263 4555 1335 4604 sym

139 4631 202 4680 δόξαν
216 4635 309 4680 φίονιέιπι
324 4633 484 4680 interpretatus
499 4636 540 4678 εει,
556 4641 623 4679 quum
638 4633 669 4671 οίι
683 4636 765 4682 ομικιύ,
