3120 4980
163 315 286 372 XLVIII

232 499 272 551 20
298 491 529 573 ἀντιμάχεσθαι
549 495 604 571 †.
631 496 710 553 κατὰ
726 497 779 561 τὴν
795 495 897 554 αὐτῶν
913 499 1097 578 προαίρεσιν.

231 607 271 660 13
297 601 399 662 αὐτῶν
421 604 528 684 τρίτον.
557 637 598 646 -
628 621 739 662 καταπ.
764 603 810 662 ἐπὶ
833 611 869 682 τῇ
892 604 1004 662 πτώσει
1029 604 1141 662 αὐτῶν.
1170 619 1344 684 προσεπιτι·

295 709 440 791 μηᾶἢτω.

164 817 207 879 64
258 825 270 878 l
299 838 348 902 πμ.
368 818 412 889 ὡς
427 819 471 888 εἰς
486 820 660 898 ὑπόμνησιν.
680 855 721 864 -
738 822 873 903 ἡμέρας,
895 813 971 880 καθ’
988 818 1095 900 ἅσπερ.

253 933 282 986 1.
302 932 319 986 3
345 931 422 1008 μετὰ
445 929 478 988 τὸ
495 924 711 1009 βαπτισθῆναι
728 954 773 987 ιν.

254 1043 271 1094 4
297 1031 424 1119 virgula
438 1041 513 1096 ante
530 1034 672 1119 διαγυμν.
690 1033 829 1120 ponitur.
852 1033 944 1098 radix
950 1058 1019 1132 s*
1041 1030 1153 1098 eodem
1169 1031 1345 1118 modoque

296 1137 368 1227 ati,
393 1163 424 1228 p.
448 1139 634 1204 XXXVIII
657 1141 735 1206 alias
758 1140 881 1206 radices
907 1141 1097 1230 procreavit.
1121 1151 1153 1205 et
1174 1140 1345 1228 primarius

296 1247 425 1337 quidem
442 1271 553 1314 sensus
566 1250 598 1314 In
611 1250 861 1337 constriugendo
878 1251 945 1332 fuit,
962 1243 1134 1350 unde-322.»
1149 1245 1344 1348 fascia-rai

296 1364 417 1432 πυκνός.
450 1365 598 1432 πυκνότης
630 1358 746 1424 deinde
776 1358 818 1423 ad
849 1359 988 1424 animum
1021 1359 1226 1440 transfertur,
1259 1356 1344 1422 unde

296 1444 468 1566 Κῦιπμ
489 1468 588 1531 robur
606 1468 674 1532 fere
694 1466 778 1532 idem
801 1467 887 1555 quod
909 1446 1107 1568 (basah
1128 1471 1220 1555 ἀμετὴ
1242 1467 1342 1533 Isoer.

294 1573 389 1639 Dem.
408 1577 437 1638 7.
455 1574 485 1639 8.
506 1577 555 1639 11.
574 1575 627 1640 50.
646 1572 770 1677 (sah
791 1573 899 1642 Curet.
920 1577 1082 1664 spirita.
1101 1577 1144 1642 25
1166 1594 1244 1664 etp.
1262 1578 1342 1641 100:

297 1683 372 1748 Eua.
389 1683 519 1772 theoph.
546 1709 567 1749 α
590 1683 754 1785 2)an
775 1685 815 1750 de
837 1685 882 1750 eis
904 1684 1032 1767 dieitur,
1058 1706 1139 1772 quae
1161 1684 1228 1750 sivo
1250 1705 1344 1748 aeore

295 1793 361 1857 sive
388 1791 598 1858 amaritudine
627 1793 718 1858 labra
745 1794 963 1881 adstringant:
999 1771 1212 1894 (3¹3de
1246 1791 1342 1866 αἰδὼς

295 1902 450 1987 εὐλάβεια.
476 1903 515 1966 os.
532 1917 593 1996 fun
608 1901 842 1968 Hebraeorum.

254 2020 272 2073 6
297 2015 396 2097 ὕπαγε
413 2014 519 2090 ὀπίσω,
536 2025 669 2076 σατανᾱ.

253 2129 270 2182 9
296 2127 355 2193 τὰς
371 2123 401 2182 ἐν
417 2128 508 2182 παντί
523 2120 562 2183 ef.
573 2117 827 2184 Luoian.Toxar.
843 2119 950 2186 19τσσ
967 2127 1162 2206 οἱκήματσςή
1176 2121 1340 2204 δυσοσμίαι

294 2226 472 2292 Tertullian
487 2226 528 2292 ad
543 2237 702 2314 martyres
719 2227 739 2292 2
755 2234 849 2293 tra'ate
862 2229 934 2293 illie
945 2233 1106 2314 exspirat,
1124 2229 1183 2294 aad
1195 2231 1341 2294 vereatis

297 2335 375 2400 odor
390 2329 574 2402 amaitaei.

231 2457 267 2509 11
294 2453 392 2533 χωρὶς
407 2446 522 2511 πολλῶν
540 2447 700 2532 βασάνων.
718 2485 760 2494 -
778 2453 863 2532 αἰχμ.
883 2445 1049 2512 raidida.

232 2564 269 2618 11
295 2556 379 2644 τυφλ.
399 2555 648 2644 διεφθαρμένοις.
676 2566 749 2644 poet
764 2561 919 2644 ἐπαρκέσει
939 2555 1012 2620 add.
1030 2557 1081 2630 εἷς.

232 2671 271 2726 18
297 2671 403 2728 τοῦτον
420 2667 539 2728 toran?

229 2779 270 2834 18
294 2775 350 2861 ἀφ’
366 2773 400 2837 οὗ
416 2801 454 2835 τυ.
474 2783 506 2838 et
521 2795 566 2836 va.
584 2781 625 2836 19
648 2777 769 2857 ἔκκοψον
786 2776 836 2838 οὖν
854 2778 959 2845 αὐτὴν.

229 2890 269 2944 30
294 2879 328 2944 in
344 2880 484 2946 editione
500 2882 625 2969 syriaca
640 2903 671 2968 p.
685 2885 751 2954 ιίο
766 2882 807 2947 19
825 2880 930 2946 aeribe
943 2880 1065 2952 *ιδἰιΚ.

231 2999 268 3052 31
296 2996 410 3078 καρπόν
427 2995 456 3053 ἐν
474 2999 569 3072 τούτῳ
585 3000 629 3072 τῷ
645 2997 702 3055 ἔτει
718 3001 761 3071 τῷ
777 2991 910 3074 μέλλοντι
926 2990 978 3054 vel
993 2988 1098 3078 potius
1113 2993 1158 3063 εἰς
1173 2995 1207 3054 τό
1222 2989 1338 3074 μέλλον,

297 3119 379 3185 quae
394 3101 494 3164 verba
514 3123 560 3164 vsa
579 3107 619 3164 ³2
644 3100 769 3164 absunt.
794 3098 838 3164 ita
858 3098 977 3164 lectum
1001 3107 1158 3163 testantur
1178 3097 1341 3162 versiones

294 3207 432 3295 coptioa‚
456 3208 610 3290 thebana,
641 3206 834 3296 aethiopica:
864 3205 996 3272 eaedem
1020 3205 1191 3272 ooueinunt
1214 3206 1247 3270 in
1269 3227 1340 3270 ver-

294 3314 391 3380 tendo
404 3321 446 3389 εἰς
459 3322 492 3380 τὸ
508 3318 614 3401 μέλλον
626 3317 731 3382 altero
745 3339 831 3382 anno
847 3328 867 3379 ι·ι
884 3312 910 3396 «λ-
928 3341 966 3378 aa
985 3339 1096 3396 paam,
1109 3323 1158 3377 ἥτ
1172 3339 1209 3376 aa
1222 3338 1339 3394 perena,

293 3439 395 3494 πῡιωι.
420 3421 477 3488 sed
493 3424 598 3490 versio
614 3425 740 3512 syriaca
762 3435 794 3489 et
817 3425 976 3488 armenica
999 3426 1098 3489 verba
1120 3429 1161 3497 εἰς
1187 3430 1219 3488 τὸ
1235 3424 1341 3508 μέλλον

293 3529 407 3596 eodem
423 3551 487 3617 quo
503 3531 603 3596 codex
617 3533 815 3597 monacensis
827 3533 898 3598 loeo
910 3533 1071 3598 exhibent.
1088 3541 1183 3598 vaae
1197 3540 1248 3597 aad
1258 3538 1285 3596 εἰ
1296 3531 1339 3596 δὲ.

162 3641 204 3706 65
255 3649 266 3702 1
296 3665 326 3704 τε
342 3649 391 3704 aaz
407 3649 542 3728 καρποὺς
558 3638 673 3717 ἀξίους.

251 3761 268 3813 3
294 3750 326 3816 δὲ
342 3771 402 3836 pro
417 3757 491 3837 γὰρ.
516 3755 759 3836 ἀπεγνωσμένοις
781 3756 831 3814 καὶ
853 3757 1023 3836 γενομένοις
1045 3753 1272 3836 ἀμετανοὴτσις.
1295 3787 1338 3796 -

292 3884 325 3924 τε
340 3887 375 3923 ιν.
402 3858 499 3945 δέρμα
516 3862 666 3940 βαι,
684 3881 779 3944 quam
794 3879 907 3923 vooem
922 3858 1081 3924 armeniae
1096 3865 1182 3948 send,
1199 3856 1339 3923 thraciae

292 3966 395 4053 μόλξις
411 3964 463 4030 vel
478 3965 564 4052 μόξις
586 3964 648 4030 diei
663 3976 873 4032 monstratum
895 3978 943 4032 eat
958 3991 987 4030 a.
1003 3967 1153 4054 urgeaeh.
1170 3966 1229 4032 der
1244 3965 1336 4032 Arm.

293 4099 323 4163 p.
342 4075 395 4139 22.
413 4075 466 4140 39.

250 4193 267 4246 6
292 4182 493 4272 ξηραίνονται.
512 4223 553 4231 -
574 4183 781 4270 ἀποπληροῦσι
798 4187 848 4249 οὖν
865 4185 947 4249 οὗτοι
961 4186 1018 4250 ἐπ’.

230 4301 267 4354 11
293 4298 354 4380 γάρ
370 4323 408 4357 ω.
425 4331 468 4341 -
492 4301 530 4354 16
549 4290 689 4356 ooneinit
703 4289 807 4380 Syrus
824 4315 896 4357 eum
912 4317 943 4381 p.

229 4409 267 4462 19
292 4399 401 4471 πολλὴν
413 4401 518 4484 otton
531 4405 581 4463 καὶ
593 4409 809 4488 στενοχωρίαν.
824 4399 965 4474 amauit
977 4400 1132 4468 Athenas.
1146 4401 1200 4484 46,
1213 4405 1247 4468 7:
1264 4416 1337 4468 ωτι

293 4508 322 4571 2.
341 4508 379 4572 of.
397 4506 489 4573 Rom.
507 4508 529 4572 ii
546 4507 565 4572 9
582 4507 635 4572 viii
658 4510 710 4572 35.
