3160 4976
1430 383 1477 452 37

289 557 326 622 Ὀ
352 569 412 622 τῶν
437 569 550 645 τριχῶν
577 563 748 643 ἁπτόμενος
772 567 823 622 καί
853 564 887 622 τό
911 562 1073 642 πρόσωπον
1098 564 1218 621 τόπεων
1243 565 1293 644 καί
1321 561 1369 620 ἐπί
1398 559 1483 632 ζωῆς
1503 577 1536 617 ιιι

286 674 337 728 καί
360 666 407 728 ίπί
429 666 575 730 θανάτου
600 668 750 750 ἀνάθεμα
775 671 865 730 ε’στω.

289 771 327 832 ‘0
344 771 423 836 λίνων
448 775 517 857 όρον
542 779 655 856 γονέων
679 781 729 836 καί
753 777 802 836 ἐπί
817 775 903 848 ζωῆς
919 779 970 834 καί
994 775 1042 834 ἐπί
1057 772 1203 835 θανάτου
1222 773 1374 854 ἀνάθεμα
1390 777 1480 835 ἐστω.
1502 767 1535 849 ιβ

289 879 325 940 Εἰ
348 901 395 950 τις
419 884 510 966 ράγει
540 879 619 964 αίμα
643 890 777 952 κτηνῶνι
802 883 1030 965 ἐπικατάρατος
1054 883 1143 942 ἐστω.
1502 897 1533 956 ιγ

254 987 326 1048 οΕί
351 1007 397 1057 τις
430 993 633 1071 συντυγχάνει
663 991 693 1050 ἐν
724 1001 761 1070 τῇ
792 987 932 1068 ἐκκλησίᾳ
963 999 1016 1050 τοῦ
1046 987 1125 1050 ,θεοῦ
1149 989 1193 1058 είς
1222 991 1276 1056 τὴν
1305 986 1396 1048 θείαν
1420 983 1481 1047 λιι·
1501 980 1534 1044 ιδ

287 1100 452 1179 τουργίανι
475 1098 705 1181 ίπικατάρατος
728 1101 818 1158 ἐστω.

288 1201 325 1264 iii
345 1223 393 1273 τις
414 1208 455 1264 τὰ
480 1207 607 1285 στάχυα
630 1207 670 1267 τὰ
695 1206 907 1268 άποπίπτοντα
932 1205 984 1264 οὐκ
1008 1205 1119 1286 άρὴσει
1145 1200 1296 1284 συλλέγειν
1314 1210 1378 1271 τοῖς
1394 1220 1479 1262 πτω-
1502 1219 1531 1259 ιε

286 1320 373 1393 χοῐςι
398 1312 626 1395 ίπικατάρατος
650 1313 741 1371 ἐστω.

288 1417 325 1478 iii
338 1437 384 1486 τις
402 1421 554 1503 ἀπαρχάς
571 1416 691 1489 ἅλωνος
706 1421 725 1487 ἢ
742 1428 798 1488 τῆς
814 1415 918 1492 ληνοῦ,
946 1417 1060 1486 καθὼς
1084 1415 1162 1477 εἶπεν
1180 1417 1195 1477 ό
1217 1415 1295 1486 θεός
1312 1421 1355 1492 τῷ
1372 1415 1482 1484 Μωση,
1502 1431 1540 1480 ις

243 1539 268 1577 ιο
288 1525 322 1584 οδ
347 1521 437 1588 δώσει
461 1535 498 1604 τῇ
523 1523 663 1603 ἐκκλησίᾳ
686 1527 706 1594 ἦ
730 1532 774 1602 τῷ
799 1531 934 1605 πτωχῷι
958 1525 1186 1608 ἐπικατάρατος
1210 1527 1300 1584 ἐσεω.

288 1629 326 1691 iii
346 1650 393 1700 τις
417 1628 517 1692 διδοῖ*
542 1631 699 1714 ἀντίψυχα
724 1640 787 1702 τοῖς
810 1634 954 1713 μάντεσιν
978 1635 996 1704 ἢ
1013 1629 1168 1714 λαμβάνει
1183 1633 1311 1714 γραπτὰ
1326 1633 1345 1700 ἢ
1363 1625 1484 1694 inin&
1503 1621 1541 1694 ιζ

288 1740 382 1800 ου’κίτι
407 1743 518 1816 πιστοί,
544 1737 609 1800 ἀλλ’
633 1737 702 1802 οόδέ
726 1744 907 1824 χριστιανοί.

288 1843 325 1906 Ei
347 1863 393 1915 τις
418 1843 548 1932 ἀδελφόν
574 1842 746 1928 διαβάλλει,
772 1852 826 1908 σὺν
849 1852 893 1923 τῷ
919 1843 1057 1928 διαβόλῳ
1080 1849 1305 1928 κατακέκριται.
1504 1860 1535 1924 ιη

852 1950 921 2024 VI.

377 2058 433 2117 Τῆς
444 2056 583 2125 γενομένης
595 2055 707 2110 συνόδου
721 2057 764 2110 ἐπί
777 2059 930 2127 Κυπριανοῦ
947 2058 994 2108 τοῦ
1012 2055 1162 2124 ἁγιωτάτου
1183 2055 1394 2128 όρχιιπισκόιτου
1409 2057 1483 2125 Καρ-

242 2163 267 2202 1⁵
285 2143 402 2212 χηδόνος
423 2147 571 2198 ἐπισκόπων
585 2144 632 2209 πδ,
659 2146 851 2216 συναχδίντων
869 2144 907 2203 είς
926 2147 973 2205 τὴν
992 2142 1075 2206 αὐτὴν
1094 2144 1273 2217 Καρχηδόνα,
1294 2147 1352 2218 πιρλ
1366 2148 1413 2196 τοῦ
1426 2143 1482 2198 διίν

284 2230 465 2302 βαπτίζισδαι
486 2237 548 2295 τοίις
566 2233 721 2308 αἱρετικοός,
741 2233 800 2296 ἥτις
818 2232 930 2294 σύνοδος
943 2236 1130 2308 προγινιστόρα
1148 2237 1195 2304 μίν
1209 2233 1263 2287 ι’στι
1276 2241 1321 2296 τῆς
1335 2234 1362 2286 όν
1375 2235 1483 2302 Νικαίιρ,

285 2322 428 2397 διυτιρεόιι
437 2324 465 2378 δέ
477 2325 521 2379 διὰ
534 2329 582 2389 τὴν
593 2325 829 2395 τῆςοίκουμινικῆς
844 2323 958 2378 συνόδου
976 2323 1127 2377 αδδιντίανι
1158 2325 1306 2396 Ἀπόρασις
1324 2323 1484 2384 ἐπισκόπων,

288 2412 397 2486 ἀριθμῷ
415 2413 466 2476 πδ,
490 2413 684 2487 όρμηντυθιίσα
706 2414 842 2477 ἐλληνιστί
862 2413 889 2467 ἐκ
907 2419 960 2468 τῶν
976 2413 1136 2486 δωμαῖκιῖιν,
1156 2413 1214 2488 περί
1227 2419 1274 2467 τοῦ
1287 2413 1340 2468 δεῖν
1354 2411 1483 2485 βαπτίζε-

287 2505 355 2556 σθαι
376 2505 438 2565 τοδς
466 2504 628 2577 αίριτιιισός,
656 2504 848 2574 συναχθίντων
876 2503 913 2564 ιές
931 2503 1097 2576 Καρχηδόνα
1127 2503 1270 2564 καλάνδαις
1299 2499 1484 2574 σιπτιμβρίαις

241 2612 269 2650 20
286 2593 339 2645 άπδ
366 2592 494 2666 Ἀφρικῆς
514 2596 557 2646 καί
575 2593 722 2663 Νουμιδίας
735 2597 780 2648 καί
793 2595 990 2666 Μαυρητανίας,
1011 2594 1076 2662 μετὰ
1089 2590 1273 2664 πρισβυτίρων
1287 2594 1330 2645 καί
1343 2590 1482 2652 διακόνων,

286 2681 415 2752 παρόντος
429 2683 472 2734 καί
485 2685 532 2733 τοῦ
546 2680 666 2741 πλείονος
679 2682 774 2755 μίρους
787 2684 836 2734 τοῦ
849 2682 926 2734 λαοῦ.
948 2679 1176 2750 ἀναγνωσθίντων
1188 2682 1351 2753 γραμμάτων
1369 2675 1483 2748 Ἰουβια-

287 2773 334 2821 νοῦ
354 2769 496 2822 ἐπισκόπου
515 2773 579 2842 πρδς
602 2773 752 2844 Κυπριανδν
773 2773 817 2824 καί
839 2771 993 2842 Κυπριανοῦ
1011 2772 1075 2841 πρός
1095 2771 1140 2822 τόν
1160 2767 1239 2822 αδτδν
1257 2765 1403 2838 ’ίουβιανδν
1425 2770 1483 2839 πιρί

287 2863 334 2910 τοῦ
348 2857 401 2910 δεῖν
414 2856 596 2928 βαπτιςισθαι
609 2860 671 2918 τοὺς
684 2857 837 2932 αίριτικούς.
856 2857 999 2925 ἀναγκαῖον
1012 2857 1042 2909 δέ
1061 2857 1221 2926 ἡγησάμην,
1243 2853 1266 2910 ὦ
1280 2857 1410 2928 Θιόριλι,
1435 2855 1483 2918 δη-

286 2949 375 3002 λῶσαί
389 2965 432 3000 σοι
451 2947 482 3001 οδ
495 2951 574 3018 μόνον
589 2946 626 3010 ὡς
639 2949 652 3000 ό
667 2951 795 3022 μακάριος
808 2947 955 3021 άπικὴρυξι
967 2950 1030 3008 τοὺς
1043 2951 1236 3018 σχισματικοίις
1249 2951 1294 3002 καί
1305 2949 1334 3001 τό
1345 2947 1484 3019 βάπτισμα

242 3058 269 3097 2⁵
288 3037 477 3106 ἀνιδιμάτισιν
485 3037 582 3102 αὐτῶν,
593 3038 665 3094 οίλλά
675 3057 705 3108 γι
714 3042 758 3092 καί
771 3039 801 3104 ἐξ
814 3039 938 3110 ἀρχαίων
952 3037 1036 3091 ίιιανοί
1048 3037 1144 3090 τίλιιοι
1157 3041 1201 3090 καί
1214 3037 1337 3110 ίμρρινις
1346 3037 1484 3092 ἐπίσκοποι

287 3130 344 3199 πιρί
367 3128 461 3182 τούτου
482 3129 657 3192 συνελθόντες
673 3131 717 3182 καί
735 3135 808 3190 κοινῆ
828 3130 988 3198 σκεψάμενοι
1009 3126 1110 3198 ὥρισαν
1121 3129 1183 3186 τοίις
1197 3129 1388 3196 σχισματικοίις
1403 3126 1484 3199 ἐρχο-

286 3217 380 3284 μίνους
398 3215 436 3276 τίς
458 3220 505 3278 τὴν
527 3217 669 3279 ἐκκλησίαν
689 3214 937 3287 άναβαπτίζισθαι,
957 3213 1115 3288 δκυροῡντις
1131 3215 1174 3267 καί
1194 3213 1436 3282 ἀναᾶιματίζοντις
1454 3217 1483 3268 τδ

287 3306 358 3376 παρὰ
368 3310 420 3356 τῶν
429 3303 568 3378 αίριτικὼν
582 3307 641 3368 ἤτοι
656 3308 839 3375 σχισματικῶν
853 3303 988 3373 διδόμενον
1001 3303 1154 3375 βάπτισμα,
1168 3305 1212 3356 καί
1226 3307 1284 3375 πιρὶ
1296 3304 1391 3356 τούτου
1405 3303 1484 3356 σύνο-

286 3392 331 3445 δον
354 3393 531 3446 συνεκάλεσαν
551 3394 588 3454 ιίς
605 3397 652 3456 την
673 3393 836 3467 Καρχηδόνα
855 3393 1005 3448 ἐπισκόπων
1025 3395 1069 3445 τδν
1091 3391 1206 3466 ἀριθμόν
1230 3392 1277 3455 πδ,
1298 3395 1364 3462 nib*
1383 3387 1484 3446 ὤνκαὶ

243 3499 270 3536 ιιο
290 3483 437 3554 Κυπριανδς
450 3482 464 3534 δ
478 3479 593 3554 ἀρχαῖος
603 3487 645 3537 καί
659 3483 789 3553 διάσημος
802 3483 944 3544 ἐπίσκοπος
953 3483 998 3536 καί
1009 3485 1057 3543 τάς
1067 3483 1215 3555 άπαράσιις
1230 3483 1343 3537 ἑκάστου
1356 3483 1482 3545 δηλῶσαί

287 3589 328 3626 σοι
349 3572 516 3631 ἐσπούδασα.
536 3571 567 3626 οδ
591 3577 641 3642 μην
660 3573 731 3626 άλλὰ
753 3573 797 3626 καί
822 3577 874 3626 τῶν
903 3573 1052 3628 ἐπισκόπων
1073 3572 1212 3635 ἐπιστολὴν
1246 3579 1393 3646 γραφεῖσαν
1421 3572 1484 3644 παρ’

287 3659 374 3714 αὐτῶν
388 3661 445 3733 περί
464 3666 510 3714 τοῦ
529 3659 720 3732 βαπτίσματος,
741 3661 777 3715 ι’τι
801 3663 844 3714 καί
865 3666 911 3715 τοῦ
937 3663 1054 3731 μεγάλου
1088 3666 1239 3736 Κυπριανοῦ
1264 3661 1422 3715 ἀποστεῖλαί
1441 3680 1484 3715 σοι

289 3751 452 3805 ἐσπούδασα.

381 3845 543 3916 Ἐπιστολὴ
568 3858 724 3933 γραφεῖσα
749 3851 837 3931 παρὰ
862 3857 950 3908 τινῶν
967 3849 1147 3922 ἐπισκόπων,
1173 3845 1215 3906 ὡν
1232 3845 1275 3915 είς
1291 3847 1326 3915 δν
1347 3847 1484 3928 Κυπρια-

242 3979 270 4019 an
287 3959 338 4024 νίς
363 3955 379 4016 ό
405 3957 540 4040 ἀρχαῖος
569 3961 619 4017 καί
649 3953 802 4037 διάσημος
836 3957 996 4024 ἐπίσκοπος
1030 3959 1107 4038 πρός
1142 3955 1266 4038 ίτέρους
1302 3956 1482 4024 ἐπισκόπους

371 4118 378 4151 1
395 4111 480 4153 τυπτον.
496 4134 522 4142 -
537 4116 550 4152 ἐ
564 4113 652 4153 κτίνιυν,
666 4135 687 4142 -
706 4118 729 4152 11
746 4109 827 4153 titia.
843 4135 869 4142 —
885 4116 910 4153 14
924 4125 947 4164 ρ.
963 4111 1045 4152 ἐθ-δδ
1059 4111 1090 4150 λδ.
1106 4105 1234 4151 ΣΥΝΟΔΟΣ
1250 4106 1433 4154 ΗΓΕΝΟΜΕΝΗ
1449 4109 1484 4154 iti

288 4179 410 4236 Κυπριανοῦ
429 4182 468 4224 τοῦ
489 4180 613 4236 όχιιοτάτυυ
629 4183 744 4225 ἐπισκόπου
759 4181 897 4239 Καρχηδόνος
916 4185 951 4224 καί
967 4181 1073 4238 μάρτυρος
1093 4183 1207 4234 interlpnii
1222 4183 1322 4224 Ζουιευο
1337 4185 1406 4224 editio
1425 4187 1483 4234 pui-

288 4256 370 4294 niensis
386 4256 446 4305 (anni
464 4255 524 4306 1⁶18)
539 4257 554 4294 i.
571 4267 591 4295 ιι.
608 4255 659 4308 Μ]
675 4255 696 4296 ἐν
712 4252 834 4310 Καρχηδόνι
847 4253 950 4313 χινομίνη
965 4253 1061 4308 σύνοδος,
1076 4253 1102 4307 ἧς
1116 4254 1206 4310 ἐξῆρχον
1223 4255 1234 4297 ό
1249 4253 1315 4311 μάχας
1330 4254 1456 4310 Κυπριανδς.
1473 4256 1485 4298 δ

288 4321 416 4380 ἰιρόμαρτυς
431 4323 544 4370 ίπίσκηπις
559 4321 590 4366 ὤν
602 4323 741 4382 Καρχηδόνος
756 4338 776 4377 g.
787 4348 814 4357 -
828 4330 854 4368 2⁰
870 4323 995 4380 Νουμι,δίσς
1005 4329 1035 4366 ii.
1046 4348 1073 4357 -
1087 4329 1114 4368 iio
1129 4325 1226 4380 διόσίμος
1241 4329 1277 4370 καί
1292 4325 1382 4384 ἀρχαῖος
1396 4331 1426 4380 Μ,
1443 4330 1483 4369 σεδ

285 4399 357 4438 literis
373 4409 386 4436 α
401 4399 423 4436 οι
438 4395 450 4448 β
465 4398 574 4448 impositis
589 4400 643 4438 ordo
659 4401 788 4439 emendatus
804 4403 845 4439 οτι.
861 4420 887 4428 -
902 4400 928 4438 δέ
944 4395 1063 4452 Ἐπιστολὴ
1078 4397 1117 4440 τοδ
1132 4398 1229 4453 μεχάλου
1244 4397 1366 4454 Κυπριανοῡ
1381 4399 1432 4454 πρός
1446 4402 1483 4441 τόν

286 4465 391 4520 Ἰοβιανὸν
415 4469 451 4508 καί
472 4467 557 4509 ἐκείνου
572 4468 739 4514 σνντιιισιιδπουτ
758 4468 873 4520 inscripsit
887 4471 911 4512 Ρ.
928 4475 1027 4512 ceterum
1041 4472 1140 4512 Ζοιιατιιι
1161 4484 1184 4512 ιο
1205 4475 1252 4512 κατ’
1273 4471 1377 4525 ίπιτομὴν
1399 4479 1484 4512 tantum

285 4552 381 4580 ειιιοιιαιι
396 4542 484 4580 concilii
499 4539 685 4592 carthaginiensis
701 4543 743 4580 snb
759 4541 871 4592 cyprino
892 4543 961 4582 nubiti
976 4544 1095 4584 allaturum
1110 4545 1167 4584 dixit
1181 4555 1202 4594 ρ.
1214 4545 1283 4586 λίδΒ
1294 4545 1329 4586 οδ.
1345 4547 1415 4596 paris.
1432 4547 1485 4586 ΙΙεοι
