3120 4980
128 281 246 336 XXXII

200 464 238 518 18
263 462 480 541 χειροτονήσας
499 458 598 517 αύτύν.

202 573 239 627 19
264 573 305 647 μὴ
326 561 412 640 δείξοι
433 569 476 627 ὅτι
494 588 525 628 π.
541 568 696 649 αἰρετικῶν
715 585 795 635 τινος
814 568 877 649 ἐχει
894 573 946 636 τήν
964 571 1086 650 πρωτην
1103 568 1298 646 χειροτονίαν.

131 673 173 738 32
221 682 238 736 3
264 677 313 736 καί
329 680 534 759 παρασκευὴν.

221 792 237 844 7
265 780 305 846 de
318 801 396 845 voce
406 777 488 855 ξένια
501 778 627 844 dubito:
642 785 747 850 monn
762 781 835 844 ἄλλο
848 805 876 843 τι
889 793 1030 845 τοιοῦτον.
1045 790 1077 844 et
1089 802 1134 843 vs.
1144 782 1309 860 8λαίκόςῇ.

221 900 239 952 9
264 891 367 954 ἐθνῶν
389 894 408 960 ἦ
431 889 539 973 λύχνον
556 895 598 960 τίς
615 897 810 974 συναγωγὴν.
829 911 875 952 vs.
897 897 935 951 10
953 895 983 952 ἐν
1002 937 1010 954 .
1030 938 1037 954 .
1058 938 1065 953 .
1085 893 1173 955 ἅπτοι
1189 917 1225 952 νυ.

202 1007 235 1062 ll
266 1003 361 1084 ἁγίας
376 1026 413 1060 ιν.

203 1117 240 1170 13
266 1108 422 1192 ἀγιασθέν
438 1115 511 1192 post
527 1107 651 1180 ὀθόνην.
668 1127 731 1168 vox
751 1109 847 1177 ύθύνη
864 1105 1025 1170 semitien:
1051 1108 1088 1170 ef.
1108 1122 1192 1202 πογιγ.

204 1225 241 1279 14
268 1237 346 1304 ρωρ.
371 1224 459 1278 τοῦτο
481 1227 585 1278 ποιῶν.
616 1235 691 1278 mox
719 1222 756 1276 15
780 1219 975 1299 ἐπιτιμᾶσθω
999 1212 1311 1303 [utp.33‚11]÷.

268 1332 317 1387 καί
333 1325 546 1411 ἀροριζέοθω.
569 1307 575 1320 '

202 1442 242 1496 16
268 1439 541 1518 κατηγορούμενον.
559 1469 601 1480 -
618 1437 705 1518 παρὰ
722 1445 835 1496 πιστῶν
851 1439 900 1495 καί
918 1429 1105 1506 ἀξιοληπτων
1123 1434 1311 1518 ἀνθρώπων,

267 1539 324 1604 sed
339 1547 426 1627 παρὰ
442 1537 528 1627 Syro
545 1540 642 1624 apud.

206 1658 244 1712 18
269 1648 395 1737 virgula
411 1659 484 1736 post
500 1653 594 1714 αὐτοῦ
609 1650 806 1712 transfertur.

200 1768 240 1821 ‘20
267 1763 357 1823 αὐτὸν
373 1765 422 1821 καί
439 1757 503 1822 δύο.

132 1868 174 1931 33
226 1877 238 1929 1
265 1878 477 1956 καταφρονῶν.

222 1984 239 2036 2
265 1982 345 2039 κατὰ
368 1986 422 2039 τοῦ
438 1981 572 2039 τοιούτου
594 1981 634 2037 τὰ
657 1975 801 2038 δοκοῦντα
826 1981 912 2056 αῦτη.
943 1996 1017 2038 mox
1037 1975 1181 2061 κερδᾶναί
1204 1999 1230 2037 τι
1253 1985 1313 2038 τῶν

266 2084 459 2172 ρνγοδικιῶν.

223 2202 240 2255 3
267 2191 496 2280 προσδέχεσθαι
515 2222 552 2244 =
572 2192 805 2278 προσδεχέσθω.
828 2221 836 2242 ·

226 2311 241 2364 7
268 2303 322 2373 οὓς
339 2306 432 2374 αύτός
448 2300 600 2385 βούλεται.
624 2299 656 2363 in
673 2300 818 2388 margine
835 2300 876 2366 ad
889 2306 941 2375 οὓς
956 2299 1152 2388 adscriptum
1169 2305 1223 2375 ὡς.

225 2419 243 2474 8
268 2416 431 2481 ἐπισκοπῆς
448 2413 542 2472 αύτοῦ
559 2431 591 2472 π.
617 2431 692 2474 mox
708 2432 753 2473 vs.
773 2419 790 2471 9
810 2418 862 2484 την
878 2422 930 2475 τοῦ
947 2423 1073 2498 χριστοῦ
1089 2411 1256 2482 ἐκκλησίαν.

204 2530 242 2583 10
266 2522 477 2607 κληρονομίας.

204 2639 240 2691 12
266 2632 297 2712 ᾗ,
321 2633 340 2700 ἣ
365 2634 414 2691 τὸν
439 2629 537 2714 ἕτερον
562 2627 725 2713 ὀφθαλμὸν
750 2633 842 2691 αὐτοῦ
864 2628 992 2716 τνρλός,
1015 2633 1084 2700 ἦτύ
1101 2628 1203 2700 σκέλος
1221 2630 1315 2690 αὐτοῦ

267 2736 476 2821 πεπληγμένος
492 2743 541 2798 καί
558 2736 717 2821 χωλεύων,
736 2733 832 2811 ἄξιος.

204 2857 242 2910 13
269 2851 346 2910 ἐστιν
365 2874 401 2908 m.
426 2866 502 2908 mox
522 2851 560 2905 15
578 2849 596 2915 ἦ
613 2865 672 2930 pro
688 2853 747 2907 καί.

135 2957 177 3020 34
224 2965 242 3016 3
267 2961 285 3028 η
305 3003 312 3018 .
332 3002 340 3017 .
360 2953 605 3039 ,καθαιρείσθω
621 2981 661 3028 ως
684 2951 716 3014 in
740 2951 855 3016 horum
877 2953 1049 3018 verborum
1071 2953 1143 3018 loeo
1165 2950 1314 3016 substitu-

268 3074 379 3126 untur:
404 3065 431 3126 εἰ
447 3061 481 3126 δέ
496 3069 550 3146 μη,
568 3059 761 3138 ἐξωθείσθω.
1062 3121 1064 3128 ,

226 3181 254 3232 7.
270 3179 288 3233 8
314 3177 505 3258 χειροτονίας
521 3169 662 3255 βαθμόν.
682 3209 723 3217 -
740 3179 789 3234 καί
807 3193 851 3232 vs.
873 3179 887 3231 7
906 3199 941 3232 ιν.
959 3169 1124 3242 KQ?

225 3287 242 3340 8
269 3283 313 3352 ὡς
336 3301 395 3367 pro
418 3279 492 3351 οίος.
511 3317 553 3328 -
578 3291 789 3364 συγχωροῦσιν
815 3285 900 3362 αὐτῷ
924 3290 955 3344 et
976 3303 1051 3346 mox
1069 3281 1263 3366 ἐλευθεροῦσι
1285 3288 1316 3340 et

271 3385 529 3463 ἐξαποστέλλουσι.

208 3505 244 3558 10
271 3509 335 3572 τοῖς
352 3509 406 3568 τῆς
423 3505 584 3582 στρατείας
601 3507 634 3560 ut
650 3494 784 3560 videtur.
811 3498 971 3584 σχολάζων
991 3504 1042 3579 †.

207 3615 243 3667 ll
272 3610 432 3694 ἀμφότερα
448 3617 558 3684 ποιεῖν,
575 3612 711 3691 κατέχειν
729 3610 808 3693 βωμ.
827 3611 885 3670 κτέ.

206 3723 243 3777 12
269 3715 495 3801 καθαιρεῖσθαι
512 3714 565 3778 δεῖ.

207 3833 244 3886 16
270 3828 323 3910 ἅγ.
342 3835 452 3887 ταῦτα.
469 3861 512 3870 -
535 3821 690 3896 διαθηκης
707 3828 818 3896 οὕτως·
841 3826 998 3896 Μωῦσέως
1010 3822 1119 3909 βιβλία
1133 3829 1236 3902 πέντε,
1255 3820 1317 3884 siu-

269 3931 419 4020 gulorum
436 3931 590 3996 librorum
608 3930 789 3995 nominibus
805 3932 938 3996 omissis.

206 4049 244 4102 18
269 4055 325 4114 τῆς
350 4089 357 4104 .
386 4089 394 4104 .
421 4089 429 4104 .
454 4047 574 4127 ἡμερῶν
602 4069 645 4120 ω,
677 4038 734 4103 sed
761 4040 795 4102 in
823 4041 969 4128 margine
997 4063 1037 4104 m.
1066 4061 1130 4104 rec.
1155 4039 1238 4104 τοῦτ’
1255 4044 1317 4102 ἐστι

270 4167 324 4242 μα’
337 4167 395 4220 'm
408 4168 468 4218 ἰῦῦ
483 4148 584 4213 literis
600 4148 732 4236 syriacis
749 4148 876 4236 scripta.

207 4265 244 4318 19
272 4258 406 4343 Ἐσθὴρ,
424 4261 465 4321 ἔν·
486 4258 615 4339 Ἰουδίθ,
633 4263 675 4322 ἕν·
690 4258 806 4344 Τωβίτ,
823 4261 863 4321 ἐν’
877 4256 1101 4341 Μακκαβαίων,
1118 4279 1151 4342 γ·
1171 4255 1257 4340 Ἰώβ,
1275 4259 1317 4319 ἐν·

272 4364 383 4450 βίβλος
399 4367 528 4451 ψαλμῶν
541 4390 610 4454 ρνα,
624 4369 665 4430 ἕν·
688 4369 884 4451 Σολομῶντος
902 4365 1009 4451 βιβλία
1027 4390 1051 4440 ε,
1068 4364 1192 4429 omissis
1209 4385 1319 4429 eorum

270 4472 460 4538 nominibus,
