3052 4974
283 413 323 474 ιε
1348 399 1396 472 λῑ

280 593 352 654 τον,
373 569 612 656 άνεκίληπτον,
632 569 809 655 ἀνέπαφον
828 569 937 653 πάσης
955 566 1088 646 ἀδικίας
1105 564 1313 653 ἀνθρώπων,
1336 566 1399 634 οὑκ
1511 586 1516 655 Ι

281 665 419 737 ἔλαττον
445 672 531 736 ἐτοῖν
550 669 775 755 πεντήκοντα,
805 669 856 736 ὅτι
881 671 995 758 τρόπῳ
1019 669 1087 737 τινὶ
1114 669 1172 748 τάς
1197 668 1400 755 νεωτερικὰς
1512 662 1519 793 Ι

281 775 465 857 ἐπιθυμίας
496 771 638 850 καλιάς
664 775 790 852 ἔξωθεν
819 770 980 857 διαβολάς
1010 771 1226 857 ἐκπεῳενγοὺς
1255 769 1398 858 ὑπάρχει
1514 798 1517 807 ·

280 873 364 960 πρὸς
391 873 449 951 τάς
478 877 583 940 τινοῖν
620 875 865 959 ψευδαδέλφων
895 877 942 952 εἰς
975 874 1122 951 πολλούς
1154 877 1399 961 ἐπιφερομένας

244 980 494 1063 οβλασφημίας
516 973 557 1040 ού
577 976 816 1059 γινωσκόντων
843 975 932 1061 ῥῆμα
956 979 1043 1041 θεοῦ
1065 974 1104 1040 τὸ
1126 976 1165 1041 έν
1186 979 1234 1063 τῷ
1258 973 1399 1060 εύαγγε-
1515 956 1520 977 ’

279 1083 342 1166 λίῳ
363 1077 539 1162 εἰρημένον
555 1071 612 1154 ’Ὁς
632 1073 676 1143 άυ
688 1069 775 1164 ἐίπη
797 1078 885 1164 ῥῆμα
907 1075 1031 1164 άργόν,
1053 1076 1222 1143 άποδάσει
1240 1077 1317 1161 περὶ
1336 1075 1399 1143 αύ-

279 1184 341 1246 τοῦ
363 1180 465 1264 λόγον
484 1181 532 1267 τῳ
553 1183 660 1267 κυρίῳ
681 1179 719 1246 ἐν
740 1177 847 1266 ἡμέρα
867 1183 1018 1263 κρίσεως.
1057 1178 1114 1245 καὶ
1133 1180 1238 1245 πάλιν
1253 1178 1308 1246 Ἐκ
1329 1180 1400 1246 τοῖν

280 1281 391 1365 λόγων
413 1297 476 1347 σου
498 1281 731 1366 δικαιωθήσῃ,
765 1279 821 1346 καὶ
853 1282 891 1347 ἐκ
922 1283 991 1346 τοῖν
1024 1280 1136 1364 λόγων
1167 1298 1232 1348 σου
1258 1282 1398 1347 καταδι-

279 1383 447 1469 κασθήσῃ.
491 1385 575 1468 ἔστω
597 1371 671 1465 οὑν,
693 1384 726 1447 εί
744 1382 904 1465 δυνατόν,
927 1383 1206 1467 πεπαιδευμένος·
1231 1385 1263 1450 εἰ
1282 1383 1321 1448 δὲ
1341 1383 1399 1448 καί

231 1497 263 1550 10
280 1483 510 1570 ἀγράμματος,
544 1482 620 1550 ἀλλ’
656 1473 720 1549 οὑν
742 1487 897 1570 ἔμπειρος
918 1488 987 1550 των
1008 1485 1138 1568 λόγων,
1169 1485 1334 1570 καθήκων
1356 1490 1398 1571 τῇ

278 1582 401 1673 ἡλικίᾳ.
447 1588 480 1651 εί
498 1588 535 1652 δὲ
558 1587 616 1652 καὶ
639 1587 677 1652 ἐν
698 1590 857 1673 παροικίᾳ
878 1591 982 1674 μικρᾷ
1002 1582 1199 1673 ὑπαρχούσῃ
1220 1608 1288 1652 πον
1312 1609 1398 1674 κρο-

278 1686 431 1774 βεβηιαός
451 1691 498 1776 τῷ
517 1689 628 1776 χρόνῳ
653 1686 697 1773 μή
721 1684 914 1774 εὑρίσκηται
940 1690 1236 1774 μεμαρτυρημένος
1260 1689 1318 1754 καλ
1338 1708 1398 1756 σο-

279 1787 343 1875 φός
366 1792 414 1867 είς
438 1788 626 1874 ἐπισκοπὴν
649 1794 918 1874 κατασταθῆναι,
949 1791 1024 1866 νέος
1042 1780 1126 1876 δεῇ
1154 1792 1238 1875 ἐκεῖ,
1268 1813 1398 1876 μεμαρ-

278 1891 464 1977 τυρημένος
477 1887 544 1956 ὑπὸ
558 1894 628 1956 τόν
648 1893 824 1958 συνόντων
841 1888 932 1978 αύτῷ
949 1889 994 1969 κός
1010 1891 1101 1972 ἄξιος
1122 1893 1316 1978 ἐπισκοπῆς,
1340 1893 1397 1958 διά

230 2005 262 2058 15
278 1995 338 2076 τῆς
365 1993 520 2075 νεότητος
545 1995 583 2058 ἐν
608 1991 771 2080 πραΰτητι
792 1992 849 2059 καὶ
874 1989 1009 2086 εὐταξία
1032 1997 1139 2080 γῆρας
1163 1995 1398 2080 ἐπιδεικνύμε-

278 2117 353 2177 νος,
383 2092 601 2177 δοκιμασθεὶς
625 2097 657 2160 εἰ
682 2092 749 2162 ὑπό
775 2098 843 2161 τάν
871 2095 1009 2192 πάντων
1036 2093 1142 2174 οὕτως
1167 2109 1397 2184 μαρτυρείτω,

279 2195 500 2262 καθιστάσθω
522 2197 560 2262 ἐν
583 2197 710 2283 εἰρήνη.
755 2195 898 2283 καὶγὰρ
921 2195 1085 2282 Σολομῶν
1110 2197 1319 2284 δωδεκαειής
1336 2203 1398 2265 τοῦ

275 2295 405 2384 Ἰσραήλ
429 2299 664 2383 ἐβασίλευσεν,
693 2299 749 2364 καὶ
767 2298 896 2378 Ἰωσίας
919 2300 957 2365 ἐν
979 2299 1178 2387 δικαιοσύνη
1200 2297 1287 2368 όκτιό
1311 2303 1398 2368 ἐτοῖν

280 2401 516 2484 ἐβασίλευσεν,
540 2397 661 2486 ὁμοίως
676 2403 714 2466 δὲ
736 2399 896 2477 καΙἸωάς
909 2400 992 2466 ἑπτά
1013 2404 1099 2468 ἐτοῖν
1116 2392 1196 2488 ἦρξε
1215 2405 1277 2468 τοῦ
1297 2405 1394 2470 λαοῦ.

227 2510 262 2562 20
279 2497 364 2565 ὥστε
384 2503 416 2566 εί
431 2501 488 2566 καὶ
511 2503 602 2585 νέος,
627 2501 713 2568 άλλά
735 2507 841 2588 πρᾶος
862 2497 1035 2589 ὑπαρχέτω
1051 2502 1161 2581 δείλύς
1176 2527 1212 2570 τε
1234 2504 1291 2569 καὶ
1309 2501 1397 2590 ἡσύ-

278 2624 365 2686 χιος·
401 2601 452 2667 ὅτι
479 2604 568 2688 λέγει
598 2603 655 2670 διά
682 2609 743 2671 τού
760 2603 898 2671 Ἠσαίου
926 2604 1043 2692 κύριος
1072 2602 1195 2682 όθεὺς
1220 2603 1293 2671 Ἐπὶ
1318 2610 1397 2672 τίνα

280 2704 465 2787 ἐπιβλέψει,
500 2703 570 2770 ἀλλ’
604 2701 627 2791 ἦ
658 2706 713 2772 ἐπί
740 2705 800 2771 τόν
827 2710 939 2792 πρᾶον
965 2705 1022 2772 καλ
1056 2702 1198 2792 ἡσύχιον
1229 2705 1287 2773 καί
1319 2709 1397 2792 τρέ-

277 2805 386 2888 μοντά
405 2829 472 2890 μου
492 2803 570 2884 τούς
591 2806 712 2890 λόγους
729 2809 762 2887 *ς
785 2804 906 2892 ὁμοίως
928 2809 984 2874 καὶ
1007 2810 1110 2896 ἐντῷ
1131 2806 1314 2898 εύαγγελίῳ
1336 2809 1397 2876 ού-

278 2929 357 2983 τως·
389 2907 563 2993 Μακάριοι
592 2909 629 2973 ολ
651 2919 784 2993 πραεῖς,
815 2907 865 2973 ὅτι
895 2907 990 2974 αὑτοὶ
1018 2909 1312 2995 κληρονομήσουσι
1333 2909 1398 2995 τήν

135 3034 146 3052 ·
227 3019 260 3070 25
277 3011 353 3092 γῆν.
395 3011 479 3076 ἔστω
503 2999 567 3075 ούν
588 3008 645 3075 καλ
669 3009 836 3094 ἐλεήμων,
865 3007 915 3075 ότι
942 3010 1046 3077 πάλιν
1072 3017 1200 3098 εἴρηται
1221 3013 1397 3099 Μακάριοι

279 3111 314 3178 ol
333 3109 522 3196 ἐλεήμονες,
542 3110 592 3177 ὅτι
613 3107 709 3176 αὑτοὶ
731 3111 983 3197 ἐλεηθήσονται.
1019 3116 1102 3180 ἔστω
1124 3114 1162 3180 δὲ
1184 3112 1241 3180 καὶ
1262 3116 1394 3200 εἰρηνο-

345 3315 529 3452 ξδΜλριλΙιὴΙὲ,
548 3318 581 3452 ξύ
603 3317 639 3387 Ιλ
658 3319 743 3370 ΜαεΙΙι
762 3320 802 3383 12,
821 3319 854 3371 37
870 3318 874 3384 Ι
888 3319 920 3371 21
941 3319 997 3385 ΙεαΙ
1016 3319 1063 3385 66,
1081 3323 1098 3372 2
1119 3320 1124 3385 Ι
1146 3321 1180 3372 24
1197 3320 1286 3372 Μαῐιλι
1303 3320 1333 3380 5,
1352 3320 1369 3369 5
1389 3335 1395 3404 Ι

426 3407 468 3452 att
526 3439 533 3464 ‚

279 3601 292 3651 λ
311 3589 429 3662 α’διιιίας
447 3609 506 3668 ιρι,
525 3603 667 3671 πονηρίας
683 3623 708 3656 w
733 3607 738 3670 Ι
764 3608 780 3657 2
798 3606 969 3660 κεντίκονια
984 3625 1017 3672 ιι,
1039 3609 1065 3662 ῐ
1075 3625 1094 3674 y
1108 3610 1113 3674 Ι
1128 3609 1144 3664 3
1163 3601 1323 3684 ἐπιθυμίας
1340 3625 1395 3670 wx,

277 3677 447 3752 άταξίαςγι
465 3689 540 3740 etin
557 3691 681 3756 margine
699 3707 717 3742 x
734 3692 783 3744 τοδ
804 3691 878 3742 nullo
903 3694 983 3759 signo
1006 3694 1041 3744 ad
1063 3686 1223 3762 ἐπιθυμίας
1245 3695 1363 3748 relatum
1389 3695 1395 3762 Ι

277 3765 466 3838 όείρημόνον
481 3773 516 3836 >
532 3778 563 3838 yt
577 3771 614 3840 Ιδ
631 3773 706 3826 είκει
724 3792 757 3838 w,
776 3771 884 3845 λαίήση
901 3783 932 3842 γι
946 3779 950 3842 Ι
965 3777 983 3828 6
1000 3769 1087 3844 δημγ
1102 3781 1106 3844 Ι
1120 3778 1174 3832 8.9
1192 3773 1396 3848 κατακριθήση

277 3869 302 3906 w
316 3854 320 3918 Ι
335 3855 353 3906 9
370 3850 399 3907 ελ
415 3851 542 3909 δυνατὸν
558 3857 592 3921 >
609 3865 621 3909 t
636 3858 673 3925 Ι9
690 3854 718 3910 εί
735 3853 768 3912 δὲ
784 3861 818 3925 >
836 3867 848 3912 ι
867 3863 871 3926 Ι
893 3862 924 3912 10
941 3851 1126 3930 α’γράμμαιος
1143 3855 1213 3914 άλλ’
1230 3851 1283 3916 οὑν
1299 3865 1363 3928 >t
1387 3872 1393 3943 Ι

280 3938 311 3991 10
327 3939 380 3992 τού
397 3934 483 4007 λόγου
503 3947 536 4007 yt
555 3940 559 4008 Ι
581 3943 612 3994 12
631 3935 792 4010 εὑρίσκεται
809 3963 847 4010 w,
872 3937 1044 4012 εύρήσιιηται
1061 3963 1080 4012 y
1099 3947 1103 4010 Ι
1127 3949 1158 4000 12
1180 3945 1397 4015 μιμαρκυρημέ·

277 4040 327 4084 νος
403 4025 434 4078 λδ
452 4017 516 4078 ἐκεῖ
528 4027 563 4091 >
579 4031 592 4078 ι
606 4030 612 4088 Ι
628 4027 659 4079 13
677 4021 833 4081 ἐπίσκοπον
851 4047 875 4080 w
889 4029 895 4094 Ι
911 4031 942 4082 15
961 4022 1075 4095 ἐν>ἰιι
1092 4031 1245 4100 εοεατεαΙ
1262 4034 1294 4086 λδ
1306 4025 1397 4099 κραό·

277 4125 339 4175 τητι
356 4114 388 4175 γε
402 4110 406 4174 Ι
423 4109 455 4160 1ss
472 4103 588 4162 πάντων
606 4128 661 4176 wx,
681 4107 816 4166 τοιούτων
832 4119 863 4180 γλ
877 4111 883 4180 Ι
899 4112 931 4165 16
948 4103 1037 4177 οὑτως
1052 4117 1087 4181 >
1104 4123 1135 4182 yt
1152 4118 1158 4173 Ι
1180 4117 1213 4169 18
1230 4109 1397 4186 ἐβασίλευσε

277 4195 308 4258 ιΙ
326 4194 357 4245 19
374 4181 461 4262 ἧρξεν
477 4211 495 4246 ιι
510 4195 514 4262 Ι
529 4196 563 4248 20
581 4190 675 4256 δεῖλός
692 4214 721 4250 τε
738 4197 773 4262 >
789 4198 819 4248 in
836 4214 971 4251 murm
989 4198 995 4269 Ι
1014 4203 1047 4252 22
1065 4201 1160 4266 πράον
1177 4219 1232 4266 τοι,
1256 4196 1397 4254 ταπεινόν

277 4283 308 4341 γι
332 4279 337 4342 Ι
361 4279 394 4332 23
417 4275 576 4339 διαπαντός
593 4277 627 4346 -Ι»
643 4288 674 4346 yt
693 4284 698 4346 Ι
717 4282 757 4334 23.
770 4285 803 4333 24
821 4274 895 4335 ούια
913 4291 924 4336 ι
939 4286 944 4352 Ι
958 4287 991 4336 24
1010 4283 1272 4354 κληρονομήσουσιν
1289 4305 1325 4352 xy
1339 4289 1344 4350 Ι
1359 4289 1395 4338 25

278 4347 331 4412 οὑκ
349 4379 398 4426 wx,
419 4358 452 4414 δέ
469 4373 500 4430 yt
515 4365 520 4431 Ι
534 4365 567 4415 26
586 4360 654 4416 ἔστω
718 4384 744 4432 p.
767 4366 804 4430 15,
824 4371 840 4419 2
858 4365 1126 4436 κληθήσονται>ι
