3128 4972
660 458 874 522 ..61-

160 635 318 694 strarant.
356 625 459 691 Vides
483 623 597 709 igitur,
620 626 752 690 omnino
776 648 828 692 me
852 647 919 691 non
941 647 1074 710 negare,
1097 626 1258 711 imprimis
1282 649 1368 693 mor·

160 746 205 814 tis
229 746 357 812 Christi
380 768 437 810 eos
461 747 525 810 hoc
548 745 601 810 die
625 767 696 812 esse
725 745 928 812 recordatos.
971 746 1019 810 Ut
1048 745 1134 811 enim
1165 746 1199 810 in
1227 747 1368 831 singulis

161 867 347 951 quibusque
381 887 502 930 coense
534 887 647 932 sacrae
679 864 1024 932 administrationibus
1059 867 1218 932 memoria
1251 867 1368 932 mortis

162 986 288 1052 Christi
310 987 536 1070 repetebatur,
558 985 606 1050 ita
626 985 726 1052 etiarn
743 988 807 1050 hoc
823 986 876 1052 die
892 985 976 1050 illud
992 985 1119 1050 factam
1136 1009 1207 1052 esse
1224 986 1368 1052 libenter

162 1107 320 1174 concedo.
368 1108 417 1170 At
442 1107 504 1170 hoc
526 1127 630 1190 nego,
658 1105 800 1170 Asianos
825 1106 924 1190 hujus
948 1105 1014 1170 diei
1037 1106 1295 1172 celebrationem
1318 1107 1367 1172 iu-

160 1226 323 1304 stituisse,
349 1225 425 1310 quie
448 1227 512 1291 hoe
531 1226 583 1290 die
600 1225 762 1290 Dominus
783 1225 872 1290 cruci
891 1233 980 1291 esset
996 1226 1128 1291 affixus.
1168 1227 1263 1292 Hanc
1280 1226 1367 1291 enirn

160 1345 364 1412 sententiam
382 1345 494 1412 fontes
512 1347 611 1431 plane
627 1345 798 1414 refellunt.
816 1385 857 1394 -
877 1345 1122 1412 Quaerentibus
1139 1354 1262 1426 autern,
1280 1347 1366 1412 unde

160 1469 261 1551 hujus
291 1465 357 1530 diei
381 1466 560 1530 celebratio
591 1466 752 1550 originem
782 1466 914 1531 duxerit
943 1472 1143 1550 etquenam
1169 1487 1204 1531 re
1233 1466 1368 1552 impulsi

161 1586 278 1653 Asiani
308 1607 381 1650 eam
409 1585 633 1664 instituerint,
664 1585 824 1650 ecelesiae
854 1585 1052 1650 christianae
1081 1585 1253 1651 historiam
1285 1595 1366 1670 puto

161 1729 356 1791 responsum
382 1706 458 1770 dare
487 1705 568 1770 satis
598 1707 783 1790 probabile.
829 1705 922 1770 Haec
950 1703 1037 1770 enirn
1067 1727 1127 1768 nos
1156 1705 1272 1784 docet,
1300 1728 1368 1770 non

160 1827 208 1892 ita
230 1849 304 1894 raro
329 1826 456 1890 factum
480 1847 570 1905 esse,
597 1834 636 1889 ut
657 1835 777 1910 gentes
801 1826 842 1890 ad
866 1847 959 1890 sacra
984 1824 1165 1890 christiana
1190 1845 1367 1890 conversae

161 1946 302 2031 pristina
325 1969 384 2010 sua
408 1945 583 2012 sollemnia
608 1968 674 2010 non
703 1947 800 2029 plane
827 1945 1069 2028 relinquerent,
1101 1945 1160 2010 sed
1188 1945 1300 2028 potius
1329 1967 1368 2010 ea

160 2074 331 2132 mutarent
354 2073 454 2150 etque
477 2065 511 2130 in
534 2065 632 2130 aliam
656 2065 750 2149 quasi
773 2073 941 2130 verterent
963 2073 1127 2144 naturam,
1149 2065 1198 2129 its
1221 2073 1259 2129 ut
1281 2071 1367 2130 tem-

160 2209 240 2272 pore
264 2185 397 2270 quidem
422 2185 654 2251 celebrationis
676 2192 807 2249 retento
837 2185 1011 2269 pristinam
1040 2193 1152 2250 temen
1182 2185 1365 2269 abjicerent

161 2308 233 2392 ejus
252 2314 406 2372 naturam
425 2305 636 2389 indolemque
656 2305 686 2369 ei
704 2305 890 2370 tribuerent
906 2305 1131 2370 christianam.
1172 2304 1247 2369 Quo
1264 2305 1365 2370 simili

159 2428 259 2492 modo
284 2426 459 2491 sollemnia
474 2424 613 2490 Judaiea
637 2447 712 2488 curn
735 2424 924 2490 christianis
947 2425 1104 2490 videntur
1126 2446 1198 2489 esse
1222 2433 1363 2490 mutata.

160 2548 280 2632 Itaque
300 2545 416 2611 Asiani
438 2551 571 2629 tempus
596 2545 728 2628 quidem
752 2543 880 2630 antiqui
903 2545 1071 2630 paschatis
1091 2545 1291 2626 retinebant,
1312 2567 1364 2610 res

160 2675 272 2732 autem
295 2665 451 2732 Judaicas
481 2687 556 2728 cum
586 2664 774 2730 christianis
805 2672 974 2730 mutantes
1003 2687 1061 2750 pro
1092 2665 1170 2750 agni
1198 2665 1364 2750 paschalis

161 2785 388 2853 immolatione
418 2785 545 2850 Christi
576 2785 692 2850 mortis
725 2785 916 2850 memoriam
948 2787 1143 2850 recolebant
1173 2793 1273 2868 atque
1305 2806 1363 2870 pro

160 2906 299 2972 Judaica
329 2927 432 2970 coena
460 2905 609 2990 paschali
638 2905 783 2970 edebant
812 2927 937 2970 sacram
969 2927 1105 2970 coenam
1139 2903 1362 2984 christianam,

161 3049 279 3111 eorpus
303 3033 339 3090 et
361 3025 556 3109 sanguinem
580 3025 682 3109 ipsius
707 3025 844 3090 Christi.
886 3025 1059 3090 Nolebant
1082 3024 1168 3088 enirn
1191 3023 1365 3107 pristinem

161 3145 436 3212 consuetudinem
459 3168 552 3210 suam
575 3145 674 3230 plane
699 3147 901 3230 relinquere;
932 3165 1038 3228 neque
1067 3154 1182 3207 tamen
1209 3149 1366 3226 poterant

160 3267 327 3351 integrum
360 3267 502 3331 retinere
535 3265 643 3350 ipsum
675 3288 799 3330 morem
831 3264 1017 3329 Judaicum.
1074 3262 1298 3327 Quamobrem
1331 3271 1365 3328 et

160 3386 252 3450 illem
276 3407 357 3470 erga
379 3386 522 3471 patrium
546 3407 671 3450 morem
696 3384 855 3469 pictatem
883 3393 918 3450 et
946 3383 1145 3449 christianae
1174 3383 1251 3448 fidei
1279 3383 1363 3448 inte·

160 3507 318 3591 gritetem
348 3506 395 3570 ita
424 3505 618 3584 servabant,
649 3511 688 3568 ut
718 3505 752 3568 in
784 3491 892 3569 rerum
922 3505 1133 3570 Judaicarum
1164 3505 1275 3570 locum
1308 3525 1364 3568 cas

161 3625 404 3692 substituerent
432 3625 646 3703 christianas,
678 3646 760 3709 quae
790 3624 857 3688 illis
885 3625 1140 3708 responderent,
1170 3625 1225 3688 vel
1252 3623 1363 3708 potius

160 3769 240 3830 quas
273 3746 361 3812 inter
392 3752 491 3828 atque
523 3745 599 3810 illas
631 3744 746 3809 eadem
777 3742 999 3810 intercederet
1029 3745 1130 3823 ratio,
1163 3765 1245 3828 quac
1277 3743 1364 3808 inter

161 3864 265 3949 ipsam
289 3887 358 3932 rem
384 3865 520 3950 ejusque
549 3865 739 3948 imaginem.
785 3864 834 3927 Ut
863 3864 950 3929 enim
980 3863 1177 3930 sacrificium
1206 3862 1363 3947 paschale

160 3985 370 4055 simulacrum
395 3993 466 4052 erat
484 3984 721 4049 immolationis
738 3983 875 4064 Christi,
897 3984 946 4052 ita
961 4006 1064 4050 coena
1079 3982 1245 4069 paschalis
1262 3981 1362 4046 sima·

159 4105 284 4170 lacrum
308 4113 380 4170 erat
403 4127 524 4170 coenae
548 4103 742 4169 dominicae.
790 4108 903 4189 Atque
926 4107 989 4169 hae
1016 4127 1068 4170 res
1097 4103 1295 4168 christianae
1323 4123 1361 4166 eo

160 4223 290 4289 facilius
312 4225 346 4290 in
369 4225 581 4290 Judaicarum
604 4223 736 4287 illarum
759 4224 870 4289 locum
898 4232 1054 4309 poterant
1081 4221 1257 4301 substitui,
1286 4244 1363 4286 cum

163 4344 276 4410 eodem
299 4343 367 4409 fere
390 4353 540 4429 tempore
563 4343 717 4410 Christus
742 4344 917 4408 crucifixus
941 4351 1041 4426 atque
1064 4364 1157 4406 sacra
1184 4363 1287 4406 coena
1314 4341 1362 4407 in-

1386 1091 1393 1251 l

1386 1270 1394 1431 l
