3160 4976
142 353 191 429 12

140 529 366 624 φυλαττόμενος
378 531 408 592 ἐν
420 535 599 604 συναντήσει
615 529 726 617 λώβας
742 533 840 616 ὄψεων
856 531 991 603 ἤποδῶν
1007 537 1027 604 ἦ
1044 534 1178 620 όρνίθων
1189 539 1209 606 ἦ
1222 535 1337 621 γαλῶν

139 642 389 728 ἣέπιρωνήσεων
411 643 430 711 ἢ
452 645 724 726 παρακροαμάτων
747 640 943 726 συμβολικῶν
964 646 1067 728 χρόνῳ
1091 641 1337 727 δοκιμαζέσθω-

141 766 210 810 σαν.
236 745 428 819 δυσέκνιπτος
443 752 506 832 γὰρ
527 751 546 819 ἡ
568 753 670 812 κακία.
693 754 884 836 παυσάμενοι
901 752 951 814 ούν
968 750 1266 837 προσδεχέσθωσαν,
1290 760 1337 836 μὴ

139 856 316 939 πειθόμενοι
333 853 366 920 δέ
383 853 685 939 ἀποβαλλέσθωσαν.
711 857 857 930 Παλλακή
875 880 957 931 τινος
974 861 1102 922 ἀπίστου
1120 857 1210 931 δούλη
1228 863 1336 939 ἐκείνῳ
1447 935 1450 938 ,

140 969 223 1045 μόνῳ
253 963 450 1049 σχολάζουσα
480 961 724 1050 προσδεχέσθω·
754 969 791 1028 εί·
807 965 840 1030 δέ
867 973 918 1030 καί
941 975 1018 1054 πρός
1047 966 1159 1040 ἄλλους
1181 967 1334 1052 ἀσελγαί-
1369 989 1383 1028 ι

139 1095 199 1153 νει,
231 1069 476 1156 ἀποβαλλέσθω.
507 1072 620 1145 Πιστός
640 1077 694 1136 έάν
717 1077 774 1160 έχῃ
798 1073 971 1157 παλλακὴν,
1000 1079 1027 1140 τί
1053 1083 1106 1159 μέν
1135 1075 1227 1148 δούλη
1256 1079 1335 1154 ἐστέ,

140 1181 322 1248 παυσάσθω
348 1186 399 1243 καί
427 1183 512 1263 νόμῳ
541 1187 701 1265 γαμείτω,
730 1186 758 1245 εί
784 1180 817 1247 δέ
845 1183 1012 1271 ἐλευθέρα,
1041 1187 1211 1271 έκγαμείτω
1236 1189 1335 1255 αὐτὴν

140 1293 236 1372 νόμῳ·
254 1292 280 1352 εέ
296 1287 329 1353 δέ
344 1297 400 1371 μὴ,
422 1287 667 1372 ἀποβαλλέσθω.
695 1288 878 1364 Ἑλληνικοῖς
893 1313 940 1364 τις
955 1293 1059 1357 έθεσιν
1082 1289 1334 1367 έξακολουθόννῆ

142 1396 306 1470 ίουδαῑκοῖς
329 1397 445 1477 μύθοις
467 1399 487 1468 ἢ
509 1398 734 1478 μετατιθέσθω
757 1404 776 1472 ἢ
801 1399 1046 1485 ἀποβαλλέσθω.
1072 1402 1292 1487 Θεατρομανίᾳ
1308 1402 1337 1461 εί

140 1527 188 1577 τις
210 1509 384 1592 πρόσκειται
406 1509 425 1577 ἦ
449 1511 601 1589 κυνηγίοις
622 1512 641 1580 ἢ
660 1507 887 1594 ίππσδρσμικοῐς
910 1513 1038 1595 ἀγῶσιν,
1067 1513 1087 1581 ἢ
1108 1509 1290 1573 παυσάσθω
1314 1512 1382 1580 ἢνυ

142 1612 387 1700 ἀποβαλλέσθω.
405 1611 469 1677 ““Ο
485 1613 601 1696 μέλλων
623 1617 834 1702 κατηχεῖσθοιι
856 1624 926 1704 τρία
950 1620 1002 1689 έτη
1018 1617 1233 1703 κατηχείσθω.
1257 1618 1283 1677 εί
1300 1615 1335 1678 δέ

142 1721 310 1796 σπουδαῖός
331 1744 377 1795 τις
400 1723 420 1806 ᾖ
443 1725 494 1786 καί
516 1725 633 1787 τύνοιαν
657 1725 735 1811 έχῃ,
760 1723 1005 1812 προσδεχέσθω,
1029 1728 1073 1788 ὅτι
1097 1731 1156 1811 οὐχ
1174 1729 1190 1789 ό
1206 1729 1334 1810 χρόνος,
1564 1735 1565 1812 1

143 1829 207 1896 ἀλλ
224 1834 240 1894 ό
261 1834 374 1917 τρόπος
401 1836 542 1917 κρίνεται.
571 1828 610 1893 Ο
634 1829 785 1896 διδάδκων
807 1836 832 1896 εί
855 1841 904 1900 καί
925 1834 1029 1908 λαίκός
1049 1837 1113 1917 είη,
1137 1837 1278 1919 έμπειρσς
1299 1831 1335 1896 δὲ

141 1938 308 2024 τοῦλόγου
339 1944 388 2003 καὶ
414 1943 465 2002 τόν
488 1942 599 2024 τρόπον
623 1944 751 2023 σεμνός,
784 1940 964 2006 διδασκέτω
990 1945 1111 2006 έσονται
1135 1946 1196 2027 γάρ
1219 1945 1334 2011 πάντες
1564 1941 1565 2026 ί

143 2045 278 2112 διδακτοὶ
293 2047 381 2110 θεοῦ.
397 2047 468 2118 Πάς
482 2051 617 2120 πιστόςῆ
630 2056 720 2119 πιστὴ
738 2049 837 2113 έωθεν
855 2053 1046 2124 ἀναστάντες
1058 2048 1092 2126 έξ
1101 2054 1193 2114 ὕπνον
1211 2053 1269 2135 πρό
1280 2056 1335 2110 τού
1354 2068 1380 2110 ιε

143 2160 177 2218 τό
194 2158 265 2242 ἐργό
268 2175 369 2241 χειρον
387 2151 551 2218 ἐπιτελέσαι
568 2156 725 2238 νιψάμενοι
744 2160 1047 2243 προσευχέσθωσαν·
1071 2163 1097 2222 εέ
1118 2158 1152 2222 δέ
1174 2179 1221 2230 τις
1242 2157 1336 2243 λόγος
1562 2119 1565 2247 λ

143 2269 768 2350 κατηχησεωςγένεται,προτιμησατωσαν
777 2287 829 2328 τον
815 2268 970 2353 ἔργου
938 2291 988 2331 τον
997 2267 1086 2352 λόγον
1096 2277 1153 2340 της
1163 2265 1253 2351 ευσε
1232 2265 1334 2351 βεί.ας

143 2372 235 2435 Πιστό
221 2376 284 2445 ἡ
297 2379 387 2442 πιστὴ
400 2381 461 2444 τοῖς
474 2375 603 2446 οἰκέταις
618 2377 752 2456 εὐμενῶς
767 2382 1016 2461 προσεχέτωσαν,
1032 2377 1145 2448 καθὼς
1160 2378 1212 2439 καέ
1228 2381 1257 2438 έν
1269 2383 1335 2445 τοῖς

143 2503 201 2568 προ
203 2479 334 2566 λαβοῦσι
352 2476 457 2556 διεταξ
438 2476 567 2562 ξάμεθα
583 2487 633 2545 καί
648 2486 679 2544 έν
695 2492 765 2554 ταῖς
780 2484 954 2558 ἐπιστολαῖς
970 2482 1165 2567 ἐδιδάξαμεν.

147 2590 201 2653 21.
225 2590 342 2673 Πέτρου
371 2591 421 2651 καί
448 2588 572 2653 Παύλου
594 2598 655 2651 τῶν
680 2589 778 2672 ἁγίων
801 2591 979 2656 ἀποστόλων
1011 2587 1167 2667 διατάξεις
1193 2596 1332 2677 περὶτοῦ
1353 2609 1383 2650 το

282 2695 441 2786 φυλάττειν
458 2697 582 2760 ἕκαστον
599 2692 682 2771 τάξιν
698 2704 747 2761 καί
763 2697 963 2786 λειτουργίαν.

240 2807 326 2891 Ἐγὼ
348 2806 465 2890 Πέτρος
486 2811 535 2868 καί
556 2806 680 2879 Παῦλος
703 2806 907 2892 διατάσσομεν
932 2808 1125 2895 ἐργάζεσθαι
1146 2814 1219 2880 τούς
1241 2805 1335 2878 λαούς

145 2923 233 2981 πέντε
247 2921 383 3003 ἡμέρας,
401 2911 587 3000 βσάββατον
606 2914 639 2979 δέ
654 2923 706 2980 καὶ
725 2925 868 3004 κυριακὴν
886 2917 985 3003 σχολα
987 2919 1124 2994 ζέτωοαν
1140 2929 1177 2999 τῇ
1195 2915 1336 2996 έκιιλησίορ

1564 3047 1565 3132 έ

146 3061 261 3123 κινήσεις
278 3063 331 3112 τῶν
350 3058 436 3127 μελῶν
455 3053 509 3111 οίον
530 3055 606 3128 ὤμου
621 3055 640 3121 ἢ
660 3056 802 3129 όρθαλμού
818 3059 836 3122 ἢ
855 3057 940 3112 ἄλλον
957 3061 1028 3120 τινός
1046 3057 1169 3132 μέρουςῆ
1183 3059 1277 3131 μορίου
1289 3059 1335 3109 τοῦ

147 3150 279 3219 σώματος.
297 3147 399 3218 παλμδς
416 3149 467 3221 γὰρ
479 3146 497 3210 ἦ
510 3148 620 3210 κίνησις.
638 3148 675 3200 Τδ
690 3145 718 3201 δέ
732 3147 848 3209 κίναιδος
865 3147 949 3218 ὄνομα
959 3149 1004 3202 τδν
1017 3149 1112 3222 πόρνον
1125 3150 1279 3220 παριστάτω
1293 3163 1335 3199 σοι

147 3239 235 3312 (παρὰ
248 3239 299 3309 γὰρ
311 3241 340 3291 τό
353 3241 431 3290 κινεῖν
444 3238 477 3290 τὰ
491 3236 581 3291 αέδοια
596 3237 747 3310 λέγεται)’
730 3259 748 3302 η
760 3241 804 3292 τόν
819 3236 966 3313 ἐτέροις,”
947 3256 985 3299 ως
996 3257 1065 3300 τινες
1082 3239 1203 3309 λέγουσι,
1222 3242 1270 3302 τὴν
1282 3242 1336 3290 των

148 3327 235 3382 αὐτῶν
245 3329 347 3391 κίνησιν
356 3325 548 3394 δπιξάπτοντοι
557 3327 633 3394 Βλάξ
643 3327 670 3382 δέ
681 3328 694 3381 ό
704 3329 837 3402 τρυρηλος
847 3333 890 3384 καὶ
899 3329 1087 3401 διακεχυμένος
1096 3327 1161 3384 ἐστι.
1176 3327 1298 3397 ’ἀλόγοις
1307 3326 1336 3381 δέ

147 3417 320 3488 μιγνυμένους
328 3415 603 3488 τοὺςάλογευομένους
610 3418 628 3482 ἣ
635 3419 679 3472 καί
686 3421 829 3473 ποτετοῢτο
837 3419 1066 3494 διαπραξαμένους
1073 3421 1117 3473 καί
1127 3417 1336 3488 ἀποσχομένους.

148 3511 201 3561 'rav
209 3506 271 3561 δ’ἐκ
278 3509 325 3559 τοῦ
334 3509 475 3560 σατανικού
485 3506 581 3581 ἔρωτος
589 3507 727 3578 ἀσπασμὸν
734 3514 787 3563 τῶν
796 3509 911 3584 ἀρρένων
921 3509 965 3564 διὰ
972 3515 1020 3573 τῆς
1026 3514 1078 3564 τῶν
1085 3509 1214 3579 γλωσσῶν
1222 3506 1338 3580 ἐμβολῆς

147 3599 262 3669 μιασμέν
271 3596 383 3668 χειλέων
391 3595 453 3649 ἴσθι
461 3597 601 3652 καλεῖσθαί
609 3617 637 3652 τε
646 3600 690 3652 καί
699 3595 776 3662 εἶναι,
788 3597 826 3660 ὡς
833 3599 846 3652 δ
854 3601 935 3671 μέγας
943 3599 1084 3659 Βασίλιιός
1093 3615 1173 3670 φησιν
1183 3596 1210 3651 έν
1220 3597 1338 3651 οκανένι.

147 3693 182 3745 κά
194 3697 312 3745 extrema
327 3691 358 3742 in
374 3690 492 3756 margine
510 3691 673 3758 adscriptum
686 3697 739 3744 eat:
759 3688 787 3743 ἐκ
800 3695 848 3753 τῆς
860 3689 887 3744 ἐν
905 3690 1022 3764 ’ἀγκύρᾳ
1034 3692 1080 3744 τού
1094 3689 1172 3759 ἁγίου
1185 3689 1338 3743 Βασιλείαν.

238 3781 272 3854 α)
290 3781 355 3853 Περί
372 3778 465 3832 τούτου
484 3780 556 3842 ζὴτιι
574 3786 620 3843 τῆς
638 3777 657 3852 β
677 3781 791 3836 συνόδου
816 3783 913 3835 κανόνα
931 3784 956 3846 ζ,
975 3786 1021 3844 τῆς
1040 3799 1056 3844 ς
1081 3783 1179 3835 κανόνα
1202 3798 1229 3833 κε
1247 3782 1290 3834 καὶ
1310 3788 1338 3832 σε

148 3872 192 3928 καί
210 3875 257 3926 τοῦ
276 3871 354 3942 ἀγίου
373 3871 517 3924 Βασιλείαν
536 3871 633 3925 κανόνα
645 3891 657 3924 ε
670 3871 714 3925 καί
733 3871 821 3926 πδ.-
833 3870 868 3946 β)
887 3873 916 3926 τέ
936 3870 1059 3944 περὶτοῦ
1078 3868 1219 3943 σαββάτου
1237 3869 1340 3940 ἀναιρεῖ

231 3998 324 4055 1όψεως
334 3999 383 4041 ΟΠ.
394 3997 409 4052 ἢ
419 3995 491 4040 ποδῶν
501 4009 527 4040 ιν
536 3996 585 4039 ΟΠ.
595 4019 622 4028 -
632 3999 717 4039 ύπαυσ.
728 3996 752 4039 δέ
762 4011 796 4054 πρ.
808 3998 857 4040 ΟΠ.
868 4019 895 4029 -
904 3993 1041 4050 έΠαλλακῆς
1050 3995 1157 4050 „w-
1166 3999 1187 4039 ό.
1197 3999 1211 4038 ύ
1220 3994 1338 4050 ἀσελγαίνῃ

149 4071 197 4114 ΟΠ.
208 4091 235 4102 -
249 4074 262 4112 6
275 4071 349 4124 παλλ,
360 4069 396 4113 έάν
407 4069 445 4125 μέν
455 4068 543 4124 δούλην,
553 4081 575 4110 π.
586 4068 635 4111 ΟΠ.
645 4071 694 4110 -1
706 4066 831 4125 ἐλευθέραν,
841 4069 941 4125 γαμείτω
951 4069 999 4112 ΟΠ.
1011 4071 1059 4110 -8
1070 4073 1120 4110 unte
1129 4063 1189 4110 Ἒλλ.
1201 4067 1255 4110 ΟΠι
1268 4065 1304 4108 έάν
1314 4064 1339 4106 δέ

147 4145 185 4186 καί
193 4143 263 4197 πιστῷ
279 4143 358 4197 [πίστει
367 4143 442 4198 „w
451 4147 508 4185 έεείο
518 4141 630 4195 mucio]
645 4139 717 4198 δοὺλιμ
732 4139 840 4198 συναφθῇ,
854 4140 871 4195 ἢ
884 4139 1006 4185 ταυσάσέέω
1020 4140 1036 4195 ἡ
1050 4137 1219 4194 ἀποβαλλέσδω.
1229 4161 1255 4170 -
1265 4136 1339 4180 univ

148 4227 180 4261 τις
190 4215 272 4258 οΠ.-
286 4217 299 4256 θ
313 4212 349 4256 θε.
363 4226 434 4266 nuque
449 4217 478 4257 κά
491 4226 528 4267 pg.
544 4216 579 4266 12,
595 4219 620 4257 11
634 4212 696 4268 ἀπυβ.
713 4215 754 4258 ΟΠ
767 4219 820 4267 pon
837 4215 933 4270 κρίνεται
950 4225 988 4267 ps.
1004 4217 1038 4266 11,
1054 4216 1087 4256 1³.
1107 4235 1134 4246 -
1153 4212 1179 4253 1¹
1193 4224 1224 4258 τις
1238 4209 1274 4266 είιγ
1289 4211 1337 4253 ΟΠ.

148 4307 175 4320 ·-
189 4285 236 4343 έχει
249 4289 279 4338 Π,
295 4284 342 4342 έχει
358 4289 407 4341 περί
416 4286 441 4329 τύ
450 4287 536 4343 πρᾶγμα
551 4287 599 4330 ΟΠ.
610 4309 636 4318 -
647 4283 681 4329 ύτι
691 4284 716 4328 σὺ
725 4287 800 4342 χρόνος
811 4287 859 4330 ΟΠ.
870 4309 896 4318 -
911 4290 937 4330 1³
952 4285 1007 4330 ἀλλά
1016 4281 1093 4340 τρόπος
1103 4286 1152 4327 ΟΠ.
1167 4305 1194 4316 -
1208 4286 1242 4326 14.
1258 4283 1284 4325 15
1297 4283 1340 4324 Jo-

148 4360 215 4400 hmn.
222 4361 246 4400 vl
255 4361 290 4401 45.
299 4381 323 4389 -
334 4360 366 4402 15.
378 4362 405 4401 16
413 4359 453 4413 πρό
462 4359 502 4401 τοῦ
512 4357 572 4415 έργον
580 4357 613 4400 ἐπ.
624 4359 672 4403 ΟΠ.
685 4362 715 4400 σέ.
725 4360 846 4402 ύιιείίαέεκι.
856 4360 943 4401 Novell.
955 4357 994 4414 ρλγ
1002 4372 1025 4411 p.
1034 4359 1075 4400 1011
1082 4360 1140 4400 med.
1149 4355 1185 4400 οδ.
1195 4355 1340 4398 Πείσωνα.-

148 4433 183 4472 16.
200 4433 224 4473 11
241 4427 278 4472 έάν
292 4427 311 4471 ό.
327 4443 347 4472 τ.
362 4427 429 4486 λόγου
443 4431 562 4488 κατέγχησις
576 4429 672 4486 γένηται,
687 4428 844 4485 προτιμηεέτω
858 4429 897 4473 τοῦ
911 4431 960 4473 ΟΠ.
975 4453 1002 4462 -
1018 4433 1043 4474 18
1057 4429 1072 4482 ἢ
1087 4429 1102 4484 ἡ
1118 4429 1166 4471 ΟΠ.
1181 4449 1209 4460 ·-
1224 4430 1250 4469 19
1269 4425 1338 4468 έπιστ.

149 4499 277 4557 διετέξαμκν
291 4503 322 4544 M.
333 4523 360 4533 -
374 4505 408 4544 20.
420 4505 445 4545 21
461 4501 516 4545 όιατ.
532 4505 581 4558 περί
595 4502 669 4559 ἀργίας
685 4501 771 4544 δούλων
782 4503 830 4546 ΟΠ.
847 4525 874 4534 -
888 4505 914 4544 αἱ
929 4502 964 4546 ‘E.
980 4499 1066 4548 Παῦλος
1079 4503 1115 4543 καί
1130 4497 1212 4557 Πέτρος
1231 4497 1341 4542 διαταττό-

151 4573 209 4629 μεδα
222 4574 271 4617 ΟΠ.
282 4595 309 4606 -
323 4571 414 4622 δούλους
422 4588 464 4628 pro
474 4573 540 4622 λαοὺς
550 4575 598 4618 ΟΠ.
