<?xml version="1.0" encoding="UTF-8"?>
<!DOCTYPE html PUBLIC "-//W3C//DTD XHTML 1.0 Transitional//EN"
    "http://www.w3.org/TR/xhtml1/DTD/xhtml1-transitional.dtd">
<html xmlns="http://www.w3.org/1999/xhtml" xml:lang="en" lang="en">
 <head>
  <title>
</title>
<meta http-equiv="Content-Type" content="text/html;charset=utf-8" />
  <meta name='ocr-system' content='tesseract 3.04.00' />
  <meta name='ocr-capabilities' content='ocr_page ocr_carea ocr_par ocr_line ocrx_word'/>
</head>
<body>
  <div class='ocr_page' id='page_1' title='image "./decontroversiis00schgoog_0334.png"; bbox 0 0 2998 4972; ppageno 0'>
   <div class='ocr_carea' id='block_1_1' title="bbox 283 409 1399 481">
    <p class='ocr_par' dir='ltr' id='par_1_1' title="bbox 283 409 1399 481">
     <span class='ocr_line' id='line_1_1' title="bbox 283 409 1399 481; baseline -0.002 -1"><span class='ocrx_word' id='word_1_1' title='bbox 283 417 346 481; x_wconf 80' lang='lat'><strong><em>230</em></strong></span> <span class='ocrx_word' id='word_1_2' title='bbox 1215 409 1399 478; x_wconf 68' lang='grc' dir='ltr'><strong><em>Ηθ-οῑ</em></strong></span> 
     </span>
    </p>
   </div>
   <div class='ocr_carea' id='block_1_2' title="bbox 250 571 1447 1274">
    <p class='ocr_par' dir='ltr' id='par_1_2' title="bbox 284 571 1404 664">
     <span class='ocr_line' id='line_1_2' title="bbox 284 571 1404 664; baseline -0.002 -20"><span class='ocrx_word' id='word_1_3' title='bbox 284 601 359 662; x_wconf 90' lang='grc' dir='ltr'><strong><em>νος,</em></strong></span> <span class='ocrx_word' id='word_1_4' title='bbox 387 575 441 644; x_wconf 87' lang='grc' dir='ltr'><strong><em>σοί</em></strong></span> <span class='ocrx_word' id='word_1_5' title='bbox 469 575 587 660; x_wconf 79' lang='grc' dir='ltr'><strong><em>πρέπει</em></strong></span> <span class='ocrx_word' id='word_1_6' title='bbox 607 573 729 658; x_wconf 89' lang='grc' dir='ltr'><strong><em>ὐμνος,</em></strong></span> <span class='ocrx_word' id='word_1_7' title='bbox 758 573 812 641; x_wconf 83' lang='grc' dir='ltr'><strong><em>σολ</em></strong></span> <span class='ocrx_word' id='word_1_8' title='bbox 838 574 920 655; x_wconf 98' lang='grc' dir='ltr'><strong><em>δόξα</em></strong></span> <span class='ocrx_word' id='word_1_9' title='bbox 947 574 1066 662; x_wconf 89' lang='grc' dir='ltr'><strong><em>πρέπει</em></strong></span> <span class='ocrx_word' id='word_1_10' title='bbox 1087 571 1256 663; x_wconf 73' lang='grc' dir='ltr'><strong><em>τῷπατρί</em></strong></span> <span class='ocrx_word' id='word_1_11' title='bbox 1280 576 1404 664; x_wconf 77' lang='grc' dir='ltr'><strong><em>παλτῷ</em></strong></span> 
     </span>
    </p>

    <p class='ocr_par' dir='ltr' id='par_1_3' title="bbox 284 673 1402 766">
     <span class='ocr_line' id='line_1_3' title="bbox 284 673 1402 766; baseline -0.002 -21"><span class='ocrx_word' id='word_1_12' title='bbox 284 680 349 766; x_wconf 77' lang='grc' dir='ltr'><strong><em>υἱῷ</em></strong></span> <span class='ocrx_word' id='word_1_13' title='bbox 375 677 433 744; x_wconf 84' lang='grc' dir='ltr'><strong><em>ιιαί</em></strong></span> <span class='ocrx_word' id='word_1_14' title='bbox 462 681 509 766; x_wconf 80' lang='grc' dir='ltr'><strong><em>τῷ</em></strong></span> <span class='ocrx_word' id='word_1_15' title='bbox 536 677 621 765; x_wconf 80' lang='grc' dir='ltr'><strong><em>άγίηι</em></strong></span> <span class='ocrx_word' id='word_1_16' title='bbox 648 673 813 761; x_wconf 88' lang='grc' dir='ltr'><strong><em>πνεύματι</em></strong></span> <span class='ocrx_word' id='word_1_17' title='bbox 839 679 886 754; x_wconf 91' lang='grc' dir='ltr'><strong><em>εἰς</em></strong></span> <span class='ocrx_word' id='word_1_18' title='bbox 912 673 992 754; x_wconf 90' lang='grc' dir='ltr'><strong><em>τούς</em></strong></span> <span class='ocrx_word' id='word_1_19' title='bbox 1015 677 1141 753; x_wconf 80' lang='grc' dir='ltr'><strong><em>αἰῦνας</em></strong></span> <span class='ocrx_word' id='word_1_20' title='bbox 1161 679 1231 742; x_wconf 81' lang='grc' dir='ltr'><strong><em>τάν</em></strong></span> <span class='ocrx_word' id='word_1_21' title='bbox 1250 677 1402 744; x_wconf 84' lang='grc' dir='ltr'><strong><em>αἰάνων·</em></strong></span> 
     </span>
    </p>

    <p class='ocr_par' dir='ltr' id='par_1_4' title="bbox 284 777 1404 866">
     <span class='ocr_line' id='line_1_4' title="bbox 284 777 1404 866; baseline -0.004 -18"><span class='ocrx_word' id='word_1_22' title='bbox 284 779 384 866; x_wconf 83' lang='grc' dir='ltr'><strong><em>άμήν.</em></strong></span> <span class='ocrx_word' id='word_1_23' title='bbox 423 784 488 847; x_wconf 87' lang='grc' dir='ltr'><strong><em>νῦν</em></strong></span> <span class='ocrx_word' id='word_1_24' title='bbox 517 777 676 855; x_wconf 76' lang='grc' dir='ltr'><strong><em>ἀπολύεις</em></strong></span> <span class='ocrx_word' id='word_1_25' title='bbox 706 777 766 844; x_wconf 87' lang='grc' dir='ltr'><strong><em>τὸν</em></strong></span> <span class='ocrx_word' id='word_1_26' title='bbox 799 777 924 845; x_wconf 89' lang='grc' dir='ltr'><strong><em>δοῦλόν</em></strong></span> <span class='ocrx_word' id='word_1_27' title='bbox 951 794 1031 861; x_wconf 90' lang='grc' dir='ltr'><strong><em>σου,</em></strong></span> <span class='ocrx_word' id='word_1_28' title='bbox 1060 779 1221 860; x_wconf 78' lang='grc' dir='ltr'><strong><em>δέσποτα,</em></strong></span> <span class='ocrx_word' id='word_1_29' title='bbox 1251 778 1338 844; x_wconf 80' lang='grc' dir='ltr'><strong><em>κατά</em></strong></span> <span class='ocrx_word' id='word_1_30' title='bbox 1366 783 1404 844; x_wconf 84' lang='grc' dir='ltr'><strong><em>τὸ</em></strong></span> 
     </span>
    </p>

    <p class='ocr_par' dir='ltr' id='par_1_5' title="bbox 250 875 1404 1071">
     <span class='ocr_line' id='line_1_5' title="bbox 285 875 1404 969; baseline -0.002 -21"><span class='ocrx_word' id='word_1_31' title='bbox 285 883 374 969; x_wconf 70' lang='grc' dir='ltr'><strong><em>ῥῆμά</em></strong></span> <span class='ocrx_word' id='word_1_32' title='bbox 396 899 460 948; x_wconf 91' lang='grc' dir='ltr'><strong><em>σου</em></strong></span> <span class='ocrx_word' id='word_1_33' title='bbox 482 880 522 947; x_wconf 85' lang='grc' dir='ltr'><strong><em>έν</em></strong></span> <span class='ocrx_word' id='word_1_34' title='bbox 544 879 678 966; x_wconf 81' lang='grc' dir='ltr'><strong><em>εἰρήνη,</em></strong></span> <span class='ocrx_word' id='word_1_35' title='bbox 713 878 763 946; x_wconf 81' lang='grc' dir='ltr'><strong><em>ὅτι</em></strong></span> <span class='ocrx_word' id='word_1_36' title='bbox 792 875 886 947; x_wconf 84' lang='grc' dir='ltr'><strong><em>εἶδον</em></strong></span> <span class='ocrx_word' id='word_1_37' title='bbox 912 880 949 946; x_wconf 88' lang='grc' dir='ltr'><strong><em>οί</em></strong></span> <span class='ocrx_word' id='word_1_38' title='bbox 971 877 1149 964; x_wconf 85' lang='grc' dir='ltr'><strong><em>ὀφθαλμοί</em></strong></span> <span class='ocrx_word' id='word_1_39' title='bbox 1173 903 1240 963; x_wconf 90' lang='grc' dir='ltr'><strong><em>μου</em></strong></span> <span class='ocrx_word' id='word_1_40' title='bbox 1268 879 1308 946; x_wconf 83' lang='grc' dir='ltr'><strong><em>τὸ</em></strong></span> <span class='ocrx_word' id='word_1_41' title='bbox 1336 899 1404 946; x_wconf 80' lang='grc' dir='ltr'><strong><em>σω-</em></strong></span> 
     </span>
     <span class='ocr_line' id='line_1_6' title="bbox 250 977 1403 1071; baseline -0.006 -16"><span class='ocrx_word' id='word_1_42' title='bbox 250 1003 267 1055; x_wconf 75' lang='grc' dir='ltr'><strong><em>ό</em></strong></span> <span class='ocrx_word' id='word_1_43' title='bbox 284 984 402 1071; x_wconf 81' lang='grc' dir='ltr'><strong><em>τήριόν</em></strong></span> <span class='ocrx_word' id='word_1_44' title='bbox 418 1000 493 1066; x_wconf 93' lang='grc' dir='ltr'><strong><em>σου,</em></strong></span> <span class='ocrx_word' id='word_1_45' title='bbox 518 977 537 1047; x_wconf 84' lang='grc' dir='ltr'><strong><em>δ</em></strong></span> <span class='ocrx_word' id='word_1_46' title='bbox 555 977 739 1067; x_wconf 79' lang='grc' dir='ltr'><strong><em>ἡτοίμασας</em></strong></span> <span class='ocrx_word' id='word_1_47' title='bbox 753 981 837 1058; x_wconf 86' lang='grc' dir='ltr'><strong><em>κατά</em></strong></span> <span class='ocrx_word' id='word_1_48' title='bbox 857 981 1040 1069; x_wconf 68' lang='grc' dir='ltr'><strong><em>πρόσωπον</em></strong></span> <span class='ocrx_word' id='word_1_49' title='bbox 1060 980 1199 1048; x_wconf 86' lang='grc' dir='ltr'><strong><em>πάντων</em></strong></span> <span class='ocrx_word' id='word_1_50' title='bbox 1215 984 1284 1048; x_wconf 83' lang='grc' dir='ltr'><strong><em>τάν</em></strong></span> <span class='ocrx_word' id='word_1_51' title='bbox 1299 986 1403 1066; x_wconf 72' lang='grc' dir='ltr'><strong><em>λαοῦυ,</em></strong></span> 
     </span>
    </p>

    <p class='ocr_par' dir='ltr' id='par_1_6' title="bbox 285 1081 1403 1171">
     <span class='ocr_line' id='line_1_7' title="bbox 285 1081 1403 1171; baseline -0.001 -20"><span class='ocrx_word' id='word_1_52' title='bbox 285 1085 357 1170; x_wconf 79' lang='grc' dir='ltr'><strong><em>φάς</em></strong></span> <span class='ocrx_word' id='word_1_53' title='bbox 385 1087 432 1162; x_wconf 89' lang='grc' dir='ltr'><strong><em>είς</em></strong></span> <span class='ocrx_word' id='word_1_54' title='bbox 456 1081 674 1162; x_wconf 77' lang='grc' dir='ltr'><strong><em>ἀποκάλυψιν</em></strong></span> <span class='ocrx_word' id='word_1_55' title='bbox 702 1085 817 1150; x_wconf 75' lang='grc' dir='ltr'><strong><em>έθνοῐυ</em></strong></span> <span class='ocrx_word' id='word_1_56' title='bbox 843 1082 900 1149; x_wconf 84' lang='grc' dir='ltr'><strong><em>ιιαί</em></strong></span> <span class='ocrx_word' id='word_1_57' title='bbox 925 1083 1030 1162; x_wconf 92' lang='grc' dir='ltr'><strong><em>δόξαν</em></strong></span> <span class='ocrx_word' id='word_1_58' title='bbox 1055 1086 1139 1147; x_wconf 91' lang='grc' dir='ltr'><strong><em>λαοῦ</em></strong></span> <span class='ocrx_word' id='word_1_59' title='bbox 1168 1099 1231 1148; x_wconf 92' lang='grc' dir='ltr'><strong><em>σου</em></strong></span> <span class='ocrx_word' id='word_1_60' title='bbox 1259 1082 1403 1171; x_wconf 79' lang='grc' dir='ltr'><strong><em>Ἰσραήλ.</em></strong></span> 
     </span>
    </p>

    <p class='ocr_par' dir='ltr' id='par_1_7' title="bbox 287 1181 1447 1274">
     <span class='ocr_line' id='line_1_8' title="bbox 287 1181 1447 1274; baseline -0.001 -22"><span class='ocrx_word' id='word_1_61' title='bbox 287 1191 292 1274; x_wconf 94' lang='grc' dir='ltr'>Ι</span> <span class='ocrx_word' id='word_1_62' title='bbox 314 1183 493 1272; x_wconf 77' lang='grc' dir='ltr'><strong><em>εὐλογητὸς</em></strong></span> <span class='ocrx_word' id='word_1_63' title='bbox 514 1181 560 1269; x_wconf 88' lang='grc' dir='ltr'><strong><em>εἰ,</em></strong></span> <span class='ocrx_word' id='word_1_64' title='bbox 589 1185 686 1272; x_wconf 86' lang='grc' dir='ltr'><strong><em>ιιύριε</em></strong></span> <span class='ocrx_word' id='word_1_65' title='bbox 707 1181 725 1250; x_wconf 88' lang='grc' dir='ltr'>ὁ</span> <span class='ocrx_word' id='word_1_66' title='bbox 750 1186 885 1272; x_wconf 81' lang='grc' dir='ltr'><strong><em>τρέφων</em></strong></span> <span class='ocrx_word' id='word_1_67' title='bbox 905 1207 947 1268; x_wconf 87' lang='grc' dir='ltr'><strong><em>με</em></strong></span> <span class='ocrx_word' id='word_1_68' title='bbox 974 1183 1012 1251; x_wconf 87' lang='grc' dir='ltr'><strong><em>έιι</em></strong></span> <span class='ocrx_word' id='word_1_69' title='bbox 1036 1183 1191 1270; x_wconf 88' lang='grc' dir='ltr'><strong><em>νεότητός</em></strong></span> <span class='ocrx_word' id='word_1_70' title='bbox 1209 1208 1290 1269; x_wconf 93' lang='grc' dir='ltr'><strong><em>μου,</em></strong></span> <span class='ocrx_word' id='word_1_71' title='bbox 1314 1182 1447 1260; x_wconf 77' lang='grc' dir='ltr'><strong><em>ὅθι-49</em></strong></span> 
     </span>
    </p>
   </div>
   <div class='ocr_carea' id='block_1_3' title="bbox 235 1283 1406 1780">
    <p class='ocr_par' dir='ltr' id='par_1_8' title="bbox 286 1283 1406 1475">
     <span class='ocr_line' id='line_1_9' title="bbox 286 1283 1406 1374; baseline 0 -21"><span class='ocrx_word' id='word_1_72' title='bbox 286 1285 366 1366; x_wconf 87' lang='grc' dir='ltr'><strong><em>δούς</em></strong></span> <span class='ocrx_word' id='word_1_73' title='bbox 387 1285 519 1374; x_wconf 76' lang='grc' dir='ltr'><strong><em>τροφὴν</em></strong></span> <span class='ocrx_word' id='word_1_74' title='bbox 541 1286 631 1373; x_wconf 86' lang='grc' dir='ltr'><strong><em>πάση</em></strong></span> <span class='ocrx_word' id='word_1_75' title='bbox 648 1289 763 1372; x_wconf 86' lang='grc' dir='ltr'><strong><em>σαρκί·</em></strong></span> <span class='ocrx_word' id='word_1_76' title='bbox 784 1286 965 1373; x_wconf 79' lang='grc' dir='ltr'><strong><em>πλήρωσον</em></strong></span> <span class='ocrx_word' id='word_1_77' title='bbox 982 1289 1087 1372; x_wconf 83' lang='grc' dir='ltr'><strong><em>χαράς</em></strong></span> <span class='ocrx_word' id='word_1_78' title='bbox 1110 1290 1166 1352; x_wconf 81' lang='grc' dir='ltr'><strong><em>καί</em></strong></span> <span class='ocrx_word' id='word_1_79' title='bbox 1189 1283 1406 1373; x_wconf 85' lang='grc' dir='ltr'><strong><em>εὐφροσύνης</em></strong></span> 
     </span>
     <span class='ocr_line' id='line_1_10' title="bbox 286 1384 1406 1475; baseline 0.001 -20"><span class='ocrx_word' id='word_1_80' title='bbox 286 1387 344 1466; x_wconf 90' lang='grc' dir='ltr'><strong><em>τάς</em></strong></span> <span class='ocrx_word' id='word_1_81' title='bbox 364 1389 505 1473; x_wconf 78' lang='grc' dir='ltr'><strong><em>καρδίας</em></strong></span> <span class='ocrx_word' id='word_1_82' title='bbox 523 1386 631 1475; x_wconf 71' lang='grc' dir='ltr'><strong><em>ἡμῶν,</em></strong></span> <span class='ocrx_word' id='word_1_83' title='bbox 656 1391 714 1454; x_wconf 79' lang='grc' dir='ltr'><strong><em>ἵνα</em></strong></span> <span class='ocrx_word' id='word_1_84' title='bbox 740 1389 883 1454; x_wconf 86' lang='grc' dir='ltr'><strong><em>πάντοτε</em></strong></span> <span class='ocrx_word' id='word_1_85' title='bbox 906 1391 1018 1454; x_wconf 84' lang='grc' dir='ltr'><strong><em>πᾶσαν</em></strong></span> <span class='ocrx_word' id='word_1_86' title='bbox 1040 1384 1245 1475; x_wconf 84' lang='grc' dir='ltr'><strong><em>αὐτάρκειαν</em></strong></span> <span class='ocrx_word' id='word_1_87' title='bbox 1274 1393 1406 1474; x_wconf 79' lang='grc' dir='ltr'><strong><em>ἔχοντες</em></strong></span> 
     </span>
    </p>

    <p class='ocr_par' dir='ltr' id='par_1_9' title="bbox 235 1487 1406 1780">
     <span class='ocr_line' id='line_1_11' title="bbox 235 1487 1405 1579; baseline -0.005 -17"><span class='ocrx_word' id='word_1_88' title='bbox 235 1511 269 1574; x_wconf 86' lang='lat'><strong><em>10</em></strong></span> <span class='ocrx_word' id='word_1_89' title='bbox 286 1491 539 1579; x_wconf 86' lang='grc' dir='ltr'><strong><em>περισσεύωμεν</em></strong></span> <span class='ocrx_word' id='word_1_90' title='bbox 561 1493 607 1567; x_wconf 87' lang='grc' dir='ltr'><strong><em>εἰς</em></strong></span> <span class='ocrx_word' id='word_1_91' title='bbox 631 1491 701 1556; x_wconf 88' lang='grc' dir='ltr'><strong><em>πάν</em></strong></span> <span class='ocrx_word' id='word_1_92' title='bbox 726 1493 826 1577; x_wconf 79' lang='grc' dir='ltr'><strong><em>ἔργον</em></strong></span> <span class='ocrx_word' id='word_1_93' title='bbox 850 1487 984 1575; x_wconf 87' lang='grc' dir='ltr'><strong><em>άγαθδν</em></strong></span> <span class='ocrx_word' id='word_1_94' title='bbox 1013 1489 1053 1556; x_wconf 84' lang='grc' dir='ltr'><strong><em>έν</em></strong></span> <span class='ocrx_word' id='word_1_95' title='bbox 1078 1495 1203 1578; x_wconf 76' lang='grc' dir='ltr'><strong><em>χριστῷ</em></strong></span> <span class='ocrx_word' id='word_1_96' title='bbox 1225 1488 1336 1576; x_wconf 83' lang='grc' dir='ltr'><strong><em>Ἰησοῦ</em></strong></span> <span class='ocrx_word' id='word_1_97' title='bbox 1360 1495 1405 1578; x_wconf 76' lang='grc' dir='ltr'><strong><em>τῷ</em></strong></span> 
     </span>
     <span class='ocr_line' id='line_1_12' title="bbox 286 1583 1406 1683; baseline -0.002 -23"><span class='ocrx_word' id='word_1_98' title='bbox 286 1597 394 1683; x_wconf 79' lang='grc' dir='ltr'><strong><em>παρίω</em></strong></span> <span class='ocrx_word' id='word_1_99' title='bbox 419 1589 526 1680; x_wconf 70' lang='grc' dir='ltr'><strong><em>ἡμῶν,</em></strong></span> <span class='ocrx_word' id='word_1_100' title='bbox 549 1589 626 1677; x_wconf 89' lang='grc' dir='ltr'><strong><em>μεθ’</em></strong></span> <span class='ocrx_word' id='word_1_101' title='bbox 652 1583 694 1658; x_wconf 88' lang='grc' dir='ltr'><strong><em>οὐ</em></strong></span> <span class='ocrx_word' id='word_1_102' title='bbox 719 1609 773 1658; x_wconf 92' lang='grc' dir='ltr'><strong><em>σοι</em></strong></span> <span class='ocrx_word' id='word_1_103' title='bbox 801 1593 899 1676; x_wconf 86' lang='grc' dir='ltr'><strong><em>δόξα,</em></strong></span> <span class='ocrx_word' id='word_1_104' title='bbox 928 1591 1005 1678; x_wconf 87' lang='grc' dir='ltr'><strong><em>τιμιΙ</em></strong></span> <span class='ocrx_word' id='word_1_105' title='bbox 1032 1594 1088 1658; x_wconf 84' lang='grc' dir='ltr'><strong><em>καί</em></strong></span> <span class='ocrx_word' id='word_1_106' title='bbox 1111 1592 1233 1678; x_wconf 84' lang='grc' dir='ltr'><strong><em>κράτος</em></strong></span> <span class='ocrx_word' id='word_1_107' title='bbox 1259 1595 1308 1670; x_wconf 85' lang='grc' dir='ltr'><strong><em>εἰς</em></strong></span> <span class='ocrx_word' id='word_1_108' title='bbox 1330 1591 1406 1670; x_wconf 86' lang='grc' dir='ltr'><strong><em>τούς</em></strong></span> 
     </span>
     <span class='ocr_line' id='line_1_13' title="bbox 285 1691 545 1780; baseline 0 -20"><span class='ocrx_word' id='word_1_109' title='bbox 285 1697 424 1780; x_wconf 75' lang='grc' dir='ltr'><strong><em>αἰῶνας·</em></strong></span> <span class='ocrx_word' id='word_1_110' title='bbox 446 1691 545 1780; x_wconf 80' lang='grc' dir='ltr'><strong><em>άμήν.</em></strong></span> 
     </span>
    </p>
   </div>
   <div class='ocr_carea' id='block_1_4' title="bbox 815 2003 869 2077">
    <p class='ocr_par' dir='ltr' id='par_1_10' title="bbox 815 2003 869 2077">
     <span class='ocr_line' id='line_1_14' title="bbox 815 2003 869 2077; baseline 0 0"><span class='ocrx_word' id='word_1_111' title='bbox 815 2003 869 2077; x_wconf 86' lang='lat' dir='ltr'><strong><em>¹H</em></strong></span> 
     </span>
    </p>
   </div>
   <div class='ocr_carea' id='block_1_5' title="bbox 236 2198 1406 3305">
    <p class='ocr_par' dir='ltr' id='par_1_11' title="bbox 378 2198 1406 2289">
     <span class='ocr_line' id='line_1_15' title="bbox 378 2198 1406 2289; baseline 0.002 -23"><span class='ocrx_word' id='word_1_112' title='bbox 378 2202 447 2266; x_wconf 88' lang='grc' dir='ltr'><strong><em>Τοῦ</em></strong></span> <span class='ocrx_word' id='word_1_113' title='bbox 469 2203 557 2267; x_wconf 87' lang='grc' dir='ltr'><strong><em>θεοῦ</em></strong></span> <span class='ocrx_word' id='word_1_114' title='bbox 583 2198 640 2268; x_wconf 87' lang='grc' dir='ltr'><strong><em>καί</em></strong></span> <span class='ocrx_word' id='word_1_115' title='bbox 667 2205 817 2288; x_wconf 68' lang='grc' dir='ltr'><strong><em>σωτῆρος</em></strong></span> <span class='ocrx_word' id='word_1_116' title='bbox 841 2202 938 2288; x_wconf 73' lang='grc' dir='ltr'><strong><em>ἡμῶν</em></strong></span> <span class='ocrx_word' id='word_1_117' title='bbox 954 2201 1063 2289; x_wconf 80' lang='grc' dir='ltr'><strong><em>Ἰησοῦ</em></strong></span> <span class='ocrx_word' id='word_1_118' title='bbox 1090 2205 1230 2288; x_wconf 77' lang='grc' dir='ltr'><strong><em>χριστοῦ</em></strong></span> <span class='ocrx_word' id='word_1_119' title='bbox 1257 2201 1297 2269; x_wconf 85' lang='grc' dir='ltr'><strong><em>τό</em></strong></span> <span class='ocrx_word' id='word_1_120' title='bbox 1324 2205 1406 2289; x_wconf 80' lang='grc' dir='ltr'><strong><em>μίγα</em></strong></span> 
     </span>
    </p>

    <p class='ocr_par' dir='ltr' id='par_1_12' title="bbox 236 2298 1406 3305">
     <span class='ocr_line' id='line_1_16' title="bbox 286 2298 1406 2391; baseline 0.003 -22"><span class='ocrx_word' id='word_1_121' title='bbox 286 2303 344 2388; x_wconf 81' lang='grc' dir='ltr'><strong><em>της</em></strong></span> <span class='ocrx_word' id='word_1_122' title='bbox 376 2300 548 2388; x_wconf 80' lang='grc' dir='ltr'><strong><em>εὐσεβείας</em></strong></span> <span class='ocrx_word' id='word_1_123' title='bbox 576 2298 659 2388; x_wconf 74' lang='grc' dir='ltr'><strong><em>ἡμῖν</em></strong></span> <span class='ocrx_word' id='word_1_124' title='bbox 685 2303 931 2387; x_wconf 89' lang='grc' dir='ltr'><strong><em>παραδιδόντος</em></strong></span> <span class='ocrx_word' id='word_1_125' title='bbox 958 2303 1145 2389; x_wconf 80' lang='grc' dir='ltr'><strong><em>μυστήριον</em></strong></span> <span class='ocrx_word' id='word_1_126' title='bbox 1171 2302 1229 2370; x_wconf 85' lang='grc' dir='ltr'><strong><em>ααί</em></strong></span> <span class='ocrx_word' id='word_1_127' title='bbox 1255 2325 1406 2391; x_wconf 79' lang='grc' dir='ltr'><strong><em>προσκα-</em></strong></span> 
     </span>
     <span class='ocr_line' id='line_1_17' title="bbox 237 2401 1406 2491; baseline 0 -17"><span class='ocrx_word' id='word_1_128' title='bbox 237 2423 269 2474; x_wconf 75' lang='grc'><strong><em>15</em></strong></span> <span class='ocrx_word' id='word_1_129' title='bbox 287 2405 456 2490; x_wconf 75' lang='grc' dir='ltr'><strong><em>λουμένου</em></strong></span> <span class='ocrx_word' id='word_1_130' title='bbox 475 2402 658 2483; x_wconf 80' lang='grc' dir='ltr'><strong><em>Ἰουδαίους</em></strong></span> <span class='ocrx_word' id='word_1_131' title='bbox 677 2429 713 2472; x_wconf 90' lang='grc' dir='ltr'><strong><em>τε</em></strong></span> <span class='ocrx_word' id='word_1_132' title='bbox 732 2404 789 2471; x_wconf 79' lang='grc' dir='ltr'><strong><em>καὶ</em></strong></span> <span class='ocrx_word' id='word_1_133' title='bbox 802 2405 966 2491; x_wconf 82' lang='grc' dir='ltr'><strong><em>Ἕλληνας</em></strong></span> <span class='ocrx_word' id='word_1_134' title='bbox 988 2408 1035 2484; x_wconf 91' lang='grc' dir='ltr'><strong><em>εἰς</em></strong></span> <span class='ocrx_word' id='word_1_135' title='bbox 1050 2405 1235 2490; x_wconf 78' lang='grc' dir='ltr'><strong><em>ἐπίγνωσιν</em></strong></span> <span class='ocrx_word' id='word_1_136' title='bbox 1250 2411 1314 2472; x_wconf 92' lang='grc' dir='ltr'><strong><em>τοῦ</em></strong></span> <span class='ocrx_word' id='word_1_137' title='bbox 1336 2401 1406 2484; x_wconf 86' lang='grc' dir='ltr'><strong><em>ε’νδς</em></strong></span> 
     </span>
     <span class='ocr_line' id='line_1_18' title="bbox 287 2505 1405 2594; baseline 0.002 -22"><span class='ocrx_word' id='word_1_138' title='bbox 287 2507 343 2572; x_wconf 85' lang='grc' dir='ltr'><strong><em>καί</em></strong></span> <span class='ocrx_word' id='word_1_139' title='bbox 379 2506 488 2591; x_wconf 87' lang='grc' dir='ltr'><strong><em>μόνου</em></strong></span> <span class='ocrx_word' id='word_1_140' title='bbox 525 2505 695 2592; x_wconf 78' lang='grc' dir='ltr'><strong><em>ἀληθινοῦ</em></strong></span> <span class='ocrx_word' id='word_1_141' title='bbox 726 2511 813 2573; x_wconf 86' lang='grc' dir='ltr'><strong><em>θεοῦ</em></strong></span> <span class='ocrx_word' id='word_1_142' title='bbox 846 2511 881 2588; x_wconf 78' lang='grc'><strong><em>*,</em></strong></span> <span class='ocrx_word' id='word_1_143' title='bbox 918 2506 1033 2585; x_wconf 77' lang='grc' dir='ltr'><strong><em>ιιαθύς</em></strong></span> <span class='ocrx_word' id='word_1_144' title='bbox 1065 2505 1165 2585; x_wconf 88' lang='grc' dir='ltr'><strong><em>αὐτός</em></strong></span> <span class='ocrx_word' id='word_1_145' title='bbox 1197 2529 1267 2574; x_wconf 84' lang='grc' dir='ltr'><strong><em>που</em></strong></span> <span class='ocrx_word' id='word_1_146' title='bbox 1303 2509 1405 2594; x_wconf 75' lang='grc' dir='ltr'><strong><em>φησὶν</em></strong></span> 
     </span>
     <span class='ocr_line' id='line_1_19' title="bbox 288 2605 1405 2696; baseline 0.004 -24"><span class='ocrx_word' id='word_1_147' title='bbox 288 2605 496 2692; x_wconf 75' lang='grc' dir='ltr'><strong><em>εὐχαριστῶν</em></strong></span> <span class='ocrx_word' id='word_1_148' title='bbox 529 2606 585 2674; x_wconf 90' lang='grc' dir='ltr'><strong><em>έπί</em></strong></span> <span class='ocrx_word' id='word_1_149' title='bbox 617 2613 660 2694; x_wconf 77' lang='grc' dir='ltr'><strong><em>τῇ</em></strong></span> <span class='ocrx_word' id='word_1_150' title='bbox 695 2613 843 2696; x_wconf 81' lang='grc' dir='ltr'><strong><em>σωτηρίᾳ</em></strong></span> <span class='ocrx_word' id='word_1_151' title='bbox 877 2633 946 2674; x_wconf 72' lang='grc' dir='ltr'><strong><em>τον</em></strong></span> <span class='ocrx_word' id='word_1_152' title='bbox 980 2609 1236 2676; x_wconf 83' lang='grc' dir='ltr'><strong><em>πιστευσάντων</em></strong></span> <span class='ocrx_word' id='word_1_153' title='bbox 1268 2608 1405 2696; x_wconf 83' lang='grc' dir='ltr'><strong><em>Ἐφανέ-</em></strong></span> 
     </span>
     <span class='ocr_line' id='line_1_20' title="bbox 287 2705 1405 2796; baseline 0.004 -23"><span class='ocrx_word' id='word_1_154' title='bbox 287 2707 381 2796; x_wconf 85' lang='grc' dir='ltr'><strong><em>ριισά</em></strong></span> <span class='ocrx_word' id='word_1_155' title='bbox 399 2725 463 2774; x_wconf 93' lang='grc' dir='ltr'><strong><em>σου</em></strong></span> <span class='ocrx_word' id='word_1_156' title='bbox 483 2708 522 2775; x_wconf 86' lang='grc' dir='ltr'><strong><em>τδ</em></strong></span> <span class='ocrx_word' id='word_1_157' title='bbox 544 2709 651 2795; x_wconf 81' lang='grc' dir='ltr'><strong><em>ὄνομα</em></strong></span> <span class='ocrx_word' id='word_1_158' title='bbox 671 2723 742 2788; x_wconf 75' lang='grc' dir='ltr'><strong><em>τοῖς</em></strong></span> <span class='ocrx_word' id='word_1_159' title='bbox 763 2709 975 2796; x_wconf 84' lang='grc' dir='ltr'><strong><em>άνθρύιτοις,</em></strong></span> <span class='ocrx_word' id='word_1_160' title='bbox 998 2709 1036 2778; x_wconf 87' lang='grc' dir='ltr'><strong><em>τό</em></strong></span> <span class='ocrx_word' id='word_1_161' title='bbox 1059 2714 1160 2795; x_wconf 75' lang='grc' dir='ltr'><strong><em>ἔργον</em></strong></span> <span class='ocrx_word' id='word_1_162' title='bbox 1179 2712 1197 2752; x_wconf 78' lang='grc'><strong><em>*</em></strong></span> <span class='ocrx_word' id='word_1_163' title='bbox 1219 2705 1239 2777; x_wconf 86' lang='grc' dir='ltr'><strong><em>δ</em></strong></span> <span class='ocrx_word' id='word_1_164' title='bbox 1258 2712 1405 2790; x_wconf 75' lang='grc' dir='ltr'><strong><em>δέδωκάς</em></strong></span> 
     </span>
     <span class='ocr_line' id='line_1_21' title="bbox 287 2809 1404 2901; baseline 0.004 -25"><span class='ocrx_word' id='word_1_165' title='bbox 287 2833 345 2894; x_wconf 90' lang='grc' dir='ltr'><strong><em>μοι</em></strong></span> <span class='ocrx_word' id='word_1_166' title='bbox 365 2809 558 2897; x_wconf 84' lang='grc' dir='ltr'><strong><em>έτελείωσα,</em></strong></span> <span class='ocrx_word' id='word_1_167' title='bbox 585 2810 642 2878; x_wconf 85' lang='grc' dir='ltr'><strong><em>ιιαί</em></strong></span> <span class='ocrx_word' id='word_1_168' title='bbox 663 2812 740 2899; x_wconf 77' lang='grc' dir='ltr'><strong><em>περὶ</em></strong></span> <span class='ocrx_word' id='word_1_169' title='bbox 763 2812 859 2898; x_wconf 79' lang='grc' dir='ltr'><strong><em>ἡμῶν</em></strong></span> <span class='ocrx_word' id='word_1_170' title='bbox 880 2815 899 2854; x_wconf 81' lang='grc'>*</span> <span class='ocrx_word' id='word_1_171' title='bbox 922 2813 1077 2899; x_wconf 88' lang='grc' dir='ltr'><strong><em>λέγοντος</em></strong></span> <span class='ocrx_word' id='word_1_172' title='bbox 1103 2817 1151 2901; x_wconf 76' lang='grc' dir='ltr'><strong><em>τῷ</em></strong></span> <span class='ocrx_word' id='word_1_173' title='bbox 1170 2812 1275 2900; x_wconf 77' lang='grc' dir='ltr'><strong><em>πατρὶ</em></strong></span> <span class='ocrx_word' id='word_1_174' title='bbox 1293 2815 1404 2899; x_wconf 87' lang='grc' dir='ltr'><strong><em>Πάτερ</em></strong></span> 
     </span>
     <span class='ocr_line' id='line_1_22' title="bbox 236 2909 1405 2999; baseline 0.001 -18"><span class='ocrx_word' id='word_1_175' title='bbox 236 2928 271 2981; x_wconf 77' lang='grc'><strong><em>20</em></strong></span> <span class='ocrx_word' id='word_1_176' title='bbox 288 2911 373 2997; x_wconf 82' lang='grc' dir='ltr'><strong><em>άγιε,</em></strong></span> <span class='ocrx_word' id='word_1_177' title='bbox 394 2913 424 2978; x_wconf 84' lang='grc' dir='ltr'><strong><em>εί</em></strong></span> <span class='ocrx_word' id='word_1_178' title='bbox 444 2913 501 2979; x_wconf 84' lang='grc' dir='ltr'><strong><em>καί</em></strong></span> <span class='ocrx_word' id='word_1_179' title='bbox 523 2909 684 2998; x_wconf 82' lang='grc' dir='ltr'><strong><em>ὁπόσμος</em></strong></span> <span class='ocrx_word' id='word_1_180' title='bbox 707 2931 745 2980; x_wconf 89' lang='grc' dir='ltr'><strong><em>σε</em></strong></span> <span class='ocrx_word' id='word_1_181' title='bbox 767 2912 831 2981; x_wconf 88' lang='grc' dir='ltr'><strong><em>οὐιι</em></strong></span> <span class='ocrx_word' id='word_1_182' title='bbox 852 2917 950 2999; x_wconf 83' lang='grc' dir='ltr'><strong><em>έγνω,</em></strong></span> <span class='ocrx_word' id='word_1_183' title='bbox 972 2912 1048 2980; x_wconf 80' lang='grc' dir='ltr'><strong><em>ἀλλ’</em></strong></span> <span class='ocrx_word' id='word_1_184' title='bbox 1072 2912 1139 2998; x_wconf 84' lang='grc' dir='ltr'><strong><em>έγά</em></strong></span> <span class='ocrx_word' id='word_1_185' title='bbox 1160 2933 1199 2981; x_wconf 90' lang='grc' dir='ltr'><strong><em>σε</em></strong></span> <span class='ocrx_word' id='word_1_186' title='bbox 1222 2919 1335 2999; x_wconf 78' lang='grc' dir='ltr'><strong><em>ἔγνων</em></strong></span> <span class='ocrx_word' id='word_1_187' title='bbox 1351 2917 1405 2982; x_wconf 76' lang='grc' dir='ltr'><strong><em>καλ</em></strong></span> 
     </span>
     <span class='ocr_line' id='line_1_23' title="bbox 288 3003 1405 3105; baseline 0.004 -26"><span class='ocrx_word' id='word_1_188' title='bbox 288 3003 388 3080; x_wconf 84' lang='grc' dir='ltr'><strong><em>οὗτοί</em></strong></span> <span class='ocrx_word' id='word_1_189' title='bbox 408 3031 447 3080; x_wconf 89' lang='grc' dir='ltr'><strong><em>σε</em></strong></span> <span class='ocrx_word' id='word_1_190' title='bbox 473 3018 627 3100; x_wconf 79' lang='grc' dir='ltr'><strong><em>ἔγνωσαν</em></strong></span> <span class='ocrx_word' id='word_1_191' title='bbox 648 3016 682 3099; x_wconf 81' lang='grc'><strong><em>*,</em></strong></span> <span class='ocrx_word' id='word_1_192' title='bbox 717 3015 852 3095; x_wconf 77' lang='grc' dir='ltr'><strong><em>εἰκότως</em></strong></span> <span class='ocrx_word' id='word_1_193' title='bbox 874 3013 919 3094; x_wconf 84' lang='grc' dir='ltr'><strong><em>άς</em></strong></span> <span class='ocrx_word' id='word_1_194' title='bbox 946 3011 991 3082; x_wconf 83' lang='grc' dir='ltr'><strong><em>άν</em></strong></span> <span class='ocrx_word' id='word_1_195' title='bbox 1017 3018 1285 3101; x_wconf 72' lang='grc' dir='ltr'><strong><em>τετελειωμένον</em></strong></span> <span class='ocrx_word' id='word_1_196' title='bbox 1313 3016 1405 3105; x_wconf 73' lang='grc' dir='ltr'><strong><em>ἡμῶν</em></strong></span> 
     </span>
     <span class='ocr_line' id='line_1_24' title="bbox 288 3115 1405 3204; baseline 0.002 -22"><span class='ocrx_word' id='word_1_197' title='bbox 288 3115 372 3202; x_wconf 83' lang='grc' dir='ltr'><strong><em>φησί</em></strong></span> <span class='ocrx_word' id='word_1_198' title='bbox 392 3120 496 3183; x_wconf 82' lang='grc' dir='ltr'><strong><em>πᾶσιν</em></strong></span> <span class='ocrx_word' id='word_1_199' title='bbox 517 3115 585 3202; x_wconf 89' lang='grc' dir='ltr'><strong><em>άμα</em></strong></span> <span class='ocrx_word' id='word_1_200' title='bbox 606 3117 683 3202; x_wconf 79' lang='grc' dir='ltr'><strong><em>περὶ</em></strong></span> <span class='ocrx_word' id='word_1_201' title='bbox 704 3117 772 3183; x_wconf 76' lang='grc' dir='ltr'><strong><em>τοῖν</em></strong></span> <span class='ocrx_word' id='word_1_202' title='bbox 796 3117 830 3197; x_wconf 76' lang='grc' dir='ltr'><strong><em>ἐξ</em></strong></span> <span class='ocrx_word' id='word_1_203' title='bbox 851 3115 958 3184; x_wconf 90' lang='grc' dir='ltr'><strong><em>αὐτοῦ</em></strong></span> <span class='ocrx_word' id='word_1_204' title='bbox 979 3117 1037 3184; x_wconf 81' lang='grc' dir='ltr'><strong><em>διά</em></strong></span> <span class='ocrx_word' id='word_1_205' title='bbox 1058 3122 1120 3183; x_wconf 86' lang='grc' dir='ltr'><strong><em>τοῦ</em></strong></span> <span class='ocrx_word' id='word_1_206' title='bbox 1141 3117 1333 3204; x_wconf 88' lang='grc' dir='ltr'><strong><em>πνεύματος</em></strong></span> <span class='ocrx_word' id='word_1_207' title='bbox 1352 3121 1405 3185; x_wconf 86' lang='grc' dir='ltr'><strong><em>δι-</em></strong></span> 
     </span>
     <span class='ocr_line' id='line_1_25' title="bbox 288 3218 1405 3305; baseline 0.002 -21"><span class='ocrx_word' id='word_1_208' title='bbox 288 3218 441 3303; x_wconf 90' lang='grc' dir='ltr'><strong><em>δομένων</em></strong></span> <span class='ocrx_word' id='word_1_209' title='bbox 465 3218 680 3305; x_wconf 89' lang='grc' dir='ltr'><strong><em>χαρισμάτων</em></strong></span> <span class='ocrx_word' id='word_1_210' title='bbox 701 3221 720 3260; x_wconf 78' lang='lat'><strong>*</strong></span> <span class='ocrx_word' id='word_1_211' title='bbox 743 3227 873 3305; x_wconf 74' lang='grc' dir='ltr'><strong><em>Σημεῖα</em></strong></span> <span class='ocrx_word' id='word_1_212' title='bbox 900 3221 937 3286; x_wconf 75' lang='grc' dir='ltr'><strong><em>δέ</em></strong></span> <span class='ocrx_word' id='word_1_213' title='bbox 962 3231 1032 3297; x_wconf 80' lang='grc' dir='ltr'><strong><em>τοίς</em></strong></span> <span class='ocrx_word' id='word_1_214' title='bbox 1058 3219 1281 3288; x_wconf 81' lang='grc' dir='ltr'><strong><em>πιστεύσασιν</em></strong></span> <span class='ocrx_word' id='word_1_215' title='bbox 1302 3225 1405 3289; x_wconf 85' lang='grc' dir='ltr'><strong><em>ταῦτα</em></strong></span> 
     </span>
    </p>
   </div>
   <div class='ocr_carea' id='block_1_6' title="bbox 356 3423 1405 3578">
    <p class='ocr_par' dir='ltr' id='par_1_13' title="bbox 356 3423 1405 3578">
     <span class='ocr_line' id='line_1_26' title="bbox 356 3423 1405 3495; baseline 0.004 -19"><span class='ocrx_word' id='word_1_216' title='bbox 356 3423 450 3476; x_wconf 78' lang='grc' dir='ltr'><strong><em>δΙιυο</em></strong></span> <span class='ocrx_word' id='word_1_217' title='bbox 467 3426 492 3487; x_wconf 87' lang='grc'><strong><em>2,</em></strong></span> <span class='ocrx_word' id='word_1_218' title='bbox 512 3423 612 3478; x_wconf 80' lang='grc'><strong><em>29-32</em></strong></span> <span class='ocrx_word' id='word_1_219' title='bbox 639 3427 644 3491; x_wconf 96' lang='grc' dir='ltr'>Ι</span> <span class='ocrx_word' id='word_1_220' title='bbox 670 3427 815 3493; x_wconf 79' lang='lat' dir='ltr'><strong>710b31,</strong></span> <span class='ocrx_word' id='word_1_221' title='bbox 836 3426 867 3479; x_wconf 94' lang='grc'><strong><em>18</em></strong></span> <span class='ocrx_word' id='word_1_222' title='bbox 893 3427 898 3491; x_wconf 99' lang='grc' dir='ltr'>Ι</span> <span class='ocrx_word' id='word_1_223' title='bbox 923 3426 1090 3495; x_wconf 76' lang='grc' dir='ltr'><strong><em>θῦοτδθ,</em></strong></span> <span class='ocrx_word' id='word_1_224' title='bbox 1109 3426 1153 3495; x_wconf 94' lang='grc' dir='ltr'><strong><em>8Ι</em></strong></span> <span class='ocrx_word' id='word_1_225' title='bbox 1182 3427 1281 3482; x_wconf 74' lang='lat'><strong>171011</strong></span> <span class='ocrx_word' id='word_1_226' title='bbox 1301 3427 1405 3492; x_wconf 70' lang='grc' dir='ltr'><strong><em>17,θί</em></strong></span> 
     </span>
     <span class='ocr_line' id='line_1_27' title="bbox 358 3507 932 3578; baseline 0.009 -18"><span class='ocrx_word' id='word_1_227' title='bbox 358 3509 362 3576; x_wconf 97' lang='grc' dir='ltr'>Ι</span> <span class='ocrx_word' id='word_1_228' title='bbox 384 3507 416 3560; x_wconf 81' lang='grc'><strong><em>19</em></strong></span> <span class='ocrx_word' id='word_1_229' title='bbox 434 3508 484 3561; x_wconf 86' lang='grc' dir='ltr'><strong><em>Ιο1ι</em></strong></span> <span class='ocrx_word' id='word_1_230' title='bbox 504 3509 544 3572; x_wconf 89' lang='grc'><strong><em>17,</em></strong></span> <span class='ocrx_word' id='word_1_231' title='bbox 562 3511 663 3578; x_wconf 77' lang='grc' dir='ltr'><strong><em>2δΙ23</em></strong></span> <span class='ocrx_word' id='word_1_232' title='bbox 681 3513 759 3564; x_wconf 74' lang='lat' dir='ltr'><strong><em>Mare</em></strong></span> <span class='ocrx_word' id='word_1_233' title='bbox 779 3511 819 3569; x_wconf 82' lang='grc'><strong><em>18.</em></strong></span> <span class='ocrx_word' id='word_1_234' title='bbox 840 3513 879 3564; x_wconf 88' lang='grc'><strong><em>17.</em></strong></span> <span class='ocrx_word' id='word_1_235' title='bbox 900 3512 932 3565; x_wconf 91' lang='grc'><strong><em>18</em></strong></span> 
     </span>
    </p>
   </div>
   <div class='ocr_carea' id='block_1_7' title="bbox 79 3687 1410 4442">
    <p class='ocr_par' dir='ltr' id='par_1_14' title="bbox 100 3687 1409 3938">
     <span class='ocr_line' id='line_1_28' title="bbox 100 3687 1409 3776; baseline 0.007 -32"><span class='ocrx_word' id='word_1_236' title='bbox 100 3696 207 3776; x_wconf 55' lang='grc' dir='ltr'><strong><em>Μ,</em></strong></span> <span class='ocrx_word' id='word_1_237' title='bbox 290 3695 302 3746; x_wconf 91' lang='lat'>1</span> <span class='ocrx_word' id='word_1_238' title='bbox 321 3687 425 3760; x_wconf 74' lang='grc' dir='ltr'><strong><em>πρέπει</em></strong></span> <span class='ocrx_word' id='word_1_239' title='bbox 443 3687 516 3760; x_wconf 86' lang='grc' dir='ltr'><strong><em>δόξα</em></strong></span> <span class='ocrx_word' id='word_1_240' title='bbox 533 3709 552 3761; x_wconf 81' lang='lat' dir='ltr'><strong>y</strong></span> <span class='ocrx_word' id='word_1_241' title='bbox 571 3696 576 3761; x_wconf 95' lang='grc' dir='ltr'>Ι</span> <span class='ocrx_word' id='word_1_242' title='bbox 598 3698 610 3749; x_wconf 92' lang='lat'>1</span> <span class='ocrx_word' id='word_1_243' title='bbox 629 3695 717 3764; x_wconf 85' lang='grc' dir='ltr'><strong><em>πατρλ</em></strong></span> <span class='ocrx_word' id='word_1_244' title='bbox 782 3701 800 3750; x_wconf 88' lang='grc'><strong><em>2</em></strong></span> <span class='ocrx_word' id='word_1_245' title='bbox 816 3694 959 3766; x_wconf 78' lang='grc' dir='ltr'><strong><em>πνεύματι</em></strong></span> <span class='ocrx_word' id='word_1_246' title='bbox 976 3717 1007 3766; x_wconf 82' lang='lat' dir='ltr'><strong><em>x,</em></strong></span> <span class='ocrx_word' id='word_1_247' title='bbox 1031 3699 1095 3768; x_wconf 74' lang='grc' dir='ltr'><strong><em>θεῷ</em></strong></span> <span class='ocrx_word' id='word_1_248' title='bbox 1111 3697 1162 3752; x_wconf 69' lang='lat' dir='ltr'><strong><em>nul</em></strong></span> <span class='ocrx_word' id='word_1_249' title='bbox 1179 3698 1271 3775; x_wconf 57' lang='lat' dir='ltr'><strong><em>uQ</em></strong></span> <span class='ocrx_word' id='word_1_250' title='bbox 1284 3694 1340 3776; x_wconf 56' lang='lat' dir='ltr'><em>Q</em></span> <span class='ocrx_word' id='word_1_251' title='bbox 1351 3699 1409 3772; x_wconf 56' lang='grc' dir='ltr'><strong><em>σοῦ</em></strong></span> 
     </span>
     <span class='ocr_line' id='line_1_29' title="bbox 270 3771 1406 3858; baseline 0.005 -28"><span class='ocrx_word' id='word_1_252' title='bbox 270 3771 639 3858; x_wconf 32' lang='grc' dir='ltr'><strong><em>,χιλοῦ-ένπνεύματι-τμρ</em></strong></span> <span class='ocrx_word' id='word_1_253' title='bbox 657 3783 845 3856; x_wconf 49' lang='grc' dir='ltr'><strong><em>ποια-γύψ</em></strong></span> <span class='ocrx_word' id='word_1_254' title='bbox 864 3781 990 3853; x_wconf 72' lang='lat' dir='ltr'><strong>[semper</strong></span> <span class='ocrx_word' id='word_1_255' title='bbox 1006 3803 1029 3838; x_wconf 85' lang='grc' dir='ltr'><strong><em>ω</em></strong></span> <span class='ocrx_word' id='word_1_256' title='bbox 1045 3805 1081 3832; x_wconf 82' lang='lat'><strong><em>==</em></strong></span> <span class='ocrx_word' id='word_1_257' title='bbox 1097 3803 1120 3853; x_wconf 82' lang='grc' dir='ltr'><strong><em>φ</em></strong></span> <span class='ocrx_word' id='word_1_258' title='bbox 1137 3783 1164 3852; x_wconf 84' lang='lat' dir='ltr'><strong><em>t]</em></strong></span> <span class='ocrx_word' id='word_1_259' title='bbox 1193 3790 1198 3845; x_wconf 92' lang='grc' dir='ltr'>Ι</span> <span class='ocrx_word' id='word_1_260' title='bbox 1224 3787 1240 3836; x_wconf 88' lang='grc'><strong><em>7</em></strong></span> <span class='ocrx_word' id='word_1_261' title='bbox 1264 3777 1406 3850; x_wconf 81' lang='grc' dir='ltr'><strong><em>έπάρίστιι</em></strong></span> 
     </span>
     <span class='ocr_line' id='line_1_30' title="bbox 288 3858 1407 3938; baseline 0.008 -23"><span class='ocrx_word' id='word_1_262' title='bbox 288 3865 364 3916; x_wconf 72' lang='lat' dir='ltr'><strong>inser</strong></span> <span class='ocrx_word' id='word_1_263' title='bbox 382 3880 407 3929; x_wconf 85' lang='lat' dir='ltr'><strong><em>x,</em></strong></span> <span class='ocrx_word' id='word_1_264' title='bbox 427 3858 496 3934; x_wconf 74' lang='grc' dir='ltr'><strong><em>εὐχὴ</em></strong></span> <span class='ocrx_word' id='word_1_265' title='bbox 514 3862 653 3935; x_wconf 81' lang='grc' dir='ltr'><strong><em>λεγομένη</em></strong></span> <span class='ocrx_word' id='word_1_266' title='bbox 672 3860 720 3920; x_wconf 79' lang='grc' dir='ltr'><strong><em>έπλ</em></strong></span> <span class='ocrx_word' id='word_1_267' title='bbox 737 3859 844 3933; x_wconf 84' lang='grc' dir='ltr'><strong><em>άρίστω</em></strong></span> <span class='ocrx_word' id='word_1_268' title='bbox 861 3871 937 3920; x_wconf 76' lang='lat' dir='ltr'>inser</span> <span class='ocrx_word' id='word_1_269' title='bbox 953 3887 971 3935; x_wconf 87' lang='lat' dir='ltr'><strong>y</strong></span> <span class='ocrx_word' id='word_1_270' title='bbox 990 3871 995 3935; x_wconf 96' lang='grc' dir='ltr'>Ι</span> <span class='ocrx_word' id='word_1_271' title='bbox 1013 3869 1031 3923; x_wconf 84' lang='grc'>9</span> <span class='ocrx_word' id='word_1_272' title='bbox 1047 3861 1129 3938; x_wconf 73' lang='grc' dir='ltr'><strong><em>ὐμῶν</em></strong></span> <span class='ocrx_word' id='word_1_273' title='bbox 1146 3873 1176 3936; x_wconf 78' lang='grc' dir='ltr'><strong><em>ίΙ</em></strong></span> <span class='ocrx_word' id='word_1_274' title='bbox 1195 3869 1227 3922; x_wconf 88' lang='grc'><strong><em>10</em></strong></span> <span class='ocrx_word' id='word_1_275' title='bbox 1242 3867 1407 3935; x_wconf 65' lang='grc' dir='ltr'><strong><em>περισσεύω</em></strong></span> 
     </span>
    </p>

    <p class='ocr_par' dir='ltr' id='par_1_15' title="bbox 79 3939 1410 4442">
     <span class='ocr_line' id='line_1_31' title="bbox 79 3939 1406 4034; baseline 0.005 -34"><span class='ocrx_word' id='word_1_276' title='bbox 79 3950 203 4034; x_wconf 49' lang='grc' dir='ltr'><strong><em>(ΜΕ</em></strong></span> <span class='ocrx_word' id='word_1_277' title='bbox 287 3963 342 4016; x_wconf 76' lang='grc' dir='ltr'><strong><em>μιν</em></strong></span> <span class='ocrx_word' id='word_1_278' title='bbox 358 3955 389 4016; x_wconf 73' lang='grc' dir='ltr'><strong><em>γλ</em></strong></span> <span class='ocrx_word' id='word_1_279' title='bbox 408 3947 413 4018; x_wconf 90' lang='grc' dir='ltr'>Ι</span> <span class='ocrx_word' id='word_1_280' title='bbox 435 3949 467 4001; x_wconf 88' lang='grc'><strong><em>10</em></strong></span> <span class='ocrx_word' id='word_1_281' title='bbox 484 3939 608 4018; x_wconf 81' lang='grc' dir='ltr'><strong><em>α’γαθύσ</em></strong></span> <span class='ocrx_word' id='word_1_282' title='bbox 625 3953 651 4003; x_wconf 82' lang='grc' dir='ltr'>Χ</span> <span class='ocrx_word' id='word_1_283' title='bbox 670 3953 675 4016; x_wconf 88' lang='grc' dir='ltr'>Ι</span> <span class='ocrx_word' id='word_1_284' title='bbox 697 3944 861 4032; x_wconf 49' lang='lat' dir='ltr'><strong><em>QO’JJ</em></strong></span> <span class='ocrx_word' id='word_1_285' title='bbox 880 3945 922 4024; x_wconf 76' lang='grc' dir='ltr'><strong><em>δι’</em></strong></span> <span class='ocrx_word' id='word_1_286' title='bbox 932 3961 973 4023; x_wconf 60' lang='lat' dir='ltr'><strong>fl</strong></span> <span class='ocrx_word' id='word_1_287' title='bbox 994 3953 999 4023; x_wconf 89' lang='grc' dir='ltr'>Ι</span> <span class='ocrx_word' id='word_1_288' title='bbox 1026 3955 1060 4007; x_wconf 82' lang='grc' dir='ltr'><strong><em>Ῑδ</em></strong></span> <span class='ocrx_word' id='word_1_289' title='bbox 1076 3947 1183 4022; x_wconf 80' lang='grc' dir='ltr'><strong><em>πατρὸς</em></strong></span> <span class='ocrx_word' id='word_1_290' title='bbox 1200 3947 1292 4007; x_wconf 81' lang='grc' dir='ltr'><strong><em>αὐτοῦ</em></strong></span> <span class='ocrx_word' id='word_1_291' title='bbox 1308 3955 1371 4022; x_wconf 80' lang='lat' dir='ltr'><strong><em>†t</em></strong></span> <span class='ocrx_word' id='word_1_292' title='bbox 1401 3953 1406 4022; x_wconf 91' lang='grc' dir='ltr'>Ι</span> 
     </span>
     <span class='ocr_line' id='line_1_32' title="bbox 289 4027 1409 4107; baseline 0.004 -21"><span class='ocrx_word' id='word_1_293' title='bbox 289 4034 321 4086; x_wconf 88' lang='grc'><strong><em>18</em></strong></span> <span class='ocrx_word' id='word_1_294' title='bbox 339 4027 489 4087; x_wconf 84' lang='grc' dir='ltr'><strong><em>έτελείωσα</em></strong></span> <span class='ocrx_word' id='word_1_295' title='bbox 506 4035 540 4102; x_wconf 87' lang='grc' dir='ltr'><strong><em>-Ι-</em></strong></span> <span class='ocrx_word' id='word_1_296' title='bbox 556 4053 575 4102; x_wconf 83' lang='lat' dir='ltr'><strong>y</strong></span> <span class='ocrx_word' id='word_1_297' title='bbox 597 4035 602 4099; x_wconf 93' lang='grc' dir='ltr'>Ι</span> <span class='ocrx_word' id='word_1_298' title='bbox 628 4035 659 4087; x_wconf 89' lang='grc'><strong><em>18</em></strong></span> <span class='ocrx_word' id='word_1_299' title='bbox 678 4029 787 4099; x_wconf 77' lang='grc' dir='ltr'><strong><em>ἔδωκάς</em></strong></span> <span class='ocrx_word' id='word_1_300' title='bbox 806 4046 817 4091; x_wconf 82' lang='lat' dir='ltr'><strong>t</strong></span> <span class='ocrx_word' id='word_1_301' title='bbox 831 4041 835 4103; x_wconf 95' lang='grc' dir='ltr'>Ι</span> <span class='ocrx_word' id='word_1_302' title='bbox 854 4039 885 4090; x_wconf 81' lang='lat'><strong><em>19</em></strong></span> <span class='ocrx_word' id='word_1_303' title='bbox 903 4033 1051 4093; x_wconf 84' lang='grc' dir='ltr'><strong><em>έτελείωσα</em></strong></span> <span class='ocrx_word' id='word_1_304' title='bbox 1067 4040 1137 4107; x_wconf 83' lang='lat' dir='ltr'><strong><em>&gt;y</em></strong></span> <span class='ocrx_word' id='word_1_305' title='bbox 1156 4039 1161 4103; x_wconf 91' lang='grc' dir='ltr'>Ι</span> <span class='ocrx_word' id='word_1_306' title='bbox 1183 4040 1214 4091; x_wconf 83' lang='grc'><strong><em>19</em></strong></span> <span class='ocrx_word' id='word_1_307' title='bbox 1231 4033 1319 4092; x_wconf 76' lang='grc' dir='ltr'><strong><em>πάλιν</em></strong></span> <span class='ocrx_word' id='word_1_308' title='bbox 1334 4038 1371 4106; x_wconf 84' lang='grc' dir='ltr'><strong><em>-Ι-</em></strong></span> <span class='ocrx_word' id='word_1_309' title='bbox 1389 4057 1409 4106; x_wconf 84' lang='lat' dir='ltr'>y</span> 
     </span>
     <span class='ocr_line' id='line_1_33' title="bbox 289 4115 1410 4192; baseline 0.005 -22"><span class='ocrx_word' id='word_1_310' title='bbox 289 4117 294 4187; x_wconf 96' lang='grc' dir='ltr'>Ι</span> <span class='ocrx_word' id='word_1_311' title='bbox 315 4118 404 4171; x_wconf 65' lang='lat'><strong><em>1915</em></strong></span> <span class='ocrx_word' id='word_1_312' title='bbox 420 4116 508 4184; x_wconf 87' lang='grc' dir='ltr'><strong><em>πατρί</em></strong></span> <span class='ocrx_word' id='word_1_313' title='bbox 525 4126 568 4182; x_wconf 83' lang='lat' dir='ltr'><strong><em>xt,</em></strong></span> <span class='ocrx_word' id='word_1_314' title='bbox 587 4115 659 4186; x_wconf 88' lang='grc' dir='ltr'><strong><em>πρδς</em></strong></span> <span class='ocrx_word' id='word_1_315' title='bbox 676 4117 726 4173; x_wconf 85' lang='grc' dir='ltr'><strong><em>τόν</em></strong></span> <span class='ocrx_word' id='word_1_316' title='bbox 743 4119 854 4191; x_wconf 80' lang='grc' dir='ltr'><strong><em>πατέρα</em></strong></span> <span class='ocrx_word' id='word_1_317' title='bbox 870 4141 889 4190; x_wconf 84' lang='lat' dir='ltr'>y</span> <span class='ocrx_word' id='word_1_318' title='bbox 915 4123 920 4190; x_wconf 93' lang='grc' dir='ltr'>Ι</span> <span class='ocrx_word' id='word_1_319' title='bbox 945 4123 980 4176; x_wconf 88' lang='grc'><strong><em>20</em></strong></span> <span class='ocrx_word' id='word_1_320' title='bbox 996 4115 1062 4192; x_wconf 85' lang='grc' dir='ltr'><strong><em>άγιε</em></strong></span> <span class='ocrx_word' id='word_1_321' title='bbox 1080 4131 1118 4187; x_wconf 77' lang='lat' dir='ltr'><strong><em>xt,</em></strong></span> <span class='ocrx_word' id='word_1_322' title='bbox 1138 4122 1236 4177; x_wconf 75' lang='grc' dir='ltr'><strong><em>δίκαιε</em></strong></span> <span class='ocrx_word' id='word_1_323' title='bbox 1253 4141 1271 4189; x_wconf 81' lang='lat' dir='ltr'>y</span> <span class='ocrx_word' id='word_1_324' title='bbox 1294 4122 1301 4190; x_wconf 92' lang='grc' dir='ltr'>Ι</span> <span class='ocrx_word' id='word_1_325' title='bbox 1325 4123 1361 4174; x_wconf 84' lang='grc'><strong><em>20</em></strong></span> <span class='ocrx_word' id='word_1_326' title='bbox 1379 4119 1410 4176; x_wconf 86' lang='grc' dir='ltr'><strong><em>εἰ</em></strong></span> 
     </span>
     <span class='ocr_line' id='line_1_34' title="bbox 287 4195 1408 4276; baseline 0.003 -20"><span class='ocrx_word' id='word_1_327' title='bbox 287 4203 322 4268; x_wconf 98' lang='grc'>&gt;</span> <span class='ocrx_word' id='word_1_328' title='bbox 339 4204 376 4270; x_wconf 79' lang='grc' dir='ltr'><strong><em>γΙ</em></strong></span> <span class='ocrx_word' id='word_1_329' title='bbox 395 4205 430 4256; x_wconf 86' lang='grc'><strong><em>20</em></strong></span> <span class='ocrx_word' id='word_1_330' title='bbox 447 4195 511 4257; x_wconf 76' lang='grc' dir='ltr'><strong><em>ἄλλ’</em></strong></span> <span class='ocrx_word' id='word_1_331' title='bbox 530 4197 584 4271; x_wconf 82' lang='grc' dir='ltr'><strong><em>έγῦ</em></strong></span> <span class='ocrx_word' id='word_1_332' title='bbox 601 4210 640 4272; x_wconf 75' lang='lat'><strong><em>12,</em></strong></span> <span class='ocrx_word' id='word_1_333' title='bbox 659 4197 714 4273; x_wconf 83' lang='grc' dir='ltr'><strong><em>έγά</em></strong></span> <span class='ocrx_word' id='word_1_334' title='bbox 733 4202 766 4260; x_wconf 82' lang='grc' dir='ltr'><strong><em>δέ</em></strong></span> <span class='ocrx_word' id='word_1_335' title='bbox 782 4227 801 4276; x_wconf 79' lang='lat' dir='ltr'>y</span> <span class='ocrx_word' id='word_1_336' title='bbox 821 4210 826 4272; x_wconf 96' lang='grc' dir='ltr'>Ι</span> <span class='ocrx_word' id='word_1_337' title='bbox 845 4209 877 4260; x_wconf 87' lang='grc'><strong><em>21</em></strong></span> <span class='ocrx_word' id='word_1_338' title='bbox 896 4223 927 4261; x_wconf 88' lang='grc' dir='ltr'><strong><em>σε</em></strong></span> <span class='ocrx_word' id='word_1_339' title='bbox 944 4209 979 4274; x_wconf 98' lang='grc'>&gt;</span> <span class='ocrx_word' id='word_1_340' title='bbox 995 4223 1014 4275; x_wconf 82' lang='lat' dir='ltr'><strong>y</strong></span> <span class='ocrx_word' id='word_1_341' title='bbox 1033 4209 1039 4275; x_wconf 94' lang='grc' dir='ltr'>Ι</span> <span class='ocrx_word' id='word_1_342' title='bbox 1056 4209 1089 4260; x_wconf 87' lang='grc'><strong><em>21</em></strong></span> <span class='ocrx_word' id='word_1_343' title='bbox 1108 4199 1153 4261; x_wconf 79' lang='grc' dir='ltr'><strong><em>ὅτι</em></strong></span> <span class='ocrx_word' id='word_1_344' title='bbox 1171 4206 1206 4261; x_wconf 90' lang='grc' dir='ltr'><strong><em>σύ</em></strong></span> <span class='ocrx_word' id='word_1_345' title='bbox 1224 4223 1259 4276; x_wconf 85' lang='grc' dir='ltr'><strong><em>με</em></strong></span> <span class='ocrx_word' id='word_1_346' title='bbox 1275 4199 1408 4260; x_wconf 77' lang='grc' dir='ltr'><strong><em>άπέστει-</em></strong></span> 
     </span>
     <span class='ocr_line' id='line_1_35' title="bbox 289 4283 1409 4362; baseline 0.007 -24"><span class='ocrx_word' id='word_1_347' title='bbox 289 4287 340 4348; x_wconf 82' lang='grc' dir='ltr'><strong><em>λας</em></strong></span> <span class='ocrx_word' id='word_1_348' title='bbox 357 4285 426 4354; x_wconf 83' lang='lat' dir='ltr'><strong><em>†y</em></strong></span> <span class='ocrx_word' id='word_1_349' title='bbox 452 4291 457 4355; x_wconf 96' lang='grc' dir='ltr'>Ι</span> <span class='ocrx_word' id='word_1_350' title='bbox 483 4291 517 4340; x_wconf 90' lang='grc'><strong><em>22</em></strong></span> <span class='ocrx_word' id='word_1_351' title='bbox 535 4286 625 4356; x_wconf 73' lang='grc' dir='ltr'><strong><em>φησὶν</em></strong></span> <span class='ocrx_word' id='word_1_352' title='bbox 641 4307 668 4354; x_wconf 83' lang='lat' dir='ltr'><strong><em>x,</em></strong></span> <span class='ocrx_word' id='word_1_353' title='bbox 685 4291 754 4358; x_wconf 84' lang='lat' dir='ltr'><strong><em>&gt;y</em></strong></span> <span class='ocrx_word' id='word_1_354' title='bbox 779 4291 784 4360; x_wconf 94' lang='grc' dir='ltr'>Ι</span> <span class='ocrx_word' id='word_1_355' title='bbox 808 4294 842 4345; x_wconf 90' lang='grc'><strong><em>22</em></strong></span> <span class='ocrx_word' id='word_1_356' title='bbox 859 4292 949 4346; x_wconf 83' lang='grc' dir='ltr'><strong><em>πάσιτ</em></strong></span> <span class='ocrx_word' id='word_1_357' title='bbox 966 4283 1027 4362; x_wconf 79' lang='grc' dir='ltr'><strong><em>ἅμα</em></strong></span> <span class='ocrx_word' id='word_1_358' title='bbox 1044 4299 1083 4359; x_wconf 74' lang='grc' dir='ltr'><strong><em>ιι,</em></strong></span> <span class='ocrx_word' id='word_1_359' title='bbox 1101 4290 1188 4360; x_wconf 59' lang='lat' dir='ltr'><strong><em>tuly</em></strong></span> <span class='ocrx_word' id='word_1_360' title='bbox 1208 4293 1213 4361; x_wconf 95' lang='grc' dir='ltr'>Ι</span> <span class='ocrx_word' id='word_1_361' title='bbox 1236 4293 1269 4346; x_wconf 80' lang='grc'><strong><em>28</em></strong></span> <span class='ocrx_word' id='word_1_362' title='bbox 1286 4287 1409 4356; x_wconf 78' lang='grc' dir='ltr'><strong><em>διέξεισι</em></strong></span> 
     </span>
     <span class='ocr_line' id='line_1_36' title="bbox 289 4364 750 4442; baseline 0.013 -21"><span class='ocrx_word' id='word_1_363' title='bbox 289 4364 378 4436; x_wconf 79' lang='grc' dir='ltr'><strong><em>λέγων</em></strong></span> <span class='ocrx_word' id='word_1_364' title='bbox 394 4371 429 4437; x_wconf 81' lang='grc' dir='ltr'><strong><em>-Ι-</em></strong></span> <span class='ocrx_word' id='word_1_365' title='bbox 445 4389 464 4438; x_wconf 82' lang='lat' dir='ltr'><strong>y</strong></span> <span class='ocrx_word' id='word_1_366' title='bbox 478 4371 483 4440; x_wconf 96' lang='grc' dir='ltr'>Ι</span> <span class='ocrx_word' id='word_1_367' title='bbox 497 4373 531 4425; x_wconf 83' lang='grc'><strong><em>23</em></strong></span> <span class='ocrx_word' id='word_1_368' title='bbox 549 4369 715 4428; x_wconf 81' lang='grc' dir='ltr'><strong><em>πιστεύσασι</em></strong></span> <span class='ocrx_word' id='word_1_369' title='bbox 731 4391 750 4442; x_wconf 78' lang='lat' dir='ltr'>y</span> 
     </span>
    </p>
   </div>
   <div class='ocr_carea' id='block_1_8' title="bbox 0 0 1507 4972">
    <p class='ocr_par' dir='ltr' id='par_1_16' title="bbox 0 0 1507 4972">
     <span class='ocr_line' id='line_1_37' title="bbox 0 0 1507 4972; baseline 0 0"><span class='ocrx_word' id='word_1_370' title='bbox 0 0 1507 4972; x_wconf 95' lang='lat' dir='ltr'><strong><em> </em></strong></span> 
     </span>
    </p>
   </div>
  </div>
 </body>
</html>
