3120 4980
310 395 374 458 284

312 551 498 625 ἰἐρουσαλὴμ·
522 553 657 626 κειμένου
675 547 765 610 αύτυύ
784 551 861 609 κάτα
883 555 933 609 καί
957 552 998 610 ἐτι
1022 559 1138 624 ζῶντος,
1161 555 1291 628 κναφεύς
1312 550 1432 613 α’νεϊλεν

310 634 412 696 αὐτὸν·
430 639 560 707 πατάξας
577 641 626 694 τῶι
639 635 724 706 ξύλουι
741 635 813 710 μεθ’
831 632 867 694 ού
884 635 1020 712 ἐβύσταζε
1038 638 1073 696 τύ
1087 639 1188 712 [μα’τια
1206 642 1256 698 καὶ
1274 637 1430 712 ἐπορεύετο

311 720 477 780 οἶποιιλύναι
495 718 569 780 αύτα’
600 743 619 776 ι·

380 831 408 880 ιγ
426 813 527 881 Σίμων
545 804 560 864 ὁ
580 811 737 878 κανανίτης
756 802 772 863 ὃ
789 805 924 879 ζηλωτὴς·
949 802 1032 873 ούτος
1051 806 1171 881 ἐκήρυξε
1189 809 1266 881 παση
1284 814 1331 882 τήν
1349 814 1431 882 βρετ-

311 898 407 952 τανία.
443 895 492 950 καὶ
510 897 557 966 τῆι
579 897 634 948 τῶν
652 889 754 963 α’φρύν
776 893 864 963 γύρα·
888 893 1039 963 μετέπειτα
1063 893 1096 952 δὲ
1120 893 1153 952 ἐν
1169 899 1205 967 τῆ
1227 895 1360 952 ίουθαίαι
1378 917 1432 952 κα-

312 981 449 1035 θίσταται
468 974 500 1034 ἐν
523 978 591 1035 τιοὶν
613 974 778 1040 ἐπίσκοπος.
818 974 889 1049 μετὰ
909 974 1036 1049 ίοὶκοιβον
1053 978 1104 1036 τὸν
1122 983 1253 1050 δίκαιον,
1276 982 1327 1038 τὸν
1344 975 1429 1038 ύθιλ-

311 1064 369 1135 φύν
387 1067 502 1135 κυρίου·
522 1060 599 1127 ὅστις
617 1061 703 1134 ζήσας
722 1059 770 1132 ἐτη
789 1070 848 1130 ρκε,
868 1058 1044 1135 ἐμαρτύρησε
1063 1067 1243 1135 σταυρωθελς
1260 1062 1308 1124 ἐπὶ
1325 1061 1431 1137 οἷθρια-

311 1152 365 1206 νού
382 1147 530 1220 βασιλέως,
550 1145 645 1219 ύύμηο
668 1166 687 1200 ··ι

378 1236 410 1289 ιδ
434 1236 577 1296 Ματθίας
601 1231 647 1287 δέ·
671 1223 754 1294 οὗτος
778 1228 810 1286 ἐν
831 1236 879 1303 τῆι
903 1230 1025 1289 ίοοδαιά
1048 1231 1167 1306 ἐκήρυξε
1189 1233 1241 1291 τὸν
1263 1234 1361 1306 λόγον·
1388 1235 1432 1300 είς

310 1312 366 1388 dv,
390 1314 421 1374 ἐκ
439 1321 496 1374 τοῖν
513 1313 704 1389 ἐβδομίκοντα
727 1319 881 1386 μαθητῶν·
906 1315 977 1387 μετα
995 1316 1050 1389 τὴν
1070 1323 1123 1375 τού
1145 1323 1248 1391 κυρίου
1270 1314 1432 1378 α’νύστασιν

310 1403 597 1475 συγκαταριθμηθεὶς
608 1409 669 1465 τοῖς
681 1408 714 1458 ἦ
726 1398 902 1466 α’ποστύλοις,
921 1399 987 1458 ἀντὶ
999 1402 1099 1460 ίούθα·
1119 1395 1152 1467 ὃς
1168 1407 1218 1460 καὶ
1237 1401 1269 1460 έν
1287 1409 1334 1477 τῆι
1352 1403 1428 1476 πρύ-

309 1509 357 1560 τηι
376 1487 515 1545 αίθιοπία
533 1483 661 1557 κηρύξας
682 1484 733 1541 τὸν
756 1489 886 1557 χριστὸν,
909 1490 1068 1544 τελειοῦται
1085 1488 1137 1544 καλ
1154 1487 1299 1546 τέθαπται
1318 1486 1382 1546 ἐκεῖ
1396 1511 1416 1544 ο

378 1593 404 1630 ιε
421 1575 536 1636 Λουκᾶς
558 1567 574 1628 ὁ
599 1567 812 1642 εύαγγελιττής·
837 1563 919 1636 οὗτος
943 1570 996 1630 σύν
1018 1577 1067 1628 τοῐι
1090 1570 1201 1630 παύλοι
1226 1570 1380 1632 ἐκοπίασεν
1398 1572 1431 1631 ἐν

311 1662 361 1714 τῶι
380 1654 545 1729 ἐυαγγελίυι
564 1659 615 1714 τού
632 1659 760 1728 γριστού·
784 1649 860 1720 ὅστις
878 1654 909 1714 τύ
929 1651 1095 1729 εύαγγέλιυν
1113 1654 1202 1715 αύτού
1220 1661 1271 1716 καὶ
1288 1658 1340 1724 τὰς
1356 1658 1431 1730 πρά·

311 1745 369 1812 ξεις
386 1747 442 1800 τοῖν
459 1738 625 1799 α’τιοστύλοιν
643 1739 752 1812 έγραυε
776 1745 918 1812 θεοφίλαιι
945 1739 1100 1801 ἐπισκύπωι
1123 1741 1287 1816 α’ντιογείας
1309 1748 1361 1817 τῆς
1379 1765 1430 1815 με·

310 1823 413 1898 γύλης·
432 1819 516 1892 ούτύς
534 1823 611 1884 ἐστιν
628 1817 663 1882 οὖ
680 1824 822 1897 μέμνηται
835 1829 944 1890 παύλος
963 1823 994 1883 ἐν
1011 1834 1076 1892 ταῖς
1094 1824 1257 1892 ἐπιστολαῖς
1274 1828 1368 1888 αύτού
1386 1829 1430 1886 λέ-

311 1930 382 1982 γων·
406 1912 575 1983 συνέπεμψα
600 1909 632 1968 δέ
656 1909 849 1982 μιτᾶτούταν,
872 1909 923 1968 τὸν
945 1907 1077 1983 α’θελφόν
1098 1905 1165 1971 ούύ
1186 1911 1305 1977 ἔπαινος
1329 1910 1363 1969 ἐν
1380 1919 1430 1972 τύι

312 1993 524 2068 ἐοαγγελίωι*)·
543 1996 592 2052 καλ
610 1996 712 2052 πόλιν·
731 1990 886 2063 ύοπαζεται
905 1996 980 2069 ύμοῖς
999 2001 1105 2062 λουκας
1123 1993 1138 2052 ὁ
1157 1996 1303 2068 ίατρόςθ)
1318 2019 1339 2051 ο

378 2101 407 2143 ις
425 2077 574 2152 Μύρκοςύ
594 2075 805 2152 εύαγγελιστής·
824 2071 908 2146 ούτος
920 2078 952 2138 ἐν
969 2085 1016 2154 τῆι
1034 2081 1174 2153 αίγύπτιοι
1192 2073 1304 2152 ταῖςῖβ
1323 2091 1431 2154 φυλαῖς

310 2173 374 2231 ταῖς
393 2163 425 2224 ἐν
441 2170 487 2239 τῆι
507 2169 679 2234 θιασττοροῖι·
698 2163 847 2238 κηρύσσων
863 2165 916 2238 τὴν
938 2171 1045 2224 πίστιν.
1081 2170 1256 2224 καθίσταται
1275 2165 1432 2233 ἐπίσκοπος

312 2247 344 2308 ἐν
365 2247 568 2320 α’λεξανθρείαι
591 2254 638 2322 τῆι
660 2257 796 2323 μεγαληι·
820 2243 852 2314 ὃς
875 2255 924 2306 καλ
946 2252 978 2308 τὸ
1001 2247 1168 2324 εύαγγέλιον
1189 2253 1369 2325 συνέγραψε,
1393 2253 1431 2320 ὥς
1523 2323 1529 2334 Η

310 2335 412 2407 πέτρος
430 2334 446 2395 ὁ
464 2335 622 2401 ἀπόστολος
640 2331 728 2392 αύτοῖι
751 2331 935 2407 ὑφηγήσατο·
960 2331 996 2393 ὃν
1017 2339 1067 2394 καλ
1090 2336 1157 2394 οἷὸν
1175 2333 1309 2410 ὀνομάζει
1333 2337 1367 2396 ἐν
1385 2343 1431 2410 τῆι

311 2417 455 2494 ἐπιστολῆι
479 2416 570 2478 αὐτοῦ
592 2418 607 2477 ὁ
626 2420 727 2490 πέτρος
750 2415 839 2484 υύτως
860 2421 963 2492 λέγων·
987 2416 1145 2490 οἰσποίζεται
1165 2419 1255 2494 ύμᾶς,
1279 2420 1429 2495 μα’ρκοςέ

309 2503 373 2570 υἱός
389 2509 536 2578 μουΜΙι·

373 2588 404 2648 Ὁ
421 2589 475 2661 μέν
493 2595 632 2661 φίλιππος
649 2586 665 2648 ὁ
683 2585 909 2662 οὶττοβηθσαιθᾶ,
932 2597 1025 2648 κεῖται
1050 2589 1081 2649 ἐν
1099 2588 1259 2662 ίερύπολει,
1285 2586 1363 2650 ὅπου
1381 2599 1429 2651 καλ

311 2671 479 2747 ἐσταυρώθη
501 2697 514 2729 ι·
540 2672 555 2732 ὁ
575 2673 607 2731 δέ
626 2674 736 2739 είοτούς
755 2671 948 2747 έβθομίκοντα
960 2681 1101 2746 φίλιππος
1113 2676 1155 2741 είς
1173 2674 1214 2733 ὃν
1232 2675 1263 2734 ἐκ
1280 2681 1339 2733 τόν
1358 2673 1429 2734 έπτά

311 2761 467 2816 διακόνων·
492 2758 507 2816 ὁ
526 2758 644 2816 καὶτὸν
660 2758 812 2832 κανθύκην
830 2764 970 2832 βαπτίσας
993 2761 1158 2833 θυγατέρας
1176 2761 1258 2834 ἔσχεν
1276 2762 1428 2834 τέσσαρας·

309 2845 360 2901 καλ
377 2853 469 2902 κεῖται
488 2842 520 2902 ἐν
536 2843 625 2917 τρύλη
643 2848 693 2916 τῆς
710 2840 795 2910 οἷοίας
812 2845 883 2919 μετὰ
901 2848 951 2904 καλ
968 2850 1025 2902 τοῖν
1042 2851 1212 2919 θυγατέρων
1230 2846 1330 2916 αύτού,
1349 2847 1428 2908 ύοτε-

312 2950 365 3001 ρον
382 2929 429 2999 δέ,
449 2930 645 3003 μετετέθησαν
668 2951 687 2984 ο

378 3088 506 3141 Οοοοοεε
525 3089 709 3156 apostolorum
727 3105 782 3140 non
800 3093 863 3140 sunt
880 3091 936 3140 nisi
948 3092 976 3140 in
990 3095 1027 3140 κτλ
1043 3106 1133 3156 nequo
1152 3107 1199 3144 εοι
1218 3093 1247 3142 in
1259 3109 1295 3158 xy
1307 3108 1426 3159 unquam

310 3173 397 3226 fuisso
410 3174 500 3236 credo,
520 3190 630 3240 zquum
647 3175 676 3224 in
694 3173 748 3224 fine
766 3173 878 3225 mutilus
896 3176 941 3237 sit,
963 3175 1129 3226 dubitationi
1146 3175 1237 3226 locum
1254 3177 1312 3227 dat.
1350 3194 1425 3244 prae-

310 3258 444 3310 ceduntur
461 3261 490 3309 in
509 3275 533 3309 w
552 3275 583 3310 eo
601 3258 697 3311 libello
711 3275 792 3324 quem
809 3259 838 3310 in
851 3259 976 3326 reliquiis
989 3261 1058 3312 mein
1076 3259 1148 3328 p3ss.
1162 3260 1194 3314 37
1208 3261 1292 3312 edidi.
1325 3262 1424 3313 disere·

309 3344 407 3410 panti&
424 3345 579 3412 scripturae
598 3344 668 3395 haec
687 3349 743 3395 est:

622 3428 798 3494 reliquiarum
817 3445 834 3494 p
852 3427 885 3480 30

309 3513 325 3562 2
349 3502 381 3562 ἐν
398 3509 434 3578 τῇ
451 3503 609 3581 έβθομαθι]
629 3507 682 3580 τὴν
701 3503 850 3580 ἑβδομάδα
876 3510 881 3580 Ι
907 3513 923 3566 3
947 3511 1159 3581 διακηνησίμου
1185 3514 1190 3580 Ι
1216 3513 1422 3579 λθετλκιίςλΙ

309 3595 326 3646 6
343 3591 548 3663 καταταγέοθω
564 3595 599 3660 19
617 3591 785 3665 μεταλαβών
797 3596 847 3649 τοῦ
861 3591 988 3665 σώματος
1003 3599 1007 3662 Ι
1022 3599 1039 3650 9
1051 3593 1186 3667 λούοηται
1205 3598 1265 3666 [καὶ
1278 3617 1335 3652 nou
1347 3602 1421 3652 omit·

310 3679 386 3746 titur]
403 3679 407 3743 Ι
424 3681 455 3730 15
474 3673 579 3748 ἐξέλθη
605 3680 609 3748 Ι
635 3682 666 3734 19
684 3683 721 3734 fin
739 3683 863 3748 nequitur
881 3699 970 3734 canon
988 3685 1110 3736 decimus
1128 3689 1254 3751 quartus,
1280 3685 1422 3754 ζνοοκλοε

310 3764 314 3833 Ι
336 3765 367 3816 17
385 3757 495 3832 μορὸνΙ
522 3765 553 3817 18
572 3761 650 3818 ἔσται
670 3768 674 3831 Ι
698 3767 728 3819 19
746 3759 765 3833 ἢ
782 3759 888 3834 μητρὸς
904 3767 939 3830 >
959 3765 963 3833 Ι
985 3766 1016 3818 19
1035 3761 1103 3820 eno
1120 3769 1226 3834 >122
1246 3761 1421 3837 είστὴντρύ-

309 3849 398 3914 πεζαν
413 3854 417 3912 Ι
432 3851 466 3901 24
483 3840 585 3917 οἷγύγει
601 3848 653 3918 125
673 3848 741 3905 ἐστο
758 3851 792 3916 >
811 3853 814 3916 Ι
835 3851 869 3902 26
886 3850 998 3919 μασῆιΙ

852 3953 884 4005 37

308 4036 446 4088 4κτινολν
464 4033 470 4105 Ι
489 4035 545 4088 M
561 4037 625 4090 vide
642 4055 660 4105 p
679 4037 721 4102 36,
741 4037 773 4090 16
792 4041 796 4104 Ι
816 4038 833 4089 9
850 4029 983 4106 α’παργῆς
998 4036 1002 4104 Ι
1017 4039 1034 4090 9
1051 4038 1133 4092 λινοῦ
1147 4041 1152 4104 Ι
1166 4041 1183 4092 9
1199 4039 1313 4108 μωοῆιΙ
1334 4041 1363 4092 ll
1383 4037 1420 4090 θί-

310 4119 354 4172 θει
370 4121 374 4186 Ι
392 4122 420 4173 ll
439 4113 564 4188 μύνταις
583 4121 588 4190 Ι
610 4123 640 4176 ll
660 4121 737 4175 δίδοι
756 4123 761 4189 Ι
783 4125 814 4174 12
833 4129 898 4176 ante
916 4122 1010 4176 πιστυλ
1027 4123 1062 4191 -Ι-
1079 4117 1157 4193 γὴσΙ

376 4374 402 4441 *Ι
421 4376 553 4443 Οοτβθ,
573 4377 604 4430 18
630 4375 635 4446 Ι
661 4375 701 4443 w)
720 4377 813 4438 0014,
834 4377 864 4430 14
891 4379 895 4443 Ι
921 4377 974 4444 9911Ι
993 4379 1061 4430 Patr
1078 4394 1098 4430 α
1114 4379 1140 4444 5,
1162 4378 1193 4431 λθ
