2998 4972
272 425 335 490 244
1267 432 1285 483 η
1303 411 1389 467 8-10

272 584 378 652 αὐτοῦ
401 585 501 670 ίερῦν
521 582 578 650 καί
599 581 731 668 μέτοχοι
758 587 827 650 τεόν
849 587 958 650 θείων
976 585 1189 668 μυστηρίων,
1217 583 1276 648 ἵνα
1303 580 1391 661 άξιοι

273 687 529 772 άποφανθέντες
560 689 619 771 τῆς
650 687 841 769 νίοθεσίας,
876 684 1000 769 τύχωσι
1027 688 1086 769 τῆς
1117 687 1257 750 αἰωνίου
1295 687 1389 767 ζωῆς.

273 792 321 855 ἐτι
346 789 489 865 ἐκτενῶς
513 783 598 872 ὑπὲρ
626 783 738 852 αύτιῦν
761 787 884 863 πάντες
917 793 1064 870 είπωμεν
1098 787 1203 868 Κύριε
1232 785 1389 868 ἐλέησον·

273 891 386 957 σῶσον
404 887 543 972 αὐτούς,
566 885 697 972 όθεός,
720 886 777 954 καλ
797 885 990 972 άνάστησον
1011 890 1058 973 τῷ
1081 887 1165 953 ἐλέει
1186 905 1259 954 σου.
1304 886 1390 952 άνα-

238 993 411 1068 σστάντες
432 994 479 1078 τῷ
502 995 575 1078 θεῷ
601 989 658 1056 διά
685 992 746 1055 τοῦ
766 993 904 1074 χριστοῦ
925 986 1032 1054 αὐτοῦ
1053 993 1189 1054 κλίνατε
1212 987 1270 1056 καὶ
1292 987 1391 1054 εῦλο-

272 1100 400 1178 γείσθε.
452 1091 646 1177 ἐπενχέσθω
678 1093 716 1158 δέ
745 1089 763 1156 6
796 1089 978 1167 ἐπίσκοπος
1005 1091 1119 1156 τοιάδε
1149 1095 1153 1176 Ι
1187 1090 1425 1172 Παντοκρά-9

273 1217 341 1278 τωρ
354 1195 414 1260 θεὲ
428 1192 554 1276 αίύνιε,
578 1194 723 1259 δέσποτα
741 1196 810 1258 τοῖν
827 1191 927 1275 ὅλων,
949 1195 1066 1260 κτίστα
1086 1190 1143 1258 καί
1161 1191 1308 1272 πρύτανι
1324 1195 1392 1257 τάν

273 1295 428 1378 πάντων,
465 1291 483 1360 6
509 1293 569 1360 τόν
596 1293 783 1378 ἄνθρωπον
817 1293 946 1378 κόσμον
973 1293 1102 1377 κόσμου
1129 1291 1308 1372 ἀναδείξας
1335 1290 1392 1357 διά

272 1400 411 1482 χριστοῦ
431 1396 488 1462 καί
514 1397 621 1479 νόμον
647 1393 729 1473 δούς
755 1393 846 1482 αύτῷ
873 1399 1025 1480 ἔμφυτον
1052 1396 1109 1460 καί
1134 1393 1288 1480 γραπτὸν
1309 1393 1393 1480 πρὸς

225 1511 256 1563 10
273 1497 311 1565 τδ
330 1501 389 1584 ζῆν
408 1495 512 1564 αύτόν
533 1497 706 1581 ἐνθέσμως
726 1494 771 1574 ὥς
797 1497 950 1580 λογικόν,
977 1496 1034 1562 καὶ
1052 1495 1235 1582 ἁμαρτόντι
1256 1493 1390 1580 ὑποθή-

273 1623 339 1685 κην
366 1597 447 1677 δοῦς
474 1597 558 1684 πρός
585 1599 768 1682 μετάνοιαν
798 1597 861 1682 τὴν
893 1602 1021 1664 σαυτοῦ
1050 1597 1262 1684 άγαθότητα·
1297 1600 1391 1664 ἔπιδε

274 1700 329 1768 ἐπὶ
353 1699 432 1778 τοῦς
459 1699 653 1777 κεκλικότας
679 1717 732 1765 σοι
760 1697 885 1784 αὐχένα
911 1704 1020 1786 ψυχῆς
1053 1699 1110 1766 καὶ
1137 1701 1308 1784 στόματος,
1341 1699 1391 1764 ότι

273 1799 316 1868 ού
341 1801 457 1886 βούλει
483 1801 544 1867 τόν
567 1789 722 1868 θάνατον
746 1807 808 1867 τοῦ
837 1799 1051 1888 άμαρτωλοῦ,
1084 1800 1171 1866 άλλά
1197 1800 1261 1887 την
1289 1803 1392 1886 μετά-

273 1927 389 1985 νοιαν,
422 1901 507 1969 ὥστε
540 1900 746 1986 ἀποστρέψαι
777 1899 882 1970 αύτδν
907 1900 975 1969 άπὸ
1001 1907 1060 1988 τῆς
1088 1901 1170 1970 ὁδοῦ
1198 1900 1307 1969 αὐτοῦ
1334 1907 1393 1987 τῆς

224 2021 256 2070 15
274 2008 424 2089 πονηράς
445 2005 502 2070 καὶ
529 2008 597 2088 ζῆν.
643 2001 661 2068 6
683 2007 876 2072 Νινενιτάν
903 2006 1172 2090 προσδεξάμενος
1200 2004 1265 2091 την
1290 2006 1393 2089 μετά-

273 2129 388 2188 νοιαν,
415 2101 434 2171 6
458 2105 572 2172 θέλων
600 2107 728 2182 πάντας
755 2093 961 2191 ἀνθρώπους
987 2111 1142 2192 σωθῆναι
1164 2105 1221 2174 καὶ
1248 2110 1296 2184 είς
1318 2105 1393 2172 ἐπί-

272 2225 402 2292 γνωσιν
432 2206 594 2291 άληθείας
622 2205 754 2291 ἐλθεῖν,
788 2204 807 2272 6
835 2205 896 2273 τόν
922 2205 1001 2274 υίδν
1033 2209 1304 2294 προσδεξάμενος
1332 2205 1393 2273 τόν

273 2309 512 2394 καταφαγόντα
532 2307 592 2376 τόν
613 2311 691 2394 βίον
713 2307 819 2375 αὐτοῦ
841 2307 977 2386 άσάτως
997 2323 1171 2396 πατρικοῖς
1187 2311 1394 2394 σπλάγχνοις

274 2409 330 2476 διά
355 2408 418 2495 ττΙν
439 2411 636 2494 μετάνοιαν,
668 2407 767 2488 αύτός
792 2410 849 2477 καὶ
874 2415 940 2478 νῦν
967 2411 1147 2498 πρόσδεξαι
1174 2417 1243 2478 τάν
1273 2413 1394 2478 ίιιετῶν

222 2527 257 2578 20
274 2531 338 2577 σου
368 2510 432 2597 την
457 2513 684 2596 μετάγνωσιν,
717 2511 768 2577 ότι
801 2511 863 2578 ούκ
894 2516 986 2579 ἐστιν
1016 2509 1139 2598 δςούχ
1166 2511 1397 2600 άμαρτήσεταί

274 2629 329 2678 σοι
353 2610 432 2695 (ἐὰν
458 2612 523 2698 γάρ
546 2611 688 2697 άνομίας
709 2614 945 2700 παρατηρήση,
974 2613 1071 2700 κύριε
1097 2615 1210 2700 κύριε,
1233 2620 1285 2692 τίς
1305 2612 1374 2682 ὑπο

274 2714 445 2798 στησεταις
474 2712 524 2778 ότι
553 2712 644 2799 παρά
670 2715 723 2782 σοὶ
751 2713 770 2781 6
792 2716 930 2800 ίλασμός
958 2716 1043 2799 έστιΙ
1070 2719 1127 2781 καί
1155 2714 1392 2800 ἀποκατάστη-

274 2833 337 2882 σον
357 2813 481 2892 αύτούς
505 2819 547 2900 τῇ
573 2812 651 2903 άγίηι
677 2833 741 2882 σου
761 2816 921 2905 ἐκκλησίᾳ
944 2817 983 2884 ἐν
1008 2822 1050 2904 τῇ
1068 2818 1214 2904 προτέρᾳ
1236 2817 1314 2906 άξίςι
1334 2819 1392 2883 καλ

273 2921 353 3004 τιμῇ
380 2916 478 2982 διά*
503 2921 641 3002 χριστοῦ
668 2917 725 2984 καὶ
751 2919 840 2985 θεοῦ
869 2918 926 2986 καὶ
953 2923 1102 3005 σωτῆρος
1128 2917 1242 3006 ἡμῶν,
1271 2918 1318 2986 δι’
1348 2909 1393 2986 οῦ

222 3035 256 3086 25
273 3036 327 3084 σοι
353 3017 435 3098 δόξα
466 3017 523 3084 καὶ
550 3018 781 3104 προσκύνησις
809 3020 848 3086 ἐν
880 3023 898 3062 *
928 3019 1012 3109 άγίηι
1044 3023 1210 3106 πνεύματι
1240 3026 1288 3100 είς
1314 3021 1395 3098 τοῦς

274 3123 413 3197 αίῦνας·
455 3119 554 3205 άμήν.
605 3120 663 3185 καὶ
699 3119 717 3186 6
749 3123 907 3200 διάκονος
942 3124 1064 3207 λεγέτω
1094 3121 1321 3208 Ἀπολύεσθε,
1358 3125 1396 3190 σι’

274 3221 313 3287 ἐν
339 3226 508 3310 μετανοίᾳ.
557 3221 614 3287 καλ
645 3226 854 3308 προστιθέτω
885 3223 997 3309 Μῆτις
1019 3229 1088 3292 τάν
1112 3223 1157 3310 μὴ
1189 3227 1394 3311 δυναμένων

273 3325 498 3408 προσελθέτω.
544 3322 616 3388 δσοι
638 3329 760 3408 πιστοί,
783 3328 951 3409 κλίνωμεν
970 3326 1072 3410 γόνυ·
1093 3331 1111 3372 *
1131 3328 1311 3414 δεηθῦμεν
1331 3332 1394 3393 τοῦ

271 3428 359 3488 θεοῦ
390 3422 446 3489 διά
470 3427 531 3490 τοῦ
558 3430 696 3510 χριστοῦ
723 3424 843 3508 αὐτοῦ,
874 3429 997 3506 πάντες
1022 3429 1195 3506 συντόνως
1222 3429 1284 3496 τόν
1305 3429 1393 3496 θεὸν

222 3537 256 3591 30
273 3523 330 3590 διά
351 3527 412 3590 τοῦ
432 3529 570 3610 χριστοῦ
598 3523 703 3593 αὐτοῦ
732 3530 1025 3615 παρακαλέσωμεν.
1047 3537 1051 3614 Ι
1070 3527 1156 3617 ὑπὲρ
1174 3535 1234 3616 τῆς
1256 3532 1445 3618 είρήνηςιιι

273 3623 329 3691 καὶ
351 3629 409 3710 τῆς
430 3624 628 3705 εὐσταθείας
654 3633 716 3696 τοῦ
737 3630 865 3715 κόσμου
892 3632 949 3698 καί
973 3636 1042 3699 τάν
1067 3630 1174 3717 άγίων
1202 3633 1394 3720 ἐκκλησιῶν

273 3728 467 3812 δεηθῦμεν,
497 3726 587 3807 ὅπως
608 3725 626 3796 6
649 3734 718 3796 τάν
742 3729 831 3797 όλων
850 3730 932 3811 θεός
950 3731 1062 3800 ἀίδιον
1082 3733 1139 3800 καὶ
1158 3733 1393 3823 άναφαίρετον

342 3933 373 3986 13
390 3935 537 3998 Ειετ1ι33,
551 3936 583 3988 19
598 3936 603 4005 Ι
621 3937 651 3988 Ιδ
663 3939 724 3990 Tim
737 3955 756 3990 α
768 3942 822 4004 2,4
837 3940 841 4000 Ι
859 3939 891 3991 18
908 3942 967 3993 Luc
980 3941 1017 4005 λθ,
1032 3941 1061 3995 13
1077 3942 1127 4007 121
1145 3944 1241 3996 Pulm
1260 3942 1318 4008 130,
1333 3942 1362 3996 3.
1375 3945 1392 3996 4

274 4121 286 4172 l
307 4115 408 4186 ίερέων
425 4139 460 4188 xy
475 4121 480 4191 Ι
495 4124 512 4172 2
528 4117 651 4189 τύχωσιν
668 4141 684 4174 x
705 4127 710 4188 Ι
729 4125 745 4176 3
764 4119 869 4186 πάντες
886 4119 959 4192 ύκέρ
978 4117 1074 4180 άυτῦν
1090 4129 1139 4194 γιΙ
1155 4129 1172 4181 δ
1190 4123 1223 4181 δέ
1240 4148 1267 4195 x,
1287 4116 1344 4182 σύν
1363 4139 1395 4196 yt

274 4205 278 4271 Ι
298 4205 323 4257 6.
336 4207 351 4256 '1
364 4201 562 4274 καττυκράτορ
574 4215 605 4273 yt
618 4207 657 4274 [Π
664 4205 692 4276 3]
708 4208 713 4277 Ι
728 4210 744 4259 8
759 4205 867 4278 κόσμου
879 4205 985 4280 κόσμον
1001 4220 1031 4278 yt
1046 4213 1051 4279 Ι
1068 4213 1099 4264 Ιδ
1115 4207 1278 4280 άμαρτιόστι
1291 4220 1322 4265 xt
1337 4214 1344 4282 Ι
1362 4217 1396 4266 18

272 4294 423 4353 πατρικοῖς
440 4293 484 4343 bis
500 4294 586 4359 γ122
605 4285 681 4346 ἐστιν
699 4311 715 4344 x
731 4292 736 4360 Ι
756 4297 789 4346 24
807 4295 859 4348 τοῦ
874 4296 909 4365 -Ι-
925 4303 956 4364 γι
975 4301 980 4362 Ι
1000 4299 1034 4349 24
1051 4297 1101 4350 καὶ
1118 4301 1195 4366 prius
1213 4317 1260 4364 ιγ,
1280 4297 1334 4350 τοῦ
1355 4307 1369 4352 t
1388 4297 1394 4368 Ι

272 4374 305 4424 ²5
323 4374 453 4442 τῷ-Ι-γ,
473 4376 510 4426 τά
528 4375 956 4448 -Ι-τΙλὸκροελθέτωγιΙλΒ
974 4380 1024 4434 καλ
1042 4383 1129 4450 Ι-γΙ
1150 4383 1338 4454 3οτῆς>ιι
