<?xml version="1.0" encoding="UTF-8"?>
<!DOCTYPE html PUBLIC "-//W3C//DTD XHTML 1.0 Transitional//EN"
    "http://www.w3.org/TR/xhtml1/DTD/xhtml1-transitional.dtd">
<html xmlns="http://www.w3.org/1999/xhtml" xml:lang="en" lang="en">
 <head>
  <title>
</title>
<meta http-equiv="Content-Type" content="text/html;charset=utf-8" />
  <meta name='ocr-system' content='tesseract 3.04.00' />
  <meta name='ocr-capabilities' content='ocr_page ocr_carea ocr_par ocr_line ocrx_word'/>
</head>
<body>
  <div class='ocr_page' id='page_1' title='image "./decontroversiis00schgoog_0450.png"; bbox 0 0 3120 4980; ppageno 0'>
   <div class='ocr_carea' id='block_1_1' title="bbox 117 347 140 418">
    <p class='ocr_par' dir='ltr' id='par_1_1' title="bbox 117 347 140 418">
     <span class='ocr_line' id='line_1_1' title="bbox 117 347 140 418; baseline 0 0"><span class='ocrx_word' id='word_1_1' title='bbox 117 347 140 418; x_wconf 78' lang='lat'><strong>2</strong></span> 
     </span>
    </p>
   </div>
   <div class='ocr_carea' id='block_1_2' title="bbox 118 517 1413 4398">
    <p class='ocr_par' dir='ltr' id='par_1_2' title="bbox 118 517 1413 2228">
     <span class='ocr_line' id='line_1_2' title="bbox 119 517 1355 608; baseline -0.01 -23"><span class='ocrx_word' id='word_1_2' title='bbox 119 520 188 586; x_wconf 83' lang='grc' dir='ltr'>ούδέ</span> <span class='ocrx_word' id='word_1_3' title='bbox 200 527 262 608; x_wconf 88' lang='grc' dir='ltr'>γὰρ</span> <span class='ocrx_word' id='word_1_4' title='bbox 274 525 387 592; x_wconf 87' lang='grc' dir='ltr'>πάντες</span> <span class='ocrx_word' id='word_1_5' title='bbox 401 523 430 583; x_wconf 84' lang='grc' dir='ltr'>οἱ</span> <span class='ocrx_word' id='word_1_6' title='bbox 442 517 567 603; x_wconf 82' lang='grc' dir='ltr'>ἀσεβεῖς</span> <span class='ocrx_word' id='word_1_7' title='bbox 580 523 637 581; x_wconf 86' lang='grc' dir='ltr'>ύπδ</span> <span class='ocrx_word' id='word_1_8' title='bbox 649 528 710 581; x_wconf 82' lang='grc' dir='ltr'>τών</span> <span class='ocrx_word' id='word_1_9' title='bbox 722 518 901 602; x_wconf 72' lang='grc' dir='ltr'>θαυμάτων</span> <span class='ocrx_word' id='word_1_10' title='bbox 918 519 1122 600; x_wconf 82' lang='grc' dir='ltr'>ἐκτρέπονται.</span> <span class='ocrx_word' id='word_1_11' title='bbox 1139 517 1188 575; x_wconf 84' lang='grc' dir='ltr'>καί</span> <span class='ocrx_word' id='word_1_12' title='bbox 1200 517 1355 575; x_wconf 82' lang='grc' dir='ltr'>τούτου</span> 
     </span>
     <span class='ocr_line' id='line_1_3' title="bbox 118 619 1356 715; baseline -0.009 -23"><span class='ocrx_word' id='word_1_13' title='bbox 118 634 241 715; x_wconf 81' lang='grc' dir='ltr'>μάρτυς</span> <span class='ocrx_word' id='word_1_14' title='bbox 259 633 353 701; x_wconf 87' lang='grc' dir='ltr'>αύτδς</span> <span class='ocrx_word' id='word_1_15' title='bbox 370 630 385 690; x_wconf 87' lang='grc' dir='ltr'>ό</span> <span class='ocrx_word' id='word_1_16' title='bbox 400 628 490 706; x_wconf 91' lang='grc' dir='ltr'>θεός,</span> <span class='ocrx_word' id='word_1_17' title='bbox 515 629 559 698; x_wconf 88' lang='grc' dir='ltr'>ὡς</span> <span class='ocrx_word' id='word_1_18' title='bbox 576 628 649 689; x_wconf 82' lang='grc' dir='ltr'>ὅταν</span> <span class='ocrx_word' id='word_1_19' title='bbox 666 625 738 711; x_wconf 83' lang='grc' dir='ltr'>λέγῃ</span> <span class='ocrx_word' id='word_1_20' title='bbox 756 629 786 689; x_wconf 87' lang='grc' dir='ltr'>έν</span> <span class='ocrx_word' id='word_1_21' title='bbox 802 633 846 705; x_wconf 91' lang='grc' dir='ltr'>τῷ</span> <span class='ocrx_word' id='word_1_22' title='bbox 862 629 947 707; x_wconf 88' lang='grc' dir='ltr'>νόμῳ</span> <span class='ocrx_word' id='word_1_23' title='bbox 964 625 1009 685; x_wconf 83' lang='grc' dir='ltr'>ὅτι</span> <span class='ocrx_word' id='word_1_24' title='bbox 1029 625 1059 685; x_wconf 87' lang='grc' dir='ltr'>έν</span> <span class='ocrx_word' id='word_1_25' title='bbox 1076 619 1356 707; x_wconf 73' lang='grc' dir='ltr'><em>ἑτερογλώσσοις</em></span> 
     </span>
     <span class='ocr_line' id='line_1_4' title="bbox 118 735 1351 820; baseline -0.004 -19"><span class='ocrx_word' id='word_1_26' title='bbox 118 737 243 810; x_wconf 76' lang='grc' dir='ltr'>λαλήσω</span> <span class='ocrx_word' id='word_1_27' title='bbox 261 747 305 818; x_wconf 88' lang='grc' dir='ltr'>τῷ</span> <span class='ocrx_word' id='word_1_28' title='bbox 322 737 388 816; x_wconf 85' lang='grc' dir='ltr'>λαῷ</span> <span class='ocrx_word' id='word_1_29' title='bbox 406 741 504 816; x_wconf 83' lang='grc' dir='ltr'>τούτῳ</span> <span class='ocrx_word' id='word_1_30' title='bbox 521 740 570 798; x_wconf 86' lang='grc' dir='ltr'>καί</span> <span class='ocrx_word' id='word_1_31' title='bbox 586 736 616 797; x_wconf 88' lang='grc' dir='ltr'>έν</span> <span class='ocrx_word' id='word_1_32' title='bbox 633 735 761 819; x_wconf 89' lang='grc' dir='ltr'>χείλεσιν</span> <span class='ocrx_word' id='word_1_33' title='bbox 777 737 892 820; x_wconf 88' lang='grc' dir='ltr'>έτέροις</span> <span class='ocrx_word' id='word_1_34' title='bbox 908 738 957 796; x_wconf 85' lang='grc' dir='ltr'>καί</span> <span class='ocrx_word' id='word_1_35' title='bbox 980 735 1014 795; x_wconf 89' lang='grc' dir='ltr'>ού</span> <span class='ocrx_word' id='word_1_36' title='bbox 1038 737 1081 813; x_wconf 82' lang='grc' dir='ltr'>μὴ</span> <span class='ocrx_word' id='word_1_37' title='bbox 1098 737 1351 796; x_wconf 76' lang='grc' dir='ltr'><strong>πιστεύσωσιν.</strong></span> 
     </span>
     <span class='ocr_line' id='line_1_5' title="bbox 121 842 1354 931; baseline -0.002 -23"><span class='ocrx_word' id='word_1_38' title='bbox 121 843 267 931; x_wconf 83' lang='grc' dir='ltr'>οὔτεγὰρ</span> <span class='ocrx_word' id='word_1_39' title='bbox 286 849 314 907; x_wconf 88' lang='grc' dir='ltr'>οί</span> <span class='ocrx_word' id='word_1_40' title='bbox 327 846 487 929; x_wconf 80' lang='grc' dir='ltr'>Αἰγύπτιοι</span> <span class='ocrx_word' id='word_1_41' title='bbox 505 843 684 906; x_wconf 77' lang='grc' dir='ltr'>ἐπίστευσαν</span> <span class='ocrx_word' id='word_1_42' title='bbox 701 850 745 922; x_wconf 91' lang='grc' dir='ltr'>τῷ</span> <span class='ocrx_word' id='word_1_43' title='bbox 760 842 842 922; x_wconf 88' lang='grc' dir='ltr'>θεῷ,</span> <span class='ocrx_word' id='word_1_44' title='bbox 866 842 1024 912; x_wconf 85' lang='grc' dir='ltr'>Μωύοέως</span> <span class='ocrx_word' id='word_1_45' title='bbox 1041 847 1178 902; x_wconf 87' lang='grc' dir='ltr'>τοσαῦτα</span> <span class='ocrx_word' id='word_1_46' title='bbox 1202 851 1354 924; x_wconf 79' lang='grc' dir='ltr'>σημεῖα</span> 
     </span>
     <span class='ocr_line' id='line_1_6' title="bbox 119 946 1413 1038; baseline -0.006 -23"><span class='ocrx_word' id='word_1_47' title='bbox 119 959 169 1015; x_wconf 87' lang='grc' dir='ltr'>καί</span> <span class='ocrx_word' id='word_1_48' title='bbox 193 959 309 1038; x_wconf 88' lang='grc' dir='ltr'>τέρατα</span> <span class='ocrx_word' id='word_1_49' title='bbox 333 955 542 1030; x_wconf 80' lang='grc' dir='ltr'><strong><em>πεποιηκότος,</em></strong></span> <span class='ocrx_word' id='word_1_50' title='bbox 568 953 636 1012; x_wconf 81' lang='grc' dir='ltr'>οὔτε</span> <span class='ocrx_word' id='word_1_51' title='bbox 660 955 693 1012; x_wconf 85' lang='grc' dir='ltr'>τό</span> <span class='ocrx_word' id='word_1_52' title='bbox 718 948 842 1022; x_wconf 84' lang='grc' dir='ltr'>πλῆθος</span> <span class='ocrx_word' id='word_1_53' title='bbox 864 958 924 1012; x_wconf 86' lang='grc' dir='ltr'>τῶν</span> <span class='ocrx_word' id='word_1_54' title='bbox 945 946 1105 1010; x_wconf 83' lang='grc' dir='ltr'>Ἰουδαίων</span> <span class='ocrx_word' id='word_1_55' title='bbox 1129 955 1174 1027; x_wconf 89' lang='grc' dir='ltr'>τῷ</span> <span class='ocrx_word' id='word_1_56' title='bbox 1196 956 1352 1033; x_wconf 78' lang='grc' dir='ltr'>χριστῷ</span> <span class='ocrx_word' id='word_1_57' title='bbox 1394 966 1413 1007; x_wconf 81' lang='grc' dir='ltr'>ο</span> 
     </span>
     <span class='ocr_line' id='line_1_7' title="bbox 122 1057 1352 1144; baseline -0.003 -20"><span class='ocrx_word' id='word_1_58' title='bbox 122 1071 227 1126; x_wconf 89' lang='grc' dir='ltr'>πᾶσαν</span> <span class='ocrx_word' id='word_1_59' title='bbox 243 1067 330 1132; x_wconf 87' lang='grc' dir='ltr'>νόσον</span> <span class='ocrx_word' id='word_1_60' title='bbox 347 1065 397 1124; x_wconf 85' lang='grc' dir='ltr'>καί</span> <span class='ocrx_word' id='word_1_61' title='bbox 413 1067 518 1122; x_wconf 87' lang='grc' dir='ltr'>πᾶσαν</span> <span class='ocrx_word' id='word_1_62' title='bbox 539 1057 695 1143; x_wconf 84' lang='grc' dir='ltr'>μαλακίαν</span> <span class='ocrx_word' id='word_1_63' title='bbox 718 1062 748 1121; x_wconf 83' lang='grc' dir='ltr'>έν</span> <span class='ocrx_word' id='word_1_64' title='bbox 772 1061 877 1130; x_wconf 87' lang='grc' dir='ltr'>αύτοῖς</span> <span class='ocrx_word' id='word_1_65' title='bbox 899 1057 1141 1144; x_wconf 68' lang='grc' dir='ltr'>θεραπεύσαντα</span> <span class='ocrx_word' id='word_1_66' title='bbox 1173 1060 1224 1120; x_wconf 79' lang='grc' dir='ltr'>καί</span> <span class='ocrx_word' id='word_1_67' title='bbox 1249 1061 1352 1120; x_wconf 81' lang='grc' dir='ltr'>οὔτε</span> 
     </span>
     <span class='ocr_line' id='line_1_8' title="bbox 120 1163 1349 1254; baseline -0.003 -21"><span class='ocrx_word' id='word_1_68' title='bbox 120 1173 251 1243; x_wconf 80' lang='grc' dir='ltr'>ἐκείνους</span> <span class='ocrx_word' id='word_1_69' title='bbox 267 1169 448 1240; x_wconf 87' lang='grc' dir='ltr'>έδυσώπησε</span> <span class='ocrx_word' id='word_1_70' title='bbox 463 1165 586 1254; x_wconf 78' lang='grc' dir='ltr'>ῥάβδος</span> <span class='ocrx_word' id='word_1_71' title='bbox 601 1169 780 1254; x_wconf 81' lang='grc' dir='ltr'>ψυχουμένη</span> <span class='ocrx_word' id='word_1_72' title='bbox 803 1170 845 1238; x_wconf 85' lang='grc' dir='ltr'>είς</span> <span class='ocrx_word' id='word_1_73' title='bbox 868 1168 935 1254; x_wconf 90' lang='grc' dir='ltr'>ὄφιν</span> <span class='ocrx_word' id='word_1_74' title='bbox 957 1171 1008 1229; x_wconf 87' lang='grc' dir='ltr'>καί</span> <span class='ocrx_word' id='word_1_75' title='bbox 1029 1163 1139 1238; x_wconf 88' lang='grc' dir='ltr'>Νεῖλος</span> <span class='ocrx_word' id='word_1_76' title='bbox 1162 1169 1349 1250; x_wconf 82' lang='grc' dir='ltr'>αἱματοῦ-</span> 
     </span>
     <span class='ocr_line' id='line_1_9' title="bbox 120 1272 1348 1364; baseline -0.003 -22"><span class='ocrx_word' id='word_1_77' title='bbox 120 1301 222 1363; x_wconf 91' lang='grc' dir='ltr'>μενος,</span> <span class='ocrx_word' id='word_1_78' title='bbox 240 1281 307 1340; x_wconf 88' lang='grc' dir='ltr'>ούτε</span> <span class='ocrx_word' id='word_1_79' title='bbox 323 1283 449 1348; x_wconf 83' lang='grc' dir='ltr'>τούτους</span> <span class='ocrx_word' id='word_1_80' title='bbox 472 1276 583 1364; x_wconf 85' lang='grc' dir='ltr'>τυφλοί.</span> <span class='ocrx_word' id='word_1_81' title='bbox 593 1274 820 1359; x_wconf 87' lang='grc' dir='ltr'>ἀναβλέποντες</span> <span class='ocrx_word' id='word_1_82' title='bbox 836 1281 886 1340; x_wconf 85' lang='grc' dir='ltr'>καί</span> <span class='ocrx_word' id='word_1_83' title='bbox 903 1272 998 1361; x_wconf 92' lang='grc' dir='ltr'>χωλοί</span> <span class='ocrx_word' id='word_1_84' title='bbox 1014 1283 1250 1360; x_wconf 83' lang='grc' dir='ltr'>περιπατοῦντες</span> <span class='ocrx_word' id='word_1_85' title='bbox 1271 1283 1348 1338; x_wconf 79' lang='grc' dir='ltr'>καὶ</span> 
     </span>
     <span class='ocr_line' id='line_1_10' title="bbox 121 1381 1342 1472; baseline -0.003 -24"><span class='ocrx_word' id='word_1_86' title='bbox 121 1393 216 1472; x_wconf 90' lang='grc' dir='ltr'>νεκροί</span> <span class='ocrx_word' id='word_1_87' title='bbox 234 1387 438 1467; x_wconf 86' lang='grc' dir='ltr'>ἀνιστάμενοι.</span> <span class='ocrx_word' id='word_1_88' title='bbox 464 1389 514 1446; x_wconf 85' lang='grc' dir='ltr'>καί</span> <span class='ocrx_word' id='word_1_89' title='bbox 530 1390 574 1462; x_wconf 88' lang='grc' dir='ltr'>τῷ</span> <span class='ocrx_word' id='word_1_90' title='bbox 590 1389 645 1466; x_wconf 85' lang='grc' dir='ltr'>μέν</span> <span class='ocrx_word' id='word_1_91' title='bbox 663 1384 853 1447; x_wconf 68' lang='grc' dir='ltr'>ἀνθίσταντο</span> <span class='ocrx_word' id='word_1_92' title='bbox 872 1383 992 1454; x_wconf 80' lang='grc' dir='ltr'>’λαννὴς</span> <span class='ocrx_word' id='word_1_93' title='bbox 1009 1389 1059 1445; x_wconf 91' lang='grc' dir='ltr'>καί</span> <span class='ocrx_word' id='word_1_94' title='bbox 1078 1381 1245 1468; x_wconf 82' lang='grc' dir='ltr'>Ἰαμβρής,</span> <span class='ocrx_word' id='word_1_95' title='bbox 1277 1390 1342 1463; x_wconf 81' lang='grc' dir='ltr'>τῷ</span> 
     </span>
     <span class='ocr_line' id='line_1_11' title="bbox 122 1489 1402 1580; baseline -0.009 -22"><span class='ocrx_word' id='word_1_96' title='bbox 122 1493 155 1558; x_wconf 79' lang='grc' dir='ltr'>δὲ</span> <span class='ocrx_word' id='word_1_97' title='bbox 172 1493 288 1566; x_wconf 83' lang='grc' dir='ltr'>Ἀννας</span> <span class='ocrx_word' id='word_1_98' title='bbox 311 1501 361 1556; x_wconf 84' lang='grc' dir='ltr'>καί</span> <span class='ocrx_word' id='word_1_99' title='bbox 377 1494 538 1580; x_wconf 82' lang='grc' dir='ltr'>Καϊάφας.</span> <span class='ocrx_word' id='word_1_100' title='bbox 565 1493 661 1563; x_wconf 80' lang='grc' dir='ltr'>οὕτως</span> <span class='ocrx_word' id='word_1_101' title='bbox 680 1495 713 1555; x_wconf 84' lang='grc' dir='ltr'>οῦ</span> <span class='ocrx_word' id='word_1_102' title='bbox 730 1498 853 1564; x_wconf 84' lang='grc' dir='ltr'>πάντας</span> <span class='ocrx_word' id='word_1_103' title='bbox 870 1491 1006 1554; x_wconf 82' lang='grc' dir='ltr'>δυσωπεῖ</span> <span class='ocrx_word' id='word_1_104' title='bbox 1026 1496 1066 1553; x_wconf 86' lang='grc' dir='ltr'>τά</span> <span class='ocrx_word' id='word_1_105' title='bbox 1090 1501 1212 1574; x_wconf 87' lang='grc' dir='ltr'>σημεῖα,</span> <span class='ocrx_word' id='word_1_106' title='bbox 1239 1489 1341 1555; x_wconf 82' lang='grc' dir='ltr'>ἀλλὰ</span> <span class='ocrx_word' id='word_1_107' title='bbox 1368 1508 1402 1547; x_wconf 84' lang='grc' dir='ltr'>ιο</span> 
     </span>
     <span class='ocr_line' id='line_1_12' title="bbox 120 1597 1337 1687; baseline -0.001 -24"><span class='ocrx_word' id='word_1_108' title='bbox 120 1604 233 1685; x_wconf 81' lang='grc' dir='ltr'>μόνους</span> <span class='ocrx_word' id='word_1_109' title='bbox 254 1607 326 1674; x_wconf 90' lang='grc' dir='ltr'>τούς</span> <span class='ocrx_word' id='word_1_110' title='bbox 347 1603 562 1685; x_wconf 73' lang='grc' dir='ltr'>εὐγνώμονας,</span> <span class='ocrx_word' id='word_1_111' title='bbox 587 1599 628 1662; x_wconf 89' lang='grc' dir='ltr'>ών</span> <span class='ocrx_word' id='word_1_112' title='bbox 650 1605 701 1663; x_wconf 81' lang='grc' dir='ltr'>καί</span> <span class='ocrx_word' id='word_1_113' title='bbox 721 1605 815 1687; x_wconf 87' lang='grc' dir='ltr'>χάριν</span> <span class='ocrx_word' id='word_1_114' title='bbox 840 1597 957 1662; x_wconf 86' lang='grc' dir='ltr'>εύδοκεί</span> <span class='ocrx_word' id='word_1_115' title='bbox 975 1598 1090 1684; x_wconf 87' lang='grc' dir='ltr'>όθεός</span> <span class='ocrx_word' id='word_1_116' title='bbox 1111 1599 1337 1663; x_wconf 79' lang='grc' dir='ltr'>ἐπιτελεῖσθαι</span> 
     </span>
     <span class='ocr_line' id='line_1_13' title="bbox 123 1706 1333 1796; baseline -0.002 -23"><span class='ocrx_word' id='word_1_117' title='bbox 123 1708 270 1793; x_wconf 89' lang='grc' dir='ltr'>δυνάμεις</span> <span class='ocrx_word' id='word_1_118' title='bbox 286 1711 330 1782; x_wconf 85' lang='grc' dir='ltr'>ὡς</span> <span class='ocrx_word' id='word_1_119' title='bbox 347 1713 441 1796; x_wconf 81' lang='grc' dir='ltr'>σοφός</span> <span class='ocrx_word' id='word_1_120' title='bbox 467 1710 621 1790; x_wconf 78' lang='grc' dir='ltr'>οἰκονόμος</span> <span class='ocrx_word' id='word_1_121' title='bbox 644 1711 677 1769; x_wconf 91' lang='grc' dir='ltr'>ού</span> <span class='ocrx_word' id='word_1_122' title='bbox 701 1719 737 1789; x_wconf 79' lang='grc' dir='ltr'>τῇ</span> <span class='ocrx_word' id='word_1_123' title='bbox 761 1717 822 1770; x_wconf 83' lang='grc' dir='ltr'>τῶν</span> <span class='ocrx_word' id='word_1_124' title='bbox 849 1706 1028 1793; x_wconf 91' lang='grc' dir='ltr'>ἀνθρώπων</span> <span class='ocrx_word' id='word_1_125' title='bbox 1052 1709 1153 1794; x_wconf 90' lang='grc' dir='ltr'>ίσχύί,</span> <span class='ocrx_word' id='word_1_126' title='bbox 1178 1707 1257 1772; x_wconf 88' lang='grc' dir='ltr'>ἀλλὰ</span> <span class='ocrx_word' id='word_1_127' title='bbox 1280 1719 1333 1790; x_wconf 83' lang='grc' dir='ltr'>τῇ</span> 
     </span>
     <span class='ocr_line' id='line_1_14' title="bbox 123 1814 1332 1902; baseline -0.001 -22"><span class='ocrx_word' id='word_1_128' title='bbox 123 1821 234 1882; x_wconf 79' lang='grc' dir='ltr'>ἑαυτοῦ</span> <span class='ocrx_word' id='word_1_129' title='bbox 251 1816 405 1901; x_wconf 75' lang='grc' dir='ltr'>βουλήσει.</span> <span class='ocrx_word' id='word_1_130' title='bbox 431 1825 531 1878; x_wconf 89' lang='grc' dir='ltr'>ταῦτα</span> <span class='ocrx_word' id='word_1_131' title='bbox 549 1814 582 1878; x_wconf 96' lang='grc' dir='ltr'>δέ</span> <span class='ocrx_word' id='word_1_132' title='bbox 606 1837 706 1902; x_wconf 90' lang='grc' dir='ltr'>φαμεν</span> <span class='ocrx_word' id='word_1_133' title='bbox 732 1818 778 1877; x_wconf 84' lang='grc' dir='ltr'>έπί</span> <span class='ocrx_word' id='word_1_134' title='bbox 796 1824 840 1896; x_wconf 85' lang='grc' dir='ltr'>τῷ</span> <span class='ocrx_word' id='word_1_135' title='bbox 862 1821 905 1894; x_wconf 77' lang='grc' dir='ltr'>μὴ</span> <span class='ocrx_word' id='word_1_136' title='bbox 930 1816 1118 1902; x_wconf 79' lang='grc' dir='ltr'>ἐπαίρεσθαι</span> <span class='ocrx_word' id='word_1_137' title='bbox 1141 1822 1212 1887; x_wconf 88' lang='grc' dir='ltr'>τοῦς</span> <span class='ocrx_word' id='word_1_138' title='bbox 1235 1815 1332 1898; x_wconf 88' lang='grc' dir='ltr'>λαμ-</span> 
     </span>
     <span class='ocr_line' id='line_1_15' title="bbox 123 1922 1330 2012; baseline -0.002 -23"><span class='ocrx_word' id='word_1_139' title='bbox 123 1925 284 2010; x_wconf 85' lang='grc' dir='ltr'>βάνοντας</span> <span class='ocrx_word' id='word_1_140' title='bbox 300 1931 486 2012; x_wconf 88' lang='grc' dir='ltr'>χαρίσματα</span> <span class='ocrx_word' id='word_1_141' title='bbox 502 1933 631 1988; x_wconf 91' lang='grc' dir='ltr'>τοιαῦτα</span> <span class='ocrx_word' id='word_1_142' title='bbox 647 1929 729 1988; x_wconf 83' lang='grc' dir='ltr'>κατά</span> <span class='ocrx_word' id='word_1_143' title='bbox 746 1935 806 1988; x_wconf 83' lang='grc' dir='ltr'>τῶν</span> <span class='ocrx_word' id='word_1_144' title='bbox 823 1931 865 2007; x_wconf 78' lang='grc' dir='ltr'>μὴ</span> <span class='ocrx_word' id='word_1_145' title='bbox 882 1923 1059 2008; x_wconf 85' lang='grc' dir='ltr'>λαβόντων,</span> <span class='ocrx_word' id='word_1_146' title='bbox 1082 1930 1267 2010; x_wconf 85' lang='grc' dir='ltr'>χαρίσματα</span> <span class='ocrx_word' id='word_1_147' title='bbox 1283 1922 1330 1988; x_wconf 81' lang='grc' dir='ltr'>δέ</span> 
     </span>
     <span class='ocr_line' id='line_1_16' title="bbox 122 2031 1388 2119; baseline -0.002 -22"><span class='ocrx_word' id='word_1_148' title='bbox 122 2034 249 2119; x_wconf 89' lang='grc' dir='ltr'>λέγομεν</span> <span class='ocrx_word' id='word_1_149' title='bbox 267 2039 307 2096; x_wconf 83' lang='grc' dir='ltr'>τά</span> <span class='ocrx_word' id='word_1_150' title='bbox 325 2031 376 2096; x_wconf 88' lang='grc' dir='ltr'>διά</span> <span class='ocrx_word' id='word_1_151' title='bbox 393 2039 454 2094; x_wconf 90' lang='grc' dir='ltr'>τών</span> <span class='ocrx_word' id='word_1_152' title='bbox 472 2038 616 2114; x_wconf 86' lang='grc' dir='ltr'>σημείων,</span> <span class='ocrx_word' id='word_1_153' title='bbox 641 2035 702 2096; x_wconf 88' lang='grc' dir='ltr'>έπεί</span> <span class='ocrx_word' id='word_1_154' title='bbox 719 2036 771 2094; x_wconf 84' lang='grc' dir='ltr'>οῦκ</span> <span class='ocrx_word' id='word_1_155' title='bbox 787 2036 866 2096; x_wconf 86' lang='grc' dir='ltr'>έστιν</span> <span class='ocrx_word' id='word_1_156' title='bbox 890 2032 1061 2118; x_wconf 84' lang='grc' dir='ltr'>ἄνθρωπος</span> <span class='ocrx_word' id='word_1_157' title='bbox 1083 2039 1247 2104; x_wconf 82' lang='grc' dir='ltr'>πιστεύσας</span> <span class='ocrx_word' id='word_1_158' title='bbox 1265 2031 1327 2096; x_wconf 84' lang='grc' dir='ltr'>διὰ</span> <span class='ocrx_word' id='word_1_159' title='bbox 1353 2051 1388 2094; x_wconf 82' lang='grc' dir='ltr'>εσ</span> 
     </span>
     <span class='ocr_line' id='line_1_17' title="bbox 122 2141 1326 2228; baseline 0.002 -24"><span class='ocrx_word' id='word_1_160' title='bbox 122 2151 249 2228; x_wconf 83' lang='grc' dir='ltr'>χριστοῦ</span> <span class='ocrx_word' id='word_1_161' title='bbox 262 2150 315 2204; x_wconf 89' lang='grc' dir='ltr'>τοῦ</span> <span class='ocrx_word' id='word_1_162' title='bbox 327 2141 405 2204; x_wconf 83' lang='grc' dir='ltr'>θεοῦ</span> <span class='ocrx_word' id='word_1_163' title='bbox 421 2145 508 2222; x_wconf 76' lang='grc' dir='ltr'>ἡμῶν</span> <span class='ocrx_word' id='word_1_164' title='bbox 520 2143 561 2210; x_wconf 88' lang='grc' dir='ltr'>είς</span> <span class='ocrx_word' id='word_1_165' title='bbox 577 2142 668 2202; x_wconf 87' lang='grc' dir='ltr'>αύτόν</span> <span class='ocrx_word' id='word_1_166' title='bbox 681 2162 713 2202; x_wconf 92' lang='grc' dir='ltr'>τε</span> <span class='ocrx_word' id='word_1_167' title='bbox 726 2147 775 2204; x_wconf 86' lang='grc' dir='ltr'>καί</span> <span class='ocrx_word' id='word_1_168' title='bbox 789 2145 840 2204; x_wconf 82' lang='grc' dir='ltr'>τόν</span> <span class='ocrx_word' id='word_1_169' title='bbox 853 2142 1011 2226; x_wconf 84' lang='grc' dir='ltr'>ἄχραντον</span> <span class='ocrx_word' id='word_1_170' title='bbox 1024 2143 1118 2204; x_wconf 80' lang='grc' dir='ltr'>αὐτοῦ</span> <span class='ocrx_word' id='word_1_171' title='bbox 1134 2145 1255 2226; x_wconf 84' lang='grc' dir='ltr'>πατέρα</span> <span class='ocrx_word' id='word_1_172' title='bbox 1267 2147 1326 2206; x_wconf 79' lang='grc' dir='ltr'>καὶ</span> 
     </span>
    </p>

    <p class='ocr_par' dir='ltr' id='par_1_3' title="bbox 123 2247 1375 3638">
     <span class='ocr_line' id='line_1_18' title="bbox 123 2247 1324 2336; baseline -0.002 -24"><span class='ocrx_word' id='word_1_173' title='bbox 123 2255 157 2314; x_wconf 87' lang='grc' dir='ltr'>τό</span> <span class='ocrx_word' id='word_1_174' title='bbox 173 2253 324 2335; x_wconf 89' lang='grc' dir='ltr'>πανάγιον</span> <span class='ocrx_word' id='word_1_175' title='bbox 341 2254 392 2312; x_wconf 91' lang='grc' dir='ltr'>καί</span> <span class='ocrx_word' id='word_1_176' title='bbox 408 2248 554 2322; x_wconf 82' lang='grc' dir='ltr'>ζωοποιόν</span> <span class='ocrx_word' id='word_1_177' title='bbox 573 2251 668 2311; x_wconf 81' lang='grc' dir='ltr'>αὐτοῦ</span> <span class='ocrx_word' id='word_1_178' title='bbox 684 2259 816 2332; x_wconf 88' lang='grc' dir='ltr'>πνεῦμα,</span> <span class='ocrx_word' id='word_1_179' title='bbox 841 2249 876 2321; x_wconf 84' lang='grc' dir='ltr'>ὅς</span> <span class='ocrx_word' id='word_1_180' title='bbox 893 2251 944 2312; x_wconf 86' lang='grc' dir='ltr'>ούκ</span> <span class='ocrx_word' id='word_1_181' title='bbox 959 2247 1061 2336; x_wconf 83' lang='grc' dir='ltr'>εῐληφε</span> <span class='ocrx_word' id='word_1_182' title='bbox 1072 2253 1216 2336; x_wconf 85' lang='grc' dir='ltr'>χάρισμα</span> <span class='ocrx_word' id='word_1_183' title='bbox 1228 2269 1324 2312; x_wconf 90' lang='grc' dir='ltr'>πνευ-</span> 
     </span>
     <span class='ocr_line' id='line_1_19' title="bbox 123 2352 1321 2440; baseline -0.002 -20"><span class='ocrx_word' id='word_1_184' title='bbox 123 2361 261 2440; x_wconf 90' lang='grc' dir='ltr'>ματικόν.</span> <span class='ocrx_word' id='word_1_185' title='bbox 280 2358 355 2419; x_wconf 88' lang='grc' dir='ltr'>αύτό</span> <span class='ocrx_word' id='word_1_186' title='bbox 368 2377 400 2417; x_wconf 93' lang='grc' dir='ltr'>τε</span> <span class='ocrx_word' id='word_1_187' title='bbox 412 2359 475 2440; x_wconf 86' lang='grc' dir='ltr'>γὰρ</span> <span class='ocrx_word' id='word_1_188' title='bbox 488 2359 522 2417; x_wconf 89' lang='grc' dir='ltr'>τό</span> <span class='ocrx_word' id='word_1_189' title='bbox 535 2352 752 2438; x_wconf 86' lang='grc' dir='ltr'>ἀπαλλαγῆναι</span> <span class='ocrx_word' id='word_1_190' title='bbox 768 2354 923 2418; x_wconf 92' lang='grc' dir='ltr'>πολυθέου</span> <span class='ocrx_word' id='word_1_191' title='bbox 936 2353 1085 2440; x_wconf 86' lang='grc' dir='ltr'>ἀσεβείας</span> <span class='ocrx_word' id='word_1_192' title='bbox 1096 2362 1146 2418; x_wconf 87' lang='grc' dir='ltr'>καί</span> <span class='ocrx_word' id='word_1_193' title='bbox 1157 2363 1321 2418; x_wconf 88' lang='grc' dir='ltr'>πιστεῦσαι</span> 
     </span>
     <span class='ocr_line' id='line_1_20' title="bbox 124 2463 1318 2551; baseline -0.003 -22"><span class='ocrx_word' id='word_1_194' title='bbox 124 2466 192 2546; x_wconf 90' lang='grc' dir='ltr'>θεῷ</span> <span class='ocrx_word' id='word_1_195' title='bbox 207 2466 296 2542; x_wconf 84' lang='grc' dir='ltr'>ζῶντι</span> <span class='ocrx_word' id='word_1_196' title='bbox 309 2471 359 2528; x_wconf 90' lang='grc' dir='ltr'>καί</span> <span class='ocrx_word' id='word_1_197' title='bbox 372 2463 513 2544; x_wconf 82' lang='grc' dir='ltr'>ἀληθινῷ</span> <span class='ocrx_word' id='word_1_198' title='bbox 526 2469 668 2550; x_wconf 89' lang='grc' dir='ltr'>χάρισμά</span> <span class='ocrx_word' id='word_1_199' title='bbox 682 2467 743 2526; x_wconf 83' lang='grc' dir='ltr'>ἐστι</span> <span class='ocrx_word' id='word_1_200' title='bbox 752 2465 840 2546; x_wconf 90' lang='grc' dir='ltr'>θεοῦ,</span> <span class='ocrx_word' id='word_1_201' title='bbox 854 2469 887 2527; x_wconf 94' lang='grc' dir='ltr'>τό</span> <span class='ocrx_word' id='word_1_202' title='bbox 899 2487 931 2527; x_wconf 88' lang='grc' dir='ltr'>τε</span> <span class='ocrx_word' id='word_1_203' title='bbox 944 2466 1115 2551; x_wconf 72' lang='grc' dir='ltr'>ἀπορρῖψαι</span> <span class='ocrx_word' id='word_1_204' title='bbox 1126 2470 1159 2529; x_wconf 86' lang='grc' dir='ltr'>τό</span> <span class='ocrx_word' id='word_1_205' title='bbox 1169 2463 1318 2529; x_wconf 87' lang='grc' dir='ltr'>ίουδαίκὸν</span> 
     </span>
     <span class='ocr_line' id='line_1_21' title="bbox 124 2571 1375 2660; baseline -0.002 -23"><span class='ocrx_word' id='word_1_206' title='bbox 124 2574 274 2656; x_wconf 84' lang='grc' dir='ltr'>κάλυμμα</span> <span class='ocrx_word' id='word_1_207' title='bbox 296 2576 347 2636; x_wconf 83' lang='grc' dir='ltr'>καί</span> <span class='ocrx_word' id='word_1_208' title='bbox 368 2583 526 2637; x_wconf 89' lang='grc' dir='ltr'>πιστεῦσαι</span> <span class='ocrx_word' id='word_1_209' title='bbox 550 2575 594 2635; x_wconf 87' lang='grc' dir='ltr'>ότι</span> <span class='ocrx_word' id='word_1_210' title='bbox 616 2571 738 2655; x_wconf 80' lang='grc' dir='ltr'>εῦδοκίᾳ</span> <span class='ocrx_word' id='word_1_211' title='bbox 759 2573 838 2637; x_wconf 91' lang='grc' dir='ltr'>θεοῦ</span> <span class='ocrx_word' id='word_1_212' title='bbox 861 2577 951 2660; x_wconf 87' lang='grc' dir='ltr'>όπρό</span> <span class='ocrx_word' id='word_1_213' title='bbox 968 2577 1088 2638; x_wconf 82' lang='grc' dir='ltr'>αἰώνων</span> <span class='ocrx_word' id='word_1_214' title='bbox 1104 2581 1270 2658; x_wconf 84' lang='grc' dir='ltr'>μονογενὴς</span> <span class='ocrx_word' id='word_1_215' title='bbox 1286 2575 1316 2635; x_wconf 89' lang='grc' dir='ltr'>έν</span> <span class='ocrx_word' id='word_1_216' title='bbox 1340 2595 1375 2634; x_wconf 80' lang='lat'>20</span> 
     </span>
     <span class='ocr_line' id='line_1_22' title="bbox 125 2679 1317 2770; baseline -0.003 -25"><span class='ocrx_word' id='word_1_217' title='bbox 125 2685 243 2768; x_wconf 84' lang='grc' dir='ltr'>ὑστέρῳ</span> <span class='ocrx_word' id='word_1_218' title='bbox 268 2689 365 2767; x_wconf 87' lang='grc' dir='ltr'>καιρῷ</span> <span class='ocrx_word' id='word_1_219' title='bbox 390 2683 420 2744; x_wconf 83' lang='grc' dir='ltr'>ἐκ</span> <span class='ocrx_word' id='word_1_220' title='bbox 441 2681 602 2766; x_wconf 82' lang='grc' dir='ltr'>παρθένου</span> <span class='ocrx_word' id='word_1_221' title='bbox 625 2685 803 2766; x_wconf 70' lang='grc' dir='ltr'>γεγέννηται</span> <span class='ocrx_word' id='word_1_222' title='bbox 828 2679 903 2770; x_wconf 87' lang='grc' dir='ltr'>δίχα</span> <span class='ocrx_word' id='word_1_223' title='bbox 926 2680 1046 2764; x_wconf 88' lang='grc' dir='ltr'>όμιλίας</span> <span class='ocrx_word' id='word_1_224' title='bbox 1069 2680 1180 2768; x_wconf 86' lang='grc' dir='ltr'>ἀνδρός</span> <span class='ocrx_word' id='word_1_225' title='bbox 1203 2686 1252 2746; x_wconf 85' lang='grc' dir='ltr'>καί</span> <span class='ocrx_word' id='word_1_226' title='bbox 1274 2683 1317 2742; x_wconf 87' lang='grc' dir='ltr'>ότι</span> 
     </span>
     <span class='ocr_line' id='line_1_23' title="bbox 128 2790 1316 2877; baseline 0 -23"><span class='ocrx_word' id='word_1_227' title='bbox 128 2791 343 2856; x_wconf 83' lang='grc' dir='ltr'>ἐπολιτεύσατο</span> <span class='ocrx_word' id='word_1_228' title='bbox 364 2794 407 2863; x_wconf 90' lang='grc' dir='ltr'>ώς</span> <span class='ocrx_word' id='word_1_229' title='bbox 424 2791 595 2875; x_wconf 86' lang='grc' dir='ltr'>ἄνθρωπος</span> <span class='ocrx_word' id='word_1_230' title='bbox 619 2793 691 2853; x_wconf 89' lang='grc' dir='ltr'>ἀνευ</span> <span class='ocrx_word' id='word_1_231' title='bbox 709 2792 879 2876; x_wconf 87' lang='grc' dir='ltr'>ἁμαρτίας,</span> <span class='ocrx_word' id='word_1_232' title='bbox 897 2790 1066 2877; x_wconf 84' lang='grc' dir='ltr'>πληρώσας</span> <span class='ocrx_word' id='word_1_233' title='bbox 1081 2799 1185 2854; x_wconf 88' lang='grc' dir='ltr'>πᾶσαν</span> <span class='ocrx_word' id='word_1_234' title='bbox 1203 2790 1316 2854; x_wconf 88' lang='grc' dir='ltr'>δικαιο-</span> 
     </span>
     <span class='ocr_line' id='line_1_24' title="bbox 127 2899 1317 2987; baseline 0 -25"><span class='ocrx_word' id='word_1_235' title='bbox 127 2907 217 2972; x_wconf 90' lang='grc' dir='ltr'>σύνην</span> <span class='ocrx_word' id='word_1_236' title='bbox 241 2909 294 2970; x_wconf 79' lang='grc' dir='ltr'>τὴν</span> <span class='ocrx_word' id='word_1_237' title='bbox 317 2911 370 2963; x_wconf 88' lang='grc' dir='ltr'>τοῦ</span> <span class='ocrx_word' id='word_1_238' title='bbox 386 2905 490 2982; x_wconf 87' lang='grc' dir='ltr'>νόμου,</span> <span class='ocrx_word' id='word_1_239' title='bbox 515 2904 565 2961; x_wconf 87' lang='grc' dir='ltr'>καὶ</span> <span class='ocrx_word' id='word_1_240' title='bbox 589 2901 632 2962; x_wconf 89' lang='grc' dir='ltr'>ότι</span> <span class='ocrx_word' id='word_1_241' title='bbox 658 2902 750 2980; x_wconf 80' lang='grc' dir='ltr'>οἰκείᾳ</span> <span class='ocrx_word' id='word_1_242' title='bbox 774 2907 969 2985; x_wconf 74' lang='grc' dir='ltr'>συγχωρήσει</span> <span class='ocrx_word' id='word_1_243' title='bbox 992 2907 1043 2964; x_wconf 87' lang='grc' dir='ltr'>καί</span> <span class='ocrx_word' id='word_1_244' title='bbox 1066 2899 1163 2984; x_wconf 80' lang='grc' dir='ltr'>βουλῇ</span> <span class='ocrx_word' id='word_1_245' title='bbox 1188 2905 1317 2987; x_wconf 85' lang='grc' dir='ltr'>σταυρόν</span> 
     </span>
     <span class='ocr_line' id='line_1_25' title="bbox 127 3007 1320 3096; baseline 0 -24"><span class='ocrx_word' id='word_1_246' title='bbox 127 3013 713 3096; x_wconf 83' lang='grc' dir='ltr'>ὑπέμεινεν,αίσχύνηςκαταφρονὴσας,</span> <span class='ocrx_word' id='word_1_247' title='bbox 730 3007 856 3081; x_wconf 84' lang='grc' dir='ltr'>θεόςών</span> <span class='ocrx_word' id='word_1_248' title='bbox 872 3007 974 3094; x_wconf 90' lang='grc' dir='ltr'>λόγος,</span> <span class='ocrx_word' id='word_1_249' title='bbox 992 3014 1042 3073; x_wconf 86' lang='grc' dir='ltr'>καί</span> <span class='ocrx_word' id='word_1_250' title='bbox 1051 3011 1095 3072; x_wconf 84' lang='grc' dir='ltr'>ὅτι</span> <span class='ocrx_word' id='word_1_251' title='bbox 1112 3009 1255 3073; x_wconf 85' lang='grc' dir='ltr'>ἀπέθανε</span> <span class='ocrx_word' id='word_1_252' title='bbox 1270 3013 1320 3072; x_wconf 85' lang='grc' dir='ltr'>καί</span> 
     </span>
     <span class='ocr_line' id='line_1_26' title="bbox 128 3116 1369 3207; baseline -0.002 -27"><span class='ocrx_word' id='word_1_253' title='bbox 128 3122 227 3207; x_wconf 76' lang='grc' dir='ltr'>ἐτάφη</span> <span class='ocrx_word' id='word_1_254' title='bbox 240 3124 291 3182; x_wconf 87' lang='grc' dir='ltr'>καί</span> <span class='ocrx_word' id='word_1_255' title='bbox 303 3120 414 3188; x_wconf 84' lang='grc' dir='ltr'>ἀνέστη</span> <span class='ocrx_word' id='word_1_256' title='bbox 430 3116 481 3180; x_wconf 89' lang='grc' dir='ltr'>διά</span> <span class='ocrx_word' id='word_1_257' title='bbox 494 3127 585 3203; x_wconf 85' lang='grc' dir='ltr'>τριῶν</span> <span class='ocrx_word' id='word_1_258' title='bbox 598 3121 720 3201; x_wconf 78' lang='grc' dir='ltr'>ἡμερῶν</span> <span class='ocrx_word' id='word_1_259' title='bbox 733 3123 783 3180; x_wconf 86' lang='grc' dir='ltr'>καί</span> <span class='ocrx_word' id='word_1_260' title='bbox 795 3121 878 3201; x_wconf 85' lang='grc' dir='ltr'>μετὰ,</span> <span class='ocrx_word' id='word_1_261' title='bbox 887 3123 940 3189; x_wconf 84' lang='grc' dir='ltr'>τὴν</span> <span class='ocrx_word' id='word_1_262' title='bbox 952 3120 1121 3194; x_wconf 84' lang='grc' dir='ltr'>ἀνάστασιν</span> <span class='ocrx_word' id='word_1_263' title='bbox 1134 3119 1194 3190; x_wconf 72' lang='grc' dir='ltr'>ἕως</span> <span class='ocrx_word' id='word_1_264' title='bbox 1206 3139 1318 3182; x_wconf 86' lang='grc' dir='ltr'>τεσσα-</span> <span class='ocrx_word' id='word_1_265' title='bbox 1337 3135 1369 3178; x_wconf 77' lang='grc' dir='ltr'>κο</span> 
     </span>
     <span class='ocr_line' id='line_1_27' title="bbox 126 3225 1319 3312; baseline -0.002 -23"><span class='ocrx_word' id='word_1_266' title='bbox 126 3231 260 3311; x_wconf 87' lang='grc' dir='ltr'>ράκοντα</span> <span class='ocrx_word' id='word_1_267' title='bbox 288 3231 409 3312; x_wconf 80' lang='grc' dir='ltr'>ἡμερῶν</span> <span class='ocrx_word' id='word_1_268' title='bbox 433 3232 630 3312; x_wconf 87' lang='grc' dir='ltr'>παραμείνας</span> <span class='ocrx_word' id='word_1_269' title='bbox 652 3236 716 3298; x_wconf 89' lang='grc' dir='ltr'>τοῖς</span> <span class='ocrx_word' id='word_1_270' title='bbox 740 3225 920 3298; x_wconf 83' lang='grc' dir='ltr'>ἀποστόλοις</span> <span class='ocrx_word' id='word_1_271' title='bbox 945 3233 996 3291; x_wconf 87' lang='grc' dir='ltr'>καί</span> <span class='ocrx_word' id='word_1_272' title='bbox 1022 3225 1190 3312; x_wconf 86' lang='grc' dir='ltr'>πληρώσας</span> <span class='ocrx_word' id='word_1_273' title='bbox 1215 3237 1319 3290; x_wconf 81' lang='grc' dir='ltr'>πᾶσαν</span> 
     </span>
     <span class='ocr_line' id='line_1_28' title="bbox 128 3329 1319 3422; baseline 0.001 -26"><span class='ocrx_word' id='word_1_274' title='bbox 128 3329 268 3408; x_wconf 82' lang='grc' dir='ltr'>διάταξιν</span> <span class='ocrx_word' id='word_1_275' title='bbox 294 3332 456 3422; x_wconf 76' lang='grc' dir='ltr'>ἀνελήφθη</span> <span class='ocrx_word' id='word_1_276' title='bbox 481 3335 529 3398; x_wconf 70' lang='grc' dir='ltr'>ἀπ’</span> <span class='ocrx_word' id='word_1_277' title='bbox 556 3336 657 3416; x_wconf 75' lang='grc' dir='ltr'>ὄψεσιν</span> <span class='ocrx_word' id='word_1_278' title='bbox 681 3337 783 3398; x_wconf 79' lang='grc' dir='ltr'>αὐτῶν</span> <span class='ocrx_word' id='word_1_279' title='bbox 804 3338 880 3420; x_wconf 86' lang='grc' dir='ltr'>πρὸς</span> <span class='ocrx_word' id='word_1_280' title='bbox 904 3339 954 3398; x_wconf 85' lang='grc' dir='ltr'>τόν</span> <span class='ocrx_word' id='word_1_281' title='bbox 980 3333 1203 3400; x_wconf 89' lang='grc' dir='ltr'>ἀποστείλαντα</span> <span class='ocrx_word' id='word_1_282' title='bbox 1228 3338 1319 3398; x_wconf 88' lang='grc' dir='ltr'>αύτδν</span> 
     </span>
     <span class='ocr_line' id='line_1_29' title="bbox 127 3441 1319 3529; baseline 0.002 -24"><span class='ocrx_word' id='word_1_283' title='bbox 127 3442 202 3505; x_wconf 82' lang='grc' dir='ltr'>θεὸν</span> <span class='ocrx_word' id='word_1_284' title='bbox 218 3447 268 3504; x_wconf 87' lang='grc' dir='ltr'>καί</span> <span class='ocrx_word' id='word_1_285' title='bbox 284 3447 415 3526; x_wconf 93' lang='grc' dir='ltr'>πατέρα.</span> <span class='ocrx_word' id='word_1_286' title='bbox 442 3444 575 3506; x_wconf 90' lang='grc' dir='ltr'>όταῦτα</span> <span class='ocrx_word' id='word_1_287' title='bbox 590 3449 756 3515; x_wconf 89' lang='grc' dir='ltr'>πιστεύσας</span> <span class='ocrx_word' id='word_1_288' title='bbox 780 3447 838 3529; x_wconf 87' lang='grc' dir='ltr'>ούχ</span> <span class='ocrx_word' id='word_1_289' title='bbox 861 3442 968 3516; x_wconf 83' lang='grc' dir='ltr'>ἁπλῶς</span> <span class='ocrx_word' id='word_1_290' title='bbox 990 3441 1059 3507; x_wconf 78' lang='grc' dir='ltr'>οῦδὲ</span> <span class='ocrx_word' id='word_1_291' title='bbox 1082 3442 1217 3529; x_wconf 90' lang='grc' dir='ltr'>ἀλόγως,</span> <span class='ocrx_word' id='word_1_292' title='bbox 1241 3443 1319 3507; x_wconf 85' lang='grc' dir='ltr'>ἀλλά</span> 
     </span>
     <span class='ocr_line' id='line_1_30' title="bbox 127 3548 1320 3638; baseline 0.002 -26"><span class='ocrx_word' id='word_1_293' title='bbox 127 3557 218 3636; x_wconf 89' lang='grc' dir='ltr'>κρίσει</span> <span class='ocrx_word' id='word_1_294' title='bbox 231 3556 282 3614; x_wconf 86' lang='grc' dir='ltr'>καί</span> <span class='ocrx_word' id='word_1_295' title='bbox 297 3548 498 3637; x_wconf 82' lang='grc' dir='ltr'>πληροφορίᾳ,</span> <span class='ocrx_word' id='word_1_296' title='bbox 516 3555 659 3637; x_wconf 89' lang='grc' dir='ltr'>χάρισμα</span> <span class='ocrx_word' id='word_1_297' title='bbox 673 3551 790 3638; x_wconf 77' lang='grc' dir='ltr'>εἴληφεν</span> <span class='ocrx_word' id='word_1_298' title='bbox 807 3555 868 3616; x_wconf 89' lang='grc' dir='ltr'>ἀπδ</span> <span class='ocrx_word' id='word_1_299' title='bbox 885 3561 938 3614; x_wconf 92' lang='grc' dir='ltr'>τοῦ</span> <span class='ocrx_word' id='word_1_300' title='bbox 954 3553 1044 3632; x_wconf 89' lang='grc' dir='ltr'>θεοῦ,</span> <span class='ocrx_word' id='word_1_301' title='bbox 1060 3555 1212 3626; x_wconf 89' lang='grc' dir='ltr'>ώσαύτως</span> <span class='ocrx_word' id='word_1_302' title='bbox 1225 3550 1258 3615; x_wconf 81' lang='grc' dir='ltr'>δέ</span> <span class='ocrx_word' id='word_1_303' title='bbox 1269 3558 1320 3617; x_wconf 84' lang='grc' dir='ltr'>καί</span> 
     </span>
    </p>

    <p class='ocr_par' dir='ltr' id='par_1_4' title="bbox 129 3659 1368 4398">
     <span class='ocr_line' id='line_1_31' title="bbox 129 3659 1368 3746; baseline -0.001 -23"><span class='ocrx_word' id='word_1_304' title='bbox 129 3663 144 3723; x_wconf 92' lang='grc' dir='ltr'>ό</span> <span class='ocrx_word' id='word_1_305' title='bbox 161 3665 264 3734; x_wconf 91' lang='grc' dir='ltr'>πάσης</span> <span class='ocrx_word' id='word_1_306' title='bbox 282 3662 429 3745; x_wconf 88' lang='grc' dir='ltr'>αίρέσεως</span> <span class='ocrx_word' id='word_1_307' title='bbox 446 3659 648 3746; x_wconf 87' lang='grc' dir='ltr'>ἀπαλλαγείς.</span> <span class='ocrx_word' id='word_1_308' title='bbox 677 3666 719 3743; x_wconf 85' lang='grc' dir='ltr'>μὴ</span> <span class='ocrx_word' id='word_1_309' title='bbox 737 3661 787 3724; x_wconf 87' lang='grc' dir='ltr'>οῦν</span> <span class='ocrx_word' id='word_1_310' title='bbox 805 3683 852 3734; x_wconf 92' lang='grc' dir='ltr'>τις</span> <span class='ocrx_word' id='word_1_311' title='bbox 875 3671 936 3725; x_wconf 85' lang='grc' dir='ltr'>τών</span> <span class='ocrx_word' id='word_1_312' title='bbox 959 3667 1124 3724; x_wconf 87' lang='grc' dir='ltr'>ποιούντων</span> <span class='ocrx_word' id='word_1_313' title='bbox 1146 3667 1186 3724; x_wconf 90' lang='grc' dir='ltr'>τά</span> <span class='ocrx_word' id='word_1_314' title='bbox 1211 3669 1322 3745; x_wconf 87' lang='grc' dir='ltr'>σημεῖα</span> <span class='ocrx_word' id='word_1_315' title='bbox 1340 3679 1368 3722; x_wconf 83' lang='grc' dir='ltr'>ω</span> 
     </span>
     <span class='ocr_line' id='line_1_32' title="bbox 129 3765 1321 3855; baseline -0.001 -21"><span class='ocrx_word' id='word_1_316' title='bbox 129 3775 181 3834; x_wconf 85' lang='grc' dir='ltr'>καί</span> <span class='ocrx_word' id='word_1_317' title='bbox 196 3773 235 3831; x_wconf 90' lang='grc' dir='ltr'>τά</span> <span class='ocrx_word' id='word_1_318' title='bbox 252 3773 369 3853; x_wconf 88' lang='grc' dir='ltr'>τέρατα</span> <span class='ocrx_word' id='word_1_319' title='bbox 384 3767 508 3852; x_wconf 86' lang='grc' dir='ltr'>κρινέτω</span> <span class='ocrx_word' id='word_1_320' title='bbox 525 3773 592 3831; x_wconf 86' lang='grc' dir='ltr'>τινά</span> <span class='ocrx_word' id='word_1_321' title='bbox 609 3779 670 3831; x_wconf 83' lang='grc' dir='ltr'>τῶν</span> <span class='ocrx_word' id='word_1_322' title='bbox 689 3779 803 3831; x_wconf 81' lang='grc' dir='ltr'>πιστῶν</span> <span class='ocrx_word' id='word_1_323' title='bbox 819 3775 862 3853; x_wconf 84' lang='grc' dir='ltr'>μὴ</span> <span class='ocrx_word' id='word_1_324' title='bbox 880 3765 1058 3844; x_wconf 87' lang='grc' dir='ltr'>ἀξιωθέντα</span> <span class='ocrx_word' id='word_1_325' title='bbox 1075 3773 1217 3855; x_wconf 87' lang='grc' dir='ltr'>ένεργείν.</span> <span class='ocrx_word' id='word_1_326' title='bbox 1250 3768 1321 3834; x_wconf 87' lang='grc' dir='ltr'>διά-</span> 
     </span>
     <span class='ocr_line' id='line_1_33' title="bbox 129 3875 1322 3964; baseline 0.002 -26"><span class='ocrx_word' id='word_1_327' title='bbox 129 3897 212 3964; x_wconf 89' lang='grc' dir='ltr'>φορα</span> <span class='ocrx_word' id='word_1_328' title='bbox 230 3881 291 3963; x_wconf 87' lang='grc' dir='ltr'>γάρ</span> <span class='ocrx_word' id='word_1_329' title='bbox 309 3880 363 3940; x_wconf 89' lang='grc' dir='ltr'>είσι</span> <span class='ocrx_word' id='word_1_330' title='bbox 379 3881 420 3939; x_wconf 85' lang='grc' dir='ltr'>τὰ</span> <span class='ocrx_word' id='word_1_331' title='bbox 436 3885 490 3939; x_wconf 90' lang='grc' dir='ltr'>τοῦ</span> <span class='ocrx_word' id='word_1_332' title='bbox 507 3876 585 3939; x_wconf 85' lang='grc' dir='ltr'>θεοῦ</span> <span class='ocrx_word' id='word_1_333' title='bbox 609 3882 794 3962; x_wconf 85' lang='grc' dir='ltr'>χαρίσματα</span> <span class='ocrx_word' id='word_1_334' title='bbox 817 3875 893 3962; x_wconf 84' lang='grc' dir='ltr'>παρ’</span> <span class='ocrx_word' id='word_1_335' title='bbox 911 3879 1017 3957; x_wconf 75' lang='grc' dir='ltr'>αὐτοῦ,</span> <span class='ocrx_word' id='word_1_336' title='bbox 1047 3875 1099 3940; x_wconf 89' lang='grc' dir='ltr'>διά</span> <span class='ocrx_word' id='word_1_337' title='bbox 1122 3887 1249 3963; x_wconf 90' lang='grc' dir='ltr'>χριστοῦ</span> <span class='ocrx_word' id='word_1_338' title='bbox 1271 3883 1322 3942; x_wconf 84' lang='grc' dir='ltr'>καί</span> 
     </span>
     <span class='ocr_line' id='line_1_34' title="bbox 129 3983 1322 4072; baseline 0.003 -26"><span class='ocrx_word' id='word_1_339' title='bbox 129 3993 182 4048; x_wconf 90' lang='grc' dir='ltr'>τοῦ</span> <span class='ocrx_word' id='word_1_340' title='bbox 199 3987 288 4070; x_wconf 90' lang='grc' dir='ltr'>ἀγίου</span> <span class='ocrx_word' id='word_1_341' title='bbox 304 3987 476 4070; x_wconf 89' lang='grc' dir='ltr'>πνεύματος</span> <span class='ocrx_word' id='word_1_342' title='bbox 493 3983 649 4068; x_wconf 89' lang='grc' dir='ltr'>διδόμενα,</span> <span class='ocrx_word' id='word_1_343' title='bbox 674 3991 724 4048; x_wconf 85' lang='grc' dir='ltr'>καί</span> <span class='ocrx_word' id='word_1_344' title='bbox 741 3991 777 4049; x_wconf 91' lang='grc' dir='ltr'>σῦ</span> <span class='ocrx_word' id='word_1_345' title='bbox 800 3993 855 4068; x_wconf 82' lang='grc' dir='ltr'>μέν</span> <span class='ocrx_word' id='word_1_346' title='bbox 881 3985 1009 4072; x_wconf 79' lang='grc' dir='ltr'>εἴληφας</span> <span class='ocrx_word' id='word_1_347' title='bbox 1031 3995 1130 4067; x_wconf 90' lang='grc' dir='ltr'>τοῦτο,</span> <span class='ocrx_word' id='word_1_348' title='bbox 1155 3989 1265 4058; x_wconf 85' lang='grc' dir='ltr'>έκεῖνος</span> <span class='ocrx_word' id='word_1_349' title='bbox 1289 3984 1322 4049; x_wconf 75' lang='grc' dir='ltr'>δέ</span> 
     </span>
     <span class='ocr_line' id='line_1_35' title="bbox 131 4091 1321 4182; baseline 0 -27"><span class='ocrx_word' id='word_1_350' title='bbox 131 4091 203 4157; x_wconf 86' lang='grc' dir='ltr'>ἄλλο</span> <span class='ocrx_word' id='word_1_351' title='bbox 220 4117 258 4156; x_wconf 90' lang='grc' dir='ltr'>τι.</span> <span class='ocrx_word' id='word_1_352' title='bbox 288 4099 307 4165; x_wconf 78' lang='grc' dir='ltr'><strong>ἢ</strong></span> <span class='ocrx_word' id='word_1_353' title='bbox 333 4100 394 4180; x_wconf 85' lang='grc' dir='ltr'>γὰρ</span> <span class='ocrx_word' id='word_1_354' title='bbox 416 4094 506 4182; x_wconf 89' lang='grc' dir='ltr'>λόγον</span> <span class='ocrx_word' id='word_1_355' title='bbox 529 4101 639 4180; x_wconf 87' lang='grc' dir='ltr'>σοφίας</span> <span class='ocrx_word' id='word_1_356' title='bbox 655 4097 674 4166; x_wconf 73' lang='grc' dir='ltr'>ἢ</span> <span class='ocrx_word' id='word_1_357' title='bbox 692 4098 837 4179; x_wconf 87' lang='grc' dir='ltr'>γνώσεως</span> <span class='ocrx_word' id='word_1_358' title='bbox 860 4099 879 4168; x_wconf 78' lang='grc' dir='ltr'><strong>ἢ</strong></span> <span class='ocrx_word' id='word_1_359' title='bbox 904 4092 1083 4180; x_wconf 87' lang='grc' dir='ltr'>διακρίσεως</span> <span class='ocrx_word' id='word_1_360' title='bbox 1103 4098 1321 4177; x_wconf 87' lang='grc' dir='ltr'>πνευμάτωνῆ</span> 
     </span>
     <span class='ocr_line' id='line_1_36' title="bbox 129 4198 1368 4300; baseline 0.001 -37"><span class='ocrx_word' id='word_1_361' title='bbox 129 4205 299 4300; x_wconf 81' lang='grc' dir='ltr'>πρόγνωσιν</span> <span class='ocrx_word' id='word_1_362' title='bbox 322 4213 382 4266; x_wconf 84' lang='grc' dir='ltr'>τῶν</span> <span class='ocrx_word' id='word_1_363' title='bbox 397 4201 564 4287; x_wconf 88' lang='grc' dir='ltr'>μελλόντων</span> <span class='ocrx_word' id='word_1_364' title='bbox 581 4207 599 4276; x_wconf 79' lang='grc' dir='ltr'>ἢ</span> <span class='ocrx_word' id='word_1_365' title='bbox 622 4203 710 4289; x_wconf 91' lang='grc' dir='ltr'>λόγον</span> <span class='ocrx_word' id='word_1_366' title='bbox 728 4201 893 4266; x_wconf 83' lang='grc' dir='ltr'>διδακτικόν</span> <span class='ocrx_word' id='word_1_367' title='bbox 910 4208 929 4276; x_wconf 75' lang='grc' dir='ltr'><strong>ἢ</strong></span> <span class='ocrx_word' id='word_1_368' title='bbox 953 4198 1141 4277; x_wconf 84' lang='grc' dir='ltr'>ἀνεξικακίαν</span> <span class='ocrx_word' id='word_1_369' title='bbox 1163 4206 1182 4275; x_wconf 79' lang='grc' dir='ltr'>ἢ</span> <span class='ocrx_word' id='word_1_370' title='bbox 1207 4205 1320 4289; x_wconf 82' lang='grc' dir='ltr'>έγκρά-</span> <span class='ocrx_word' id='word_1_371' title='bbox 1340 4223 1368 4264; x_wconf 82' lang='grc' dir='ltr'>εο</span> 
     </span>
     <span class='ocr_line' id='line_1_37' title="bbox 130 4310 1320 4398; baseline 0.001 -26"><span class='ocrx_word' id='word_1_372' title='bbox 130 4331 212 4374; x_wconf 87' lang='grc' dir='ltr'>τειαν</span> <span class='ocrx_word' id='word_1_373' title='bbox 230 4312 361 4394; x_wconf 82' lang='grc' dir='ltr'>ἔννομον.</span> <span class='ocrx_word' id='word_1_374' title='bbox 393 4319 442 4375; x_wconf 83' lang='grc' dir='ltr'>καί</span> <span class='ocrx_word' id='word_1_375' title='bbox 457 4317 519 4397; x_wconf 88' lang='grc' dir='ltr'>γάρ</span> <span class='ocrx_word' id='word_1_376' title='bbox 536 4313 683 4394; x_wconf 81' lang='grc' dir='ltr'>Μωῦσῆς,</span> <span class='ocrx_word' id='word_1_377' title='bbox 709 4315 725 4375; x_wconf 88' lang='grc' dir='ltr'>ό</span> <span class='ocrx_word' id='word_1_378' title='bbox 742 4321 795 4378; x_wconf 91' lang='grc' dir='ltr'>τοῦ</span> <span class='ocrx_word' id='word_1_379' title='bbox 821 4310 899 4376; x_wconf 88' lang='grc' dir='ltr'>θεοῦ</span> <span class='ocrx_word' id='word_1_380' title='bbox 922 4311 1104 4398; x_wconf 83' lang='grc' dir='ltr'>ἅνθρωπος,</span> <span class='ocrx_word' id='word_1_381' title='bbox 1128 4314 1158 4374; x_wconf 80' lang='grc' dir='ltr'>έν</span> <span class='ocrx_word' id='word_1_382' title='bbox 1175 4313 1320 4398; x_wconf 85' lang='grc' dir='ltr'>Αίγύπτῳ</span> 
     </span>
    </p>
   </div>
   <div class='ocr_carea' id='block_1_3' title="bbox 130 4487 1321 4603">
    <p class='ocr_par' dir='ltr' id='par_1_5' title="bbox 130 4487 1321 4603">
     <span class='ocr_line' id='line_1_38' title="bbox 212 4487 1321 4547; baseline 0.005 -18"><span class='ocrx_word' id='word_1_383' title='bbox 212 4490 301 4541; x_wconf 68' lang='grc' dir='ltr'>ῦίῦεεί.</span> <span class='ocrx_word' id='word_1_384' title='bbox 317 4491 388 4532; x_wconf 79' lang='lat' dir='ltr'><strong>mill</strong></span> <span class='ocrx_word' id='word_1_385' title='bbox 412 4494 444 4531; x_wconf 90' lang='lat'>11.</span> <span class='ocrx_word' id='word_1_386' title='bbox 462 4490 562 4532; x_wconf 79' lang='lat' dir='ltr'>Corinth.</span> <span class='ocrx_word' id='word_1_387' title='bbox 587 4493 599 4530; x_wconf 93' lang='lat'>1</span> <span class='ocrx_word' id='word_1_388' title='bbox 619 4493 659 4533; x_wconf 78' lang='lat' dir='ltr'>xiv</span> <span class='ocrx_word' id='word_1_389' title='bbox 672 4493 706 4532; x_wconf 69' lang='lat'>21.</span> <span class='ocrx_word' id='word_1_390' title='bbox 728 4513 753 4522; x_wconf 93' lang='grc'>-</span> <span class='ocrx_word' id='word_1_391' title='bbox 776 4493 801 4535; x_wconf 77' lang='grc'>18</span> <span class='ocrx_word' id='word_1_392' title='bbox 817 4487 943 4547; x_wconf 77' lang='grc' dir='ltr'>έπέριοδιιι,</span> <span class='ocrx_word' id='word_1_393' title='bbox 968 4492 1009 4534; x_wconf 71' lang='lat' dir='ltr'>ned</span> <span class='ocrx_word' id='word_1_394' title='bbox 1033 4503 1055 4533; x_wconf 83' lang='grc' dir='ltr'>αι</span> <span class='ocrx_word' id='word_1_395' title='bbox 1077 4503 1107 4532; x_wconf 90' lang='lat' dir='ltr'>m.</span> <span class='ocrx_word' id='word_1_396' title='bbox 1122 4492 1321 4544; x_wconf 55' lang='lat' dir='ltr'>pantanorum</span> 
     </span>
     <span class='ocr_line' id='line_1_39' title="bbox 130 4563 238 4603; baseline -0.019 0"><span class='ocrx_word' id='word_1_397' title='bbox 130 4563 238 4603; x_wconf 71' lang='lat' dir='ltr'>adultum.</span> 
     </span>
    </p>
   </div>
   <div class='ocr_carea' id='block_1_4' title="bbox 0 0 1578 4980">
    <p class='ocr_par' dir='ltr' id='par_1_6' title="bbox 0 0 1578 4980">
     <span class='ocr_line' id='line_1_40' title="bbox 0 0 1578 4980; baseline 0 0"><span class='ocrx_word' id='word_1_398' title='bbox 0 0 1578 4980; x_wconf 95' lang='lat' dir='ltr'> </span> 
     </span>
    </p>
   </div>
  </div>
 </body>
</html>
