3052 4974
96 569 168 644 λίας
186 564 405 649 θεραπεύων,
428 563 466 630 τὸ
482 567 767 649 συντετριμμένον
784 568 1018 650 καταθεσμοῖν,
1040 567 1132 634 τοῦτ’
1153 573 1224 636 ἔστι

95 667 132 732 τὰ
160 666 424 752 πεπλανημένον
450 662 530 750 ἦτὰ
553 661 859 754 τεθραυσμένονἠ“
885 670 901 708 *
931 671 1158 753 κατεαγμένον
1185 671 1224 738 ἐν

95 767 306 854 *ἁμαρτίαις
329 770 377 844 είς
397 771 542 852 χωλείαν
564 765 646 834 ὁδοῦ
669 770 870 852 ἐπιὸεσμύν,
894 767 949 833 διὰ
974 775 1224 858 παρακλητικῆς

95 872 111 910 *
134 873 336 952 νουθεσίας,
367 868 572 955 ἐλαφρύνων
600 869 667 936 ἀπὸ
694 870 973 954 παραπτωμάτων
1000 869 1057 936 καλ
1086 869 1223 940 εὔελπιν

94 975 216 1052 ποιεῖν,
238 972 257 1010 *
276 967 383 1048 οὕτως
400 970 574 1056 ῥωμαλέον
591 971 630 1036 ἐν
644 975 687 1056 τῇ
708 973 869 1058 ἐκκλησίᾳ
889 970 1116 1058 ἀποκαθίστα,
1140 976 1218 1040 ἐπα·
1240 991 1257 1040 5

94 1073 211 1157 νύγων
234 1070 275 1138 ἐν
295 1075 337 1157 τῇ
359 1074 494 1158 ποίμνη.
535 1072 573 1138 τό
597 1072 786 1158 ἐξωσμένου
810 1071 1007 1159 ἐπίστρεφε,
1039 1073 1130 1140 τοῦτ’
1153 1078 1223 1142 ἐστι

94 1173 131 1240 τὸ
159 1173 201 1240 ἐν
228 1171 407 1259 ἁμαρτίαις
432 1175 618 1258 γενόμενον
645 1173 703 1240 καὶ
725 1177 772 1250 είς
800 1175 990 1259 ἐπιτίμησιν
1018 1176 1222 1262 ἐκβεβλημέ-

93 1300 157 1341 νον
174 1274 221 1359 μτΙ
236 1276 304 1340 ἐωυ
324 1276 386 1354 ἔξω
406 1277 588 1360 διαμένειν,
609 1275 696 1342 ἀλλὰ
713 1277 1056 1361 προσλαμβανόμενος
1074 1278 1131 1344 καὶ
1149 1281 1223 1344 ἐπι-

92 1378 263 1462 στρέφων,
286 1375 499 1442 ἀποκαθίστα
518 1377 557 1442 ἑν
573 1381 615 1463 τῇ
635 1381 778 1464 ποίμνη,
802 1376 894 1443 τοῦτ’
911 1381 1003 1443 ἐστιν
1030 1379 1134 1467 ἐντῷ
1152 1385 1222 1468 λαῷ

91 1483 153 1563 τῆς
170 1477 315 1562 ἄμωμον
338 1477 534 1562 ἐκκλησίας·
562 1477 600 1544 τὸ
619 1480 657 1545 δὲ
678 1477 853 1556 ἀπολωλὸς
876 1480 1018 1566 ἐκζήτει,
1039 1479 1130 1547 τοῦτ’
1153 1483 1223 1548 ἔστι
1243 1498 1274 1550 10

91 1579 131 1644 τὸ
158 1576 230 1646 ὑπὸ
243 1579 399 1665 πλήθους
420 1581 701 1665 παραπτωμάτων
722 1580 845 1646 ἑαυτοῦ
867 1578 1057 1647 ἀπελπίσαυ
1077 1586 1135 1666 τῆς
1155 1600 1223 1650 σω-

91 1685 213 1767 τηρίας
233 1679 278 1765 μη
303 1679 405 1766 ἐύσης
426 1685 545 1760 τελέως
569 1680 765 1748 ἀπολέσθαι.
800 1681 838 1746 τὸ
859 1679 927 1749 ὑπὸ
949 1685 1074 1766 πολλῆς
1094 1683 1224 1763 ψύξεως

89 1779 114 1868 ἢ
144 1787 308 1868 νωχελίας
328 1783 510 1849 κάθυπνον
533 1784 718 1869 γενόμενον
740 1783 796 1849 καὶ
817 1782 874 1848 διὰ
892 1785 1012 1870 βαρέος
1032 1782 1144 1850 ὕπνου
1166 1790 1225 1870 τῆς

92 1884 220 1951 ἑαυτοῦ
250 1885 333 1969 ζωῆς
363 1885 613 1969 ἐπιλαθόμενον
643 1883 699 1950 καὶ
732 1883 867 1969 μακρὰν
896 1885 1134 1970 ύποστατῆσαν
1166 1888 1223 1972 τῆς

93 1987 185 2062 ίύίας
207 1989 366 2070 ποίμνης,
395 1983 440 2063 ύς
462 1987 519 2053 καὶ
541 1987 656 2064 λύκοις
678 1999 872 2072 περιπεσεῖν
893 1991 1000 2075 βορᾷ,
1032 1986 1075 2053 σύ
1099 1987 1222 2074 ύναζή-
1244 2005 1273 2058 15

92 2111 144 2154 πει
165 2086 225 2154 καὶ
245 2093 423 2154 νουθετῶν
444 2089 625 2174 ἐπίστρεφε
654 2088 710 2154 καί
730 2089 856 2174 νήφειν
877 2090 1065 2174 παρακάλει
1090 2090 1146 2155 καὶ
1166 2091 1222 2156 ἐλ-

91 2192 179 2256 πίδα
205 2184 408 2274 ύπόσπειρε,
437 2188 481 2275 μιΙ
506 2194 691 2276 συγχωρῶν
718 2188 810 2278 αύτῷ
834 2191 944 2274 λέγειν
972 2190 1009 2256 τὸ
1031 2188 1097 2257 ὑπὸ
1118 2196 1222 2256 τινοῖν

93 2292 276 2377 εἰρημένον
297 2289 347 2356 ὅτι
375 2290 422 2358 Τὰ
447 2290 641 2378 ἀσεβήματα
661 2289 759 2378 ἡμῶν
780 2289 837 2375 ἐφ’
860 2287 958 2376 ἡμῖν,
989 2291 1045 2357 καὶ
1064 2289 1160 2377 ἡμεῖς
1184 2296 1223 2360 ἐν

93 2390 212 2470 αὐτοῖς
232 2392 421 2478 τηκόμεθα,
443 2393 500 2458 καὶ
521 2396 591 2470 πῶς
611 2393 797 2478 ζησόμεθας
829 2395 861 2457 εί
880 2385 1007 2458 οἷόντε
1030 2383 1107 2475 οὖν,
1137 2396 1223 2459 ίὸιο-

92 2497 261 2560 ποιείσθω
278 2491 492 2571 ὀὲπίσκοπος
510 2494 549 2561 τὸ
570 2495 801 2579 πλημμέλημα,
824 2494 880 2560 καὶ
903 2495 1023 2578 λεγέτω
1046 2498 1093 2582 τῷ
1112 2492 1222 2582 ἡμαρ-
1239 2510 1273 2562 ἰο

92 2595 212 2682 τηκότι
235 2595 285 2662 ὅτι
309 2593 362 2662 Σύ
381 2597 490 2680 μόνον
512 2595 732 2681 ἐπίστροφον,
761 2593 853 2680 κάμοὶ
874 2593 934 2661 τὸν
956 2593 1043 2680 ὑπὲρ
1072 2600 1136 2662 σού
1154 2597 1222 2663 θύ-

92 2721 202 2764 νατον
221 2695 433 2781 ἀναδέξομαι,
456 2695 501 2774 ὥς
525 2695 543 2762 ὁ
563 2698 680 2782 κύριος
697 2695 759 2762 τὸν
779 2692 865 2783 ὑπὲρ
889 2695 972 2781 ἐμοῦ
993 2696 1050 2763 καὶ
1071 2698 1220 2764 πάντων.

93 2798 114 2865 ὁ
135 2798 265 2886 ποιμήν
285 2799 349 2883 γὰρ
378 2796 396 2864 ὁ
417 2797 519 2876 καλὸς
540 2795 603 2883 τήν
624 2795 738 2883 ψυχήν
764 2794 869 2864 αὐτοῦ
889 2802 1027 2884 τίθησιν
1046 2795 1131 2884 ὑπὲρ
1153 2803 1222 2865 τοῖν

92 2901 293 2986 προβάτων·
320 2897 338 2966 ὁ
362 2901 400 2966 δὲ
423 2898 592 2986 μισθωτὸς
610 2898 668 2965 καὶ
689 2897 751 2965 ούκ
774 2894 824 2965 οἷν
846 2900 982 2985 ποιμήν,
1005 2891 1047 2966 οὗ
1069 2898 1132 2966 οὐκ
1152 2903 1222 2966 ἐστι

93 3002 137 3068 τὰ
151 3001 305 3088 πρόβατα
321 3003 402 3085 ίθια,
424 3008 552 3088 θεωρεῖ
563 2999 624 3067 τὸν
637 3001 745 3067 λύκου
767 3003 966 3088 ἐρχόμενον,
989 3007 1006 3042 *
1026 3001 1082 3067 καὶ
1101 3000 1220 3085 ἀφίησι
1238 3015 1272 3064 25

93 3104 137 3172 τοὶ
157 3103 312 3189 πρόβατα
332 3103 390 3169 καὶ
408 3103 542 3188 φεύγει,
572 3102 629 3169 καὶ
651 3100 669 3168 ὁ
688 3103 790 3181 λύκος
811 3097 1066 3188 ἁρπάζειαύτύ.
1098 3101 1223 3166 είδέναι

168 3277 201 3329 18
218 3277 311 3330 Ezeeh
328 3277 371 3342 33,
394 3275 443 3344 1οΙ
459 3277 492 3328 23
509 3277 559 3329 Ioh
580 3277 619 3337 10,
641 3277 680 3328 11.
701 3277 733 3328 12

95 3450 109 3500 1
130 3441 343 3514 σοντριμμένον
360 3463 374 3498 τ
394 3445 399 3513 Ι
419 3447 432 3498 1
451 3443 639 3500 καταθέννων
655 3465 672 3498 x
691 3445 695 3513 Ι
716 3447 729 3496 l
752 3439 828 3498 ἐστιν
846 3463 864 3496 x
883 3443 887 3510 Ι
906 3447 922 3495 2
944 3433 966 3511 ἦ
986 3438 1218 3510 συντεθραυσμέ-

95 3521 687 3599 νοτττΙ2ἢτὸκατεαγμένονέν>υι
708 3524 1219 3598 Ι2τό-Ι-113ταῖς-Ι-ιτ13είς

94 3618 221 3685 χωλείαν
238 3611 311 3670 ύύού
327 3617 362 3681 >
378 3633 403 3668 w
418 3616 454 3683 13
473 3615 579 3683 χωλίαν
596 3633 613 3666 x
629 3615 632 3682 Ι
648 3617 664 3667 3
683 3607 841 3668 ἐπιδίννων
858 3620 888 3666 xt
903 3613 907 3682 Ι
927 3617 944 3664 4
962 3601 1015 3666 ούν
1031 3612 1065 3677 -Ι-
1082 3630 1101 3678 y
1116 3614 1120 3675 Ι
1135 3614 1151 3664 5
1169 3611 1220 3666 nul

93 3689 310 3769 -Ι-τιΙῧούτω
327 3693 918 3768 γττΙθἐστινκΙῖύμαρτίαωΙθέστι
936 3696 1040 3765 wllo
1058 3691 1193 3762 8ὲ>γτ
1213 3697 1217 3763 Ι

97 3789 132 3840 10
150 3783 228 3840 ἐστιν
239 3787 276 3852 x!
294 3787 324 3838 ll
343 3777 401 3838 α’πό
418 3785 533 3854 πλῆθος
551 3803 575 3837 w
590 3787 594 3851 Ι
612 3787 642 3837 ll
662 3775 782 3844 ἑαυτούς
793 3801 827 3851 γε
843 3787 847 3850 Ι
864 3786 895 3835 12
914 3778 956 3843 είς
968 3777 1047 3843 τέλος
1059 3799 1082 3832 w
1098 3780 1103 3850 Ι
1121 3783 1151 3834 13
1169 3779 1219 3834 καὶ

96 3873 150 3940 [its
170 3873 253 3924 etiam
272 3869 295 3940 t]
316 3869 472 3937 νωχαλείας
490 3889 524 3936 yz
545 3872 550 3936 Ι
575 3871 603 3922 13
622 3866 730 3937 βαρέως
748 3873 785 3924 x!
807 3869 837 3919 15
859 3867 949 3927 λίνοις
967 3885 980 3918 τ
997 3865 1001 3932 Ι
1019 3866 1050 3916 15
1068 3861 1110 3925 είς
1128 3860 1220 3933 βορὰν

93 3964 144 4024 yut
164 3954 169 4023 Ι
190 3956 223 4006 15
241 3951 275 4006 σύ
293 3945 429 4022 ἀναζήτει
447 3961 524 4020 ιγτῖ,
544 3947 733 4022 συναναζήτει
751 3972 775 4004 w
796 3955 800 4017 Ι
823 3954 853 4004 17
876 3949 1027 4018 σννχιοροίν
1045 3967 1062 4000 x
1082 3951 1086 4014 Ι
1109 3950 1139 3999 17
1162 3942 1219 4002 ὑπὸ

95 4040 185 4094 univ
200 4041 235 4105 >
251 4057 286 4105 γε
307 4042 311 4103 Ι
331 4039 363 4090 18
380 4030 463 4105 ύμοῑν
478 4055 511 4104 γι
531 4040 535 4101 Ι
559 4038 590 4089 18
607 4030 657 4104 ἐφ’
674 4044 746 4104 xyzt,
766 4030 798 4088 έν
815 4055 839 4088 w
854 4038 858 4100 Ι
875 4037 907 4088 19
926 4029 1090 4100 ἐτηκύμεθα
1107 4051 1141 4098 yz
1162 4032 1166 4099 Ι
1190 4034 1220 4086 19

96 4119 163 4178 οίύν
178 4141 210 4177 τε
228 4130 316 4191 wxyt,
340 4118 370 4176 οἱ
394 4113 474 4182 ὄντες
492 4140 507 4174 τ
528 4125 532 4187 Ι
556 4123 599 4176 20.
616 4125 647 4174 21
666 4115 833 4192 ἡμαρτικότι
847 4139 870 4172 w
891 4119 895 4187 Ι
920 4123 953 4171 22
976 4111 1155 4184 ὑποδέξομαι
1175 4135 1189 4168 z
1213 4117 1217 4182 Ι

95 4213 129 4262 22
146 4202 170 4262 ὦ
187 4212 211 4262 Υ
226 4208 231 4276 Ι
246 4211 280 4260 22
305 4201 377 4275 ἐμοῦ
393 4214 472 4275 τεμεῖ,
497 4198 588 4259 αύτού
605 4225 629 4258 w
648 4206 653 4275 Ι
673 4209 706 4260 23
724 4201 778 4273 γὰρ
796 4207 830 4270 >
847 4223 865 4272 y
881 4211 886 4267 Ι
905 4208 938 4256 24
956 4196 1095 4272 μισθοτός
1114 4219 1146 4266 w,
1165 4217 1219 4268 μη·

95 4289 209 4355 σθωτός
227 4311 242 4346 τ
259 4293 313 4358 124
332 4288 408 4345 ἐστιν
425 4311 443 4346 1
457 4292 462 4361 Ι
477 4294 510 4344 23
528 4288 622 4344 λύκων
633 4295 668 4344 W
684 4290 688 4359 Ι
703 4293 736 4342 25
754 4286 881 4344 τουτέστι
898 4284 948 4341 τὸν
967 4281 1104 4353 διάβολον
1121 4285 1156 4349 -Ι-
1173 4291 1220 4350 yzt

97 4379 156 4444 12⁷>
178 4369 304 4446 α’φείησι
321 4395 355 4440 w,
372 4369 496 4444 ἀφίησιν
513 4393 530 4428 x
