3052 4974
55 357 61 368 Ι
98 410 243 477 βεεκεε
1186 425 1226 487 73

99 579 257 658 δοξάζειν
278 580 311 661 ¹⁸,
342 577 432 656 ὅπως
452 578 497 664 μιΙ
518 568 540 666 ᾖ
564 579 602 644 ἐν
623 575 703 665 ὑμῖν
725 585 904 664 σχίσματα,
932 567 992 664 ἦτε
1011 583 1050 648 δὲ
1072 583 1110 648 ἓν
1130 587 1225 667 σῶμα

100 679 161 746 καί
188 681 226 745 ἓν
249 685 383 764 πνεῦμα
390 731 398 763 ,
432 682 687 768 κατηρτισμένοι
715 687 762 770 τῷ
790 680 882 769 αύτῷ
910 685 967 748 νοῒ
991 682 1048 749 καὶ
1076 689 1118 770 τῇ
1140 683 1225 770 αὐτῇ

100 782 221 868 γνιύμη
243 781 328 848 κατὰ
346 780 409 868 τ’τΙν
432 781 599 868 κυριακτΙν
619 783 729 849 θέσιν.
774 771 831 849 καὶ
852 784 963 849 πάντα
983 786 1047 869 μὲν
1069 782 1088 850 ὁ
1108 785 1225 852 διάκο-

101 909 162 962 νος
180 889 228 972 τῷ
249 883 421 973 ἐπισκόπφ
442 882 656 970 ἀναφερέτω,
680 882 725 962 ῦς
747 883 765 950 ὁ
785 884 918 970 χριστὸς
938 891 985 975 τῷ
1006 891 1123 974 πατρί·
1146 886 1222 953 ἀλλ’

100 985 165 1052 ὅσα
178 987 352 1052 *δύναται
371 984 543 1054 εύθννέτω
558 984 605 1052 δι’
622 985 755 1070 ἑαυτοῦ,
773 987 889 1073 λαβών
903 989 994 1074 παρὰ
1009 993 1070 1055 τοῦ
1086 989 1223 1056 έπισκό-
1241 1015 1258 1064 5

100 1111 171 1154 που
192 1087 255 1173 τὴν
277 1088 445 1168 ἐξουσίαν,
469 1084 514 1165 ῦς
537 1085 702 1176 δχριστὸς
715 1089 807 1176 παρὰ
827 1095 891 1157 τοῦ
906 1091 1031 1177 πατρὸς
1048 1089 1119 1156 *τῦ
1138 1115 1223 1176 προ-

99 1203 205 1256 νοεῖν.
252 1189 293 1256 τοὶ
321 1191 358 1256 δὲ
380 1187 551 1276 ὑπέρογκα
582 1187 600 1255 ὁ
623 1191 804 1269 ἐπίσκοπος
831 1193 982 1276 κρινέτω.
1027 1191 1116 1279 πλὴν
1138 1196 1222 1260 ἔστω

99 1288 119 1357 δ
147 1292 309 1368 διάκονος
335 1297 396 1358 τοῦ
422 1292 610 1359 ἐπισκόπου
638 1290 723 1379 ἀκού
747 1292 803 1359 καί
830 1291 1006 1379 ὀφθαλμὸς
1033 1294 1090 1361 καὶ
1117 1295 1223 1380 στόμα

100 1395 227 1478 καρδία
243 1417 280 1459 τε
298 1393 355 1460 καὶ
369 1393 470 1479 ψυχή,
493 1397 550 1460 ἵνα
570 1393 615 1479 μη
636 1385 657 1481 ᾖ
674 1393 714 1460 τὰ
735 1394 844 1462 πολλοὶ
858 1400 1031 1481 μεριμνῶν
1050 1395 1068 1464 ὁ
1084 1397 1222 1464 ἐπίσκο-

100 1518 162 1572 πος
176 1493 266 1560 ἀλλὰ
279 1496 367 1580 μόνα
385 1493 425 1561 ιδ
441 1494 646 1581 κυριώτερα,
669 1496 782 1582 ῦσπερ
797 1497 854 1564 καὶ
867 1499 885 1538 *
896 1495 1015 1583 Ἰιιθόρ
1029 1503 1076 1587 τῷ
1088 1503 1222 1586 Μυῦσῇ
1241 1525 1273 1576 10

43 1598 290 1682 λὸδιετύξατο,
319 1597 376 1664 καί
402 1595 570 1684 ἀπεδέχθη
599 1596 705 1664 αὐτοῦ
731 1596 753 1696 ἡ
779 1593 980 1684 συμβουλία.
1002 1601 1006 1688 Ι
1026 1601 1132 1667 καλὸν
1159 1601 1222 1685 μὲν

100 1691 164 1766 οῦν
186 1701 259 1766 ἐστι
282 1705 329 1787 τῷ
349 1704 531 1786 χριστιανῷ
553 1699 721 1785 ἐγκώμιον
744 1702 828 1786 πρὸς
848 1703 975 1786 μηδένα
998 1705 1087 1787 ἔχεινΙ
1112 1702 1222 1786 πράγ-

43 1827 210 1898 μματα·
236 1804 269 1867 εί
280 1803 318 1867 δὲ
336 1801 373 1868 ἐκ
395 1799 485 1879 τινὸς
508 1798 713 1888 ἐνεργείαςῆ
732 1807 920 1888 πειρασμοῦ
942 1805 1112 1890 ἐπισυμβῇ
1126 1807 1139 1888 ΙΙ
1155 1828 1222 1870 τινι

101 1909 256 1990 πρᾶγμα,
285 1905 497 1984 σπουδαζέτω
524 1905 725 1971 διαλύεσθαι
747 1902 845 1987 αύτύ,
874 1899 940 1972 νῦν
967 1907 1026 1993 δέη
1053 1909 1225 1992 βλαβῆναί

98 2032 144 2090 τι,
168 2005 291 2091 καὶμὴ
311 2007 460 2090 ἐρχέσθω
483 2005 538 2072 ἐπὶ
561 2006 736 2092 κριτήριον
758 2006 909 2074 ἑθνικόν.
942 2006 1028 2074 ἀλλὰ
1048 2011 1116 2093 μην
1137 2009 1220 2094 μηδὲ
1239 2035 1271 2086 15

97 2107 264 2193 ἀνέχεσθε
286 2105 469 2192 κοσμικοῦς
489 2107 652 2195 ἄρχοντας
671 2108 756 2175 κατὰ
778 2113 846 2175 τῶν
865 2106 1037 2196 ἡμετέρων
1052 2113 1218 2192 δικάζειν·

97 2209 153 2276 διδ
168 2209 238 2296 γὰρ
253 2209 366 2277 αύτῦν
386 2207 579 2296 ῦδιύβολος
598 2210 787 2297 ἐπιτηδεύει
807 2224 877 2290 τοῖς
896 2213 1030 2292 δούλοις
1048 2218 1109 2278 τοῦ
1122 2217 1219 2296 θεοῦ,

97 2313 154 2378 καί
177 2310 310 2389 ὄνειδος
329 2312 494 2397 ἐπεγείρει
521 2309 566 2389 ῦς
587 2311 631 2397 μη
655 2313 801 2398 ἐχόντων
825 2310 921 2399 ἡμῦν
947 2314 1007 2380 ἕνα
1030 2316 1139 2400 σοφὸν
1161 2313 1221 2380 τὸν

96 2415 294 2499 δυνάμενον
321 2411 444 2499 μεταξύ
471 2418 658 2500 βραβεῦσαι
680 2412 718 2480 τῦ
741 2417 876 2482 δίκαιον
896 2410 920 2501 ἢ
944 2413 1003 2494 τὰς
1028 2415 1220 2501 ἀντιλογίας

47 2518 267 2586 16διαλῦσαι.
288 2518 293 2600 Ι
312 2515 356 2602 μή
386 2507 449 2582 οῦν
469 2517 728 2600 γινωσκέτωσαν
755 2515 795 2583 τύ
818 2521 902 2604 ἔθνη
925 2515 984 2595 τὰς
1004 2516 1088 2604 πρὸς
1115 2516 1219 2604 ἄλλη·
1236 2543 1271 2594 ²0

96 2624 179 2696 λους
200 2615 298 2703 ὑμῶν
313 2618 497 2705 διαφοράς,
519 2619 601 2704 μη’τε
623 2617 703 2684 καθ’
726 2621 856 2685 ἑαυτῶν
870 2624 888 2661 *
901 2624 1090 2708 μαρτυρίαν
1110 2643 1219 2706 παρα-

95 2722 238 2806 δέχεσθε
266 2718 345 2799 τοῦς
372 2718 551 2804 ἀπίστους,
583 2719 667 2807 μήτε
694 2725 856 2806 κρίνεσθε
883 2720 938 2788 ἐπ’
970 2720 1099 2808 αύτῦν,
1136 2723 1219 2809 μήτε

96 2820 253 2908 ὀφείλετέ
278 2847 310 2888 τι
331 2822 463 2900 τούτοις
487 2820 571 2908 πρὸς
598 2825 795 2889 συντέλειαν
821 2819 844 2908 ἢ
866 2824 993 2910 φόρον,
1020 2823 1106 2891 ἄλλα
1134 2823 1219 2892 ύπό-

94 2927 173 2992 δοκε
202 2923 245 2991 τὰ
265 2929 436 3014 Καίσαρος
457 2930 603 3011 Καίσαρι
625 2924 682 2992 καί
706 2924 746 2991 τὰ
768 2929 829 2992 τοῦ
853 2929 939 2992 θεοῦ
959 2931 1007 3013 τχῦ
1026 2931 1115 3016 θεῷ,
1145 2919 1219 2993 οἷον

163 3118 181 3166 2
200 3117 255 3168 Gor
273 3133 293 3169 α
313 3117 337 3182 1,
357 3117 389 3168 10
403 3114 408 3185 Ι
423 3117 456 3170 23
474 3118 565 3170 Matth
582 3120 628 3182 22,
647 3118 677 3168 21

96 3287 108 3338 1
129 3283 180 3338 καλ
199 3275 339 3354 εὔχεσθαι
356 3288 390 3354 Ι-
407 3305 432 3338 w
447 3285 452 3353 Ι
469 3288 480 3338 1
500 3277 576 3348 ὅπως
593 3294 679 3356 wxyt,
701 3286 750 3341 ἵνα
768 3303 782 3339 τ
801 3288 855 3338 οἱοὶ
873 3286 975 3338 fallunt
993 3304 1036 3338 me
1055 3287 1217 3340 adversaria

96 3370 101 3438 Ι
123 3373 136 3422 1
156 3367 228 3439 ἡμῖν
245 3390 263 3423 x
285 3372 289 3435 Ι
311 3374 324 3424 1
343 3360 393 3440 η’τε
411 3379 489 3438 τγτί,
510 3371 568 3425 είτε
586 3391 609 3424 w
628 3371 634 3443 Ι
652 3377 668 3425 2
687 3371 737 3426 καλ
755 3371 881 3440 prius>
898 3375 935 3439 xl
955 3371 971 3424 3
989 3367 1075 3427 θέσιν
1091 3378 1156 3439 th,
1175 3372 1216 3426 δι-

95 3457 259 3509 δασκαλίαν
276 3474 310 3522 γε
337 3455 342 3524 Ι
368 3448 468 3509 4οἷλλ’
485 3465 546 3522 th,
566 3456 616 3510 καλ
634 3475 668 3525 γι
688 3459 692 3524 Ι
712 3459 729 3510 5
748 3453 780 3511 δέ
797 3459 831 3525 Ι-
849 3464 861 3509 t
881 3457 886 3526 Ι
904 3458 921 3509 5
940 3451 1047 3511 δύνατε
1065 3477 1089 3510 w
1102 3457 1108 3526 Ι
1123 3457 1140 3510 δ
1158 3477 1216 3527 χρι-

95 3537 160 3601 στὸς
177 3559 263 3608 wxyz,
282 3536 382 3607 κύριος
398 3549 411 3594 t
430 3547 435 3602 Ι
459 3539 525 3594 διδ
545 3542 734 3612 δημιουργεῖν
750 3544 784 3609 Ι-
801 3549 847 3610 yzt
866 3545 870 3608 Ι
890 3545 906 3593 7
925 3537 956 3596 δ’
974 3551 987 3595 1
1006 3545 1010 3608 Ι
1037 3536 1217 3611 ’λῦπέρογκα

95 3632 158 3692 th,
178 3626 297 3693 μείζονα
313 3645 348 3694 γι
364 3627 399 3691 18
417 3627 468 3681 τοῦ
484 3630 519 3693 >
536 3645 550 3679 τ
565 3627 570 3694 Ι
585 3628 602 3679 8
619 3625 670 3680 καὶ
687 3635 831 3696 utrumque
848 3629 883 3693 >
899 3646 924 3681 w
939 3627 943 3697 Ι
958 3631 975 3681 9
992 3619 1012 3699 η’
1029 3637 1102 3696 xyzt,
1123 3628 1152 3686 ελ
1168 3649 1192 3682 w
1210 3629 1214 3702 Ι

96 3711 129 3762 10
145 3707 299 3778 κοριύτερα
316 3729 355 3764 wz
376 3714 380 3777 Ι
402 3713 434 3764 10
452 3705 468 3764 ὁ
485 3712 519 3780 -Ι-
535 3719 582 3779 yzt
602 3713 606 3778 Ι
630 3715 662 3765 10
679 3707 771 3779 ίιύθορ
789 3731 820 3780 x,
840 3709 931 3783 ίοθῦρ
949 3733 996 3782 γε,
1018 3711 1120 3785 Ιαθδρ
1138 3723 1168 3782 11
1188 3721 1218 3772 10

93 3797 175 3864 mori
191 3815 219 3862 x,
237 3798 364 3850 Μανσεῖ
376 3804 388 3848 t
403 3799 407 3865 Ι
425 3799 453 3849 11
473 3791 619 3866 συμβουλή
636 3815 661 3849 w
683 3799 687 3862 Ι
710 3799 739 3849 12
759 3791 835 3851 ἐστιν
852 3797 889 3868 εΙ
906 3802 937 3852 12
956 3793 1107 3868 ἐγιύσμιοε
1125 3821 1148 3854 w
1164 3803 1169 3870 Ι
1185 3806 1217 3856 12

93 3876 149 3947 πρὸ
169 3899 184 3935 ι
200 3882 205 3950 Ι
222 3883 306 3936 1213
324 3883 442 3950 πρᾶγμα
461 3897 485 3934 w
506 3881 510 3942 Ι
534 3883 563 3935 13
582 3879 707 3944 ἔκτεινας
723 3902 741 3936 x
758 3887 799 3936 ίιε
820 3887 994 3938 coniunctum
1016 3885 1019 3952 Ι
1041 3887 1073 3940 13
1091 3881 1217 3958 ἐπλαμβῆ

92 3967 180 4033 γ113
195 3983 262 4019 τινα
282 3985 295 4018 z
317 3965 321 4035 Ι
342 3968 374 4020 15
393 3961 522 4035 ἐθνηιιόν
539 3985 564 4020 τι
584 3968 588 4034 Ι
612 3969 643 4021 16
660 3963 819 4036 α’νέχεσθαι
837 3989 861 4020 w
882 3971 885 4038 Ι
906 3970 938 4022 16
956 3961 1101 4039 ῦμετέρων
1117 3973 1161 4040 w}
1185 3974 1215 4024 17

94 4044 259 4120 ἐπιτηδεύει
278 4059 345 4116 th,
365 4045 517 4120 ἐφεδρεύει
534 4071 568 4120 yz
596 4054 600 4117 Ι
630 4054 659 4105 17
683 4057 792 4123 virgula
809 4062 872 4124 post
890 4056 965 4109 θεοῦ
981 4057 1015 4120 >
1033 4075 1056 4108 w
1083 4054 1088 4123 Ι
1116 4057 1148 4108 18
1165 4055 1216 4110 καὶ

92 4137 127 4200 >
143 4155 167 4188 w
193 4137 199 4205 Ι
227 4136 261 4188 18
283 4131 423 4204 ἐπεγείρει
442 4141 476 4203 >
493 4157 531 4204 τε,
557 4133 725 4208 ἐπιφέρειν(
750 4143 754 4205 Ι
781 4142 814 4193 19
835 4141 967 4208 δίκιονγ
989 4143 1148 4194 nonhabet
1166 4143 1215 4194 sed

92 4223 201 4275 videtur
218 4224 324 4274 habere
340 4224 344 4289 Ι
359 4224 393 4276 20
410 4219 445 4276 τὰ
463 4225 497 4288 >
515 4241 529 4276 τ
545 4225 549 4294 Ι
564 4226 598 4276 20
614 4221 667 4286 τύς
684 4245 772 4294 wxyz,
797 4223 832 4278 τὰ
854 4231 865 4278 1
885 4229 889 4291 Ι
908 4228 939 4279 21
961 4222 1003 4286 είς
1019 4227 1053 4292 Ι-
1071 4233 1082 4276 t
1102 4225 1105 4292 Ι
1125 4225 1166 4278 21.
1181 4227 1216 4278 22

91 4304 317 4376 παραδέχεσθαι
334 4326 358 4358 w
378 4308 382 4373 Ι
402 4311 435 4359 22
455 4302 501 4360 ἐπ’
520 4317 591 4376 xyzt,
610 4303 661 4362 ὑπ’
682 4329 705 4362 w
725 4311 730 4378 Ι
750 4313 783 4363 23
802 4303 947 4379 ὀφειλέται
966 4328 990 4360 w
1006 4310 1010 4375 Ι
1024 4311 1058 4362 23
1075 4327 1103 4362 τι
1119 4311 1154 4374 >
1172 4329 1188 4363 x
1209 4311 1213 4376 Ι

95 4393 128 4448 23
146 4387 243 4462 φόβαν
260 4399 308 4458 γει
322 4391 328 4464 Ι
342 4395 376 4444 24
393 4394 527 4460 καίσαροι
546 4411 561 4448 τ
