3160 4976
144 385 193 454 46

85 557 125 639 κβ
146 560 341 644 Ὀρτισιανδς
365 563 426 622 ἀπὸ
451 557 622 643 Λαβοὺρης
643 559 738 620 εἶπεν·
759 546 914 640 Ὄψονται
931 563 960 621 οἱ
975 564 1116 644 αίρετικοί
1132 565 1182 621 καί
1199 565 1228 623 οί
1243 569 1338 632 συνη-

142 689 228 752 γοροι
245 678 305 729 τῶν
323 671 498 752 αίρετικῶν·
516 673 604 749 ἡμεῖς
620 668 649 727 ἓν
661 664 836 748 βάπτισμα,
854 669 926 752 ὅπερ
944 671 974 728 ἐν
991 667 1189 748 τῄἐκκλησίᾳ,
1200 667 1335 750 οῖδαμεν·

143 785 229 836 τοῦτο
246 789 282 855 τῇ
301 774 439 854 ἐκκλησίᾳ
456 774 636 856 ἐκδικοῦμεν.
662 782 729 844 πῶς
747 773 877 836 δῦναται
900 779 929 836 ἐν
947 779 1072 857 δνάματι
1093 787 1220 860 χριστοῦ
1242 776 1338 857 λέγειν

8 951 9 964 ,
142 885 296 954 ἐναντίους
313 891 440 966 χριστοῦ
457 881 550 952 εἶναι;

8 973 9 984 ¹
86 1011 124 1070 κγ
142 991 259 1061 Κάσιος
275 993 335 1051 ἀπὸ
348 990 501 1072 Κομοίζων
515 989 604 1050 εἶπεν·
622 989 747 1060 Ἐπειδὴ
757 989 810 1052 δύο
824 989 1029 1073 βαπτίσματα
1042 991 1117 1052 εἶναι
1131 994 1165 1052 οῦ
1176 990 1333 1055 δύνανται.
1368 1007 1383 1046 ο

142 1100 158 1160 ὁ
175 1107 347 1181 συγχωρῶν
371 1107 436 1167 τοῖς
457 1101 618 1180 αίρετικοῖς
639 1094 803 1178 βάπτισμα
821 1100 929 1158 ἑαυτὸν
947 1107 1000 1158 τοῦ
1018 1096 1239 1180 βαπτίσματος
1256 1102 1335 1160 ἀπο-

142 1215 250 1288 στερεῖ·
266 1201 304 1265 δι’
316 1205 471 1289 δέπικυρῶ
486 1204 632 1274 ἀσθενεῖς
643 1225 675 1264 τε
686 1211 736 1266 καί
746 1199 900 1277 ἐξιτήλους
911 1211 983 1275 τοὺς
993 1209 1162 1288 αίρετικοῦς
1174 1204 1334 1288 βαπτίζειν

142 1309 219 1390 δεῖν,
244 1314 318 1373 ὅταν
340 1314 417 1395 πρὸς
433 1317 486 1380 τὴν
505 1310 660 1380 ἐκκλησίαν
685 1313 853 1395 ἐρχωνται,
878 1319 928 1373 καί
944 1312 1023 1390 θείῳ
1040 1319 1090 1372 καί
1109 1315 1189 1395 ἁγίῳ
1215 1312 1332 1396 λοῦτρῳ

140 1418 348 1501 λουσαμίυους
373 1424 423 1480 καί
451 1425 529 1504 φωτί
553 1429 609 1489 τῆς
636 1419 721 1492 ζωῆς
743 1419 962 1504 φωτισθέντας
987 1423 1021 1480 οιί
1043 1418 1221 1499 πολεμίους,
1253 1419 1332 1482 ἀλλά

140 1529 320 1610 εἰρηνικοὺς,
347 1525 416 1588 οῦδὲ
438 1533 497 1614 μὴν
521 1525 714 1609 ἀλλοτρίους,
740 1525 819 1588 ἀλλά
837 1537 873 1606 τῇ
890 1532 986 1587 πίστει
1003 1537 1055 1588 τοῦ
1072 1533 1174 1611 κυρίου
1198 1530 1333 1604 σίκείους,
1355 1544 1381 1580 ¹⁰

141 1637 174 1694 οῦ
190 1634 317 1710 νόθους,
335 1632 413 1695 ἀλλά
430 1641 484 1694 τοῦ
500 1633 577 1695 θεοῦ
595 1637 689 1708 υίοίις,
708 1633 801 1694 ου’κέτι
819 1633 964 1711 πλάνους,
983 1633 1061 1697 ἀλλὰ
1078 1646 1136 1705 τῆς
1152 1635 1235 1707 ζωῆς
1251 1655 1335 1715 γινο-

139 1744 250 1821 μένους
266 1742 309 1810 είς
327 1746 379 1810 τὴν
396 1729 551 1812 ἐκκλησίαν
568 1737 798 1824 ὑποδέχεσθαι,
823 1749 921 1825 χωρίς
937 1748 1051 1803 τοῦτων
1069 1747 1123 1823 μίν
1140 1755 1176 1822 τη·
1193 1742 1334 1820 ἐκκλησίᾳ

140 1859 254 1910 πιστῶν
267 1848 509 1932 πτερνισθέντων
531 1853 581 1909 καί
603 1850 733 1917 ἑαυτοὺς
752 1855 795 1924 τῷ
816 1852 912 1910 σκότει
924 1861 980 1919 τῆς
990 1853 1138 1934 αίρέσεως
1148 1848 1333 1934 προδόντων,

141 1957 194 2027 οὓς
211 1955 258 2017 δεῖ
271 1956 502 2025 ἐπανελθόντας
519 1959 595 2036 μόνῃ
613 1965 649 2034 τῇ
666 1955 896 2037 χειροεπιθεοίᾳ
913 1953 1163 2040 προσλαβέσθαι.

84 2063 123 2126 κδ
142 2063 335 2148 ’λανουοίριος
358 2066 419 2125 ἀπὸ
442 2060 583 2143 Οῦβίβου
607 2061 697 2122 εἶπεν·
725 2063 764 2124 Ec
785 2069 827 2144 μὴ
851 2063 1115 2146 συγκατατίθεται
1137 2069 1156 2134 ἡ
1180 2063 1280 2133 πλάνη
1297 2075 1334 2143 τῇ
1355 2079 1381 2118 ¹⁵

141 2171 288 2250 ἀληθείᾳ,
306 2170 380 2233 πολὺ
396 2167 510 2252 μᾶλλον
527 2175 545 2240 ἡ
562 2168 740 2238 ἀλὴθειαοῦ
758 2171 1022 2251 συγκατατίθεται
1040 2183 1075 2250 τη
1093 2169 1202 2252 πλάνῃ.
1220 2178 1269 2232 καί
1283 2169 1335 2232 διὰ

140 2287 227 2340 τοῦτο
244 2283 332 2359 ἡμεῖς
355 2278 569 2360 συνιστάμεθα
601 2289 637 2358 τῇ
660 2276 816 2357 ἐκκλησίᾳ,
840 2281 870 2338 ἐν
887 2277 906 2359 ᾗ
923 2283 972 2339 καί
988 2277 1334 2363 προκαθηδράσθημτν,

140 2387 190 2448 ἵνα
207 2391 240 2448 τὸ
258 2385 424 2469 βάπτισμα
438 2388 515 2465 αὐτῇ
530 2388 625 2466 ἑαυτῇ
639 2389 716 2467 μόνη
733 2383 918 2455 ἐκδικοῦντες
930 2388 1001 2456 τοὺς
1018 2388 1048 2446 ἐν
1063 2389 1141 2466 αῦτη·
1157 2392 1200 2468 μὴ
1218 2385 1335 2469 βαπτι-

141 2494 281 2564 σθέντας
298 2493 510 2576 βαπτίσωμεν.

84 2623 122 2662 κε
140 2599 335 2670 Σεκουνδῖνος
352 2600 413 2661 ἀπὸ
429 2598 564 2662 Κάλπων
583 2582 676 2662 είπτνΙΙ
688 2601 835 2684 Αίρετικοί
851 2607 1022 2684 χριστιανοί
1039 2604 1141 2671 είοινῆ
1159 2603 1204 2662 οὔ.
1222 2600 1249 2659 εί
1264 2617 1330 2682 χρι·
1352 2619 1380 2658 το

140 2713 255 2769 στιανοί
268 2710 333 2786 είσι,
352 2705 403 2768 διὰ
420 2713 448 2767 τί
464 2709 496 2768 ἐν
513 2718 549 2787 τῇ
567 2706 706 2786 ἐκκλησίᾳ
722 2717 774 2768 τοῦ
786 2707 864 2769 θεοῦ
877 2711 930 2770 οὖν
942 2712 1029 2780 εἰσιν;
1047 2710 1073 2768 εί
1085 2707 1118 2769 δὲ
1134 2714 1177 2789 μὴ
1194 2727 1335 2792 χριστια-

139 2819 183 2874 νοί
200 2816 265 2893 είσι,
284 2812 498 2895 γενέσθωσαν.
517 2818 536 2884 ἢ
553 2823 610 2876 ποῦ
628 2819 707 2891 μένει
725 2817 740 2876 ὁ
757 2815 848 2898 λόγος
864 2825 917 2877 τοῦ
933 2817 1012 2878 θεοῦ
1028 2815 1181 2898 λίγσντος·
1200 2816 1216 2875 ὁ
1232 2820 1274 2896 μὴ
1292 2816 1334 2874 ὢν

139 2917 205 3002 μετ’
215 2923 289 3002 ἐμοῦ
301 2918 452 3002 κατ’ὲμοῦ
461 2923 523 2982 ἐστι
535 2927 584 2982 καί
594 2924 609 2983 δ
619 2928 661 3002 μὴ
672 2926 817 3003 συνάγων
824 2919 890 3004 μετ’
899 2925 973 3005 ἐμοῦ
982 2922 1148 3006 σκορπίζεις
1159 2922 1233 2984 ὅθεν
1243 2920 1331 2992 δῆλόν

139 3029 217 3087 ἐστιν
231 3029 334 3088 ἐπάνω
349 3033 422 3089 υίῶν
440 3027 604 3111 ἀλλοτρίων
611 3034 661 3091 καί
669 3029 989 3114 σποράςσίντιχρίστου
998 3029 1049 3092 διὰ
1057 3028 1331 3112 μάνηςχειρεπιθε-

140 3139 210 3205 σίας
219 3140 261 3215 μὴ
271 3133 526 3217 δῦνασθαιάγιον
534 3145 653 3216 πνεῦμα
663 3135 834 3216 κατελθεῖν,
845 3142 1001 3220 αίρετικοῖν
1011 3136 1175 3220 βάπτισμα
1185 3139 1331 3218 ἐχόντων.
1350 3156 1378 3194 ω

80 3265 121 3313 κς
141 3244 341 3326 Οῦῖκτωρῖνος
358 3245 418 3304 άπδ
433 3240 634 3326 Θαμβράκων
651 3243 739 3306 εἶπεν·
758 3245 797 3305 El
811 3241 903 3318 ἔξεστι
921 3255 985 3316 τοῖς
1003 3249 1162 3329 αίρετικοῖς
1179 3242 1330 3325 βαπτίσαι

138 3355 189 3409 καί
205 3351 313 3436 ἅρεσιν
330 3352 491 3432 ἁμαρτιῶν
516 3348 637 3429 δοῦναι,
663 3359 691 3412 τί
715 3355 816 3414 αὐτῶν
840 3351 1122 3434 καταψευδόμεθα,
1149 3355 1199 3413 ίνα
1217 3355 1331 3421 αῦτοῦς

140 3459 306 3539 αίρετικοῦς
323 3459 537 3539 δνομοίοωμενς

8 3563 9 3570 '
84 3562 125 3634 κζ
139 3561 251 3633 Ἀλλος
281 3558 371 3636 Φίλιξ
396 3565 457 3626 ἀπὸ
483 3565 596 3637 Θυὶνης
624 3567 719 3628 εἶπεν·
753 3565 862 3638 Οὐδείς
892 3566 1026 3641 διστάζει
1050 3573 1103 3636 τὴν
1127 3566 1327 3650 ἀνθρωπίνην

139 3669 304 3745 ἀλαζονίαν
326 3677 375 3733 καί
398 3675 563 3757 ὑπεροψίαν
585 3681 627 3756 μὴ
652 3685 793 3737 τοσοῦτον
817 3674 976 3738 δύνασθαι
998 3677 1067 3736 ὅσον
1085 3681 1139 3744 τὴν
1156 3683 1209 3736 τοῦ
1225 3680 1329 3756 κυρίου
1348 3693 1376 3733 ω

137 3782 223 3860 ἡμῶν
255 3779 357 3848 Ἰησοῦ
386 3789 514 3864 χμιστοῦ
544 3784 682 3851 ἀνίκητον
714 3782 950 3866 μεγαλειότητα.
983 3787 1166 3864 μεμνημένοι
1194 3781 1245 3841 οὖν
1275 3789 1329 3841 τοῦ

220 3904 230 3941 1
241 3897 373 3954 Ορτηιιιανδε
384 3903 408 3942 Ρ.
419 3923 445 3932 -
457 3900 582 3956 Λαβοὺρνης
597 3903 644 3944 ιῖπι
654 3907 679 3944 Ρ.
690 3927 717 3936 -
732 3908 751 3946 1.
763 3902 1028 3959 1Ὂψονταοεναίρετικιῑιν
1038 3915 1064 3945 ιν
1073 3906 1099 3944 P.
1110 3923 1137 3934 -
1147 3907 1159 3944 1
1171 3901 1212 3943 Καί
1227 3901 1292 3956 ἡμεῖς
1302 3903 1328 3942 Ρ.

138 3994 165 4002 -
179 3975 199 4014 1.
210 3975 224 4013 4
237 3971 363 4018 numam
372 3985 397 4014 ιν
405 3976 430 4014 Ρ.
446 3995 472 4004 -
486 3977 499 4015 5
515 3972 623 4026 Κομαζῶν
638 3979 663 4016 Ρ.
674 3997 701 4007 -
712 3973 774 4019 Ἐπεὶ
788 3979 814 4018 Ρ.
830 3999 857 4008 -
871 3975 959 4018 δύναται
974 3980 998 4017 Ρ.
1010 3999 1036 4008 -
1057 3978 1068 4016 ῖ
1084 3973 1256 4021 &Pudet-rufa:
1265 3986 1292 4016 τυ
1302 3977 1327 4014 Ρ.

137 4067 164 4074 -
178 4046 240 4085 1ν11
254 4057 289 4084 και
304 4042 529 4100 1.-ιιίιποδῖχισῠαιιν
540 4049 564 4087 Ρ.
576 4068 602 4077 -
614 4050 645 4088 11.
657 4050 683 4088 11
692 4049 761 4103 χωρίς
775 4047 820 4090 τῶν
834 4052 875 4101 τῆς
888 4048 1004 4101 ἐκκλησίας
1018 4047 1063 4090 τῶν
1077 4047 1159 4092 πιστῶς
1172 4044 1328 4102 χωρισθέντων

137 4115 173 4154 καί
189 4114 206 4155 i.
222 4117 248 4156 P.
263 4137 290 4146 -
306 4119 332 4157 14
345 4114 472 4174 χιιροῦισίιρ
486 4121 511 4158 Ρ.
529 4139 555 4149 -
571 4121 597 4160 11
613 4116 748 4174 ίαννουάριος
761 4122 787 4160 P.
802 4141 830 4151 ·-
844 4119 932 4172 οίιβικοῦ
951 4121 976 4160 Ρ.
992 4117 1182 4160 -11πολλῦίῖ,
1199 4141 1225 4150 -
1244 4117 1279 4160 πλ.
1295 4115 1329 4159 διὸ

137 4188 174 4226 καί
189 4187 213 4226 Ρ.
224 4207 250 4216 -
266 4189 290 4227 17
301 4187 687 4245 τοῦτοωΡ.-προιιιεῖδμίσ1ημιν
697 4190 1081 4237 11.-τ1ε»ίτ1ιιοῦντεειυΡ.-1ο
1091 4187 1113 4232 Σ.
1125 4189 1186 4232 ὁὰπὸ
1196 4187 1290 4232 Κιλπιῖιν
1302 4191 1338 4232 Ρ.“

138 4256 231 4312 Καρπῶν
246 4270 267 4308 ς.
283 4281 310 4290 -
319 4259 480 4317 Αίρετικοίιινοῡ
490 4275 516 4306 ιν
525 4264 549 4302 Ρ.
561 4285 588 4294 -
602 4266 627 4304 11
643 4263 696 4304 ιίοιν
705 4263 727 4306 οί
736 4263 849 4318 αίρετικοί,
865 4263 900 4306 διὰ
910 4267 935 4306 Ρ.
951 4287 978 4296 -
994 4267 1020 4306 11
1034 4260 1170 4321 γινίσδυνσαν
1184 4264 1210 4303 Ρ.
1226 4285 1253 4294 -
1267 4261 1329 4316 μίειι

137 4341 186 4371 meo
200 4333 300 4380 periculo
316 4335 409 4384 ιοτ1με1,
429 4333 498 4376 ιλίνιι
511 4336 542 4376 11.
558 4357 584 4366 -
604 4337 682 4376 nuth.
698 4339 736 4377 ινί
751 4337 785 4377 10.
805 4357 832 4368 -
855 4338 933 4378 11.11
951 4332 1042 4389 ῆψδῦεν
1056 4349 1082 4378 ιν
1095 4339 1121 4377 Ρ.
1136 4357 1163 4366 -
1184 4339 1211 4376 14
1230 4332 1267 4375 οῦν
1285 4345 1328 4386 pro

137 4401 194 4444 ἐστιν
204 4403 229 4442 Ρ.
240 4423 267 4434 -
277 4405 312 4444 11.
327 4406 353 4446 1ῦ
367 4402 504 4459 χειροδιείαε
518 4418 540 4456 ς.
555 4428 581 4437 -
596 4409 622 4448 11
636 4405 825 4462 αίρετ.·ειῖχόντιιιν
838 4420 865 4451 ιν
879 4411 904 4449 Ρ.
919 4431 946 4440 -
960 4411 988 4450 11
1003 4405 1140 4462 Οῦικτιρῖνος
1153 4409 1179 4458 Ρ,
1195 4409 1234 4448 τοῦ
1254 4409 1327 4456 gd.

136 4495 164 4504 -
177 4470 284 4526 Θιιβάκυιν
294 4477 319 4526 Ρ,
335 4473 455 4528 Θιβράκιυν
465 4487 492 4527 ς,
508 4473 632 4532 Βτθράκων
646 4480 707 4519 1.-
721 4483 746 4520 11
762 4481 798 4522 καί
813 4475 874 4537 ἅγιον
888 4480 971 4532 πνεῦμα
986 4478 1059 4522 δοῦντι
1073 4480 1109 4522 καί
1124 4477 1199 4533 ἄφεσιν
1214 4476 1327 4534 ἁμαρτιῶν

138 4559 158 4586 τι
168 4547 194 4586 Ρ.
205 4567 231 4576 -
247 4548 273 4586 11
287 4541 358 4599 Φίληξ
371 4548 397 4588 P.
413 4567 439 4578 -·
454 4550 481 4590 11
495 4545 614 4600 ohtam.
631 4553 665 4602 11,
681 4555 691 4591 1
707 4552 783 4606 κυρίου
792 4564 818 4592 (ν
827 4554 854 4592 Ρ.
1050 4573 1052 4578 ·
