3128 4972
657 461 874 524 ..ῃ-

156 627 227 693 dies
250 626 485 712 jejunabatur,
514 648 574 712 per
602 649 685 712 quos
713 628 793 693 olim
816 629 980 695 Dominus
1008 637 1124 696 noster
1152 629 1187 696 in
1214 633 1367 718 sepulcro

157 746 329 831 quieverat
336 770 346 825 ;
384 753 568 832 posteaque
605 747 760 834 Dionysii
796 749 1016 816 Alexandrini
1051 751 1257 837 temporibus
1294 760 1369 819 tota

156 867 340 932 hebdomas
369 867 546 932 memoriae
575 868 738 953 passionis
769 869 895 934 Christi
923 878 1116 936 consecrata
1145 878 1208 938 est.
1254 877 1368 957 Atque

156 987 234 1052 hinc
258 986 357 1052 etiam
374 988 501 1052 iactum
524 996 587 1068 est,
611 997 650 1054 ut
666 989 731 1054 duo
755 988 806 1054 illi
821 989 875 1054 vel
894 1013 953 1056 sex
969 991 1050 1071 dies,
1076 990 1133 1076 qui
1154 992 1368 1058 resurrectio-

155 1107 207 1171 nis
231 1107 321 1172 diem
347 1109 609 1189 antecedebant,
638 1108 708 1175 dies
731 1110 901 1195 paschatis
924 1111 1191 1190 nominarentur;
1220 1111 1254 1176 id
1278 1113 1368 1198 quod

155 1228 244 1311 apud
273 1228 497 1293 Athanasium
525 1234 561 1293 et
589 1229 811 1315 Epiphaniam
838 1231 1058 1296 invenimus¹.
1106 1231 1191 1296 Cum
1218 1231 1305 1298 enim
1333 1233 1368 1299 hi

156 1347 227 1412 dies
250 1347 427 1414 memoriae
451 1349 689 1414 immolationis
705 1350 843 1431 Christi,
868 1350 938 1416 veri
960 1351 1067 1416 nostri
1090 1351 1167 1436 agni
1188 1351 1374 1438 paschalis,

157 1467 345 1533 consecrati
373 1475 502 1548 essent,
539 1469 627 1534 haud
654 1469 863 1536 incommode
893 1492 972 1536 sane
1001 1471 1161 1556 appellati
1189 1479 1267 1536 sunt
1296 1472 1368 1537 dies

155 1588 342 1674 paschales.
375 1589 476 1687 Inter·
493 1611 576 1674 quos
598 1589 759 1676 imprimis
783 1615 878 1669 unus,
902 1611 1097 1677 parasceves
1117 1591 1199 1670 dies,
1223 1593 1367 1656 excelle·

155 1709 225 1788 bat,
251 1707 372 1794 quippe
396 1732 461 1794 quo
481 1710 644 1776 Dominus
663 1717 777 1775 noster
799 1719 942 1776 mortem
964 1703 1138 1788 subiisset3
1164 1732 1264 1795 quare
1287 1711 1367 1775 'Per-

155 1829 317 1894 tullianus
340 1829 381 1894 de
404 1851 469 1894 uno
492 1837 625 1894 tantum
648 1830 701 1894 die
723 1831 874 1915 paschali
896 1829 1044 1915 loquitur
1066 1831 1119 1915 (de
1143 1837 1227 1896 orat.
1251 1853 1281 1896 c.
1305 1834 1364 1897 182

156 1948 208 2014 die
226 1950 382 2035 paschae,
408 1971 472 2034 quo
490 1949 673 2014 communis
697 1959 731 2016 et
748 1951 841 2035 quasi
856 1951 991 2035 publica
1008 1951 1128 2037 jejunii
1146 1951 1262 2036 religio
1287 1953 1364 2037 est).

155 2069 317 2134 Videmus
340 2069 459 2154 igitur,
487 2053 554 2134 non
576 2071 684 2134 solum
708 2071 957 2136 resurrectionis
981 2071 1083 2151 diem,
1112 2079 1151 2137 nt
1174 2094 1238 2156 quo
1263 2093 1366 2138 coena

154 2189 323 2273 paschaiis
351 2190 588 2271 celebraretur,
621 2191 680 2256 sed
715 2191 817 2256 etiam
848 2191 918 2256 dies
952 2191 1206 2271 antecedentes,
1241 2199 1280 2255 ut
1309 2191 1365 2276 qui

154 2309 332 2374 memoriae
361 2310 524 2396 passionis
548 2310 675 2376 Christi
697 2311 800 2376 dicati
829 2318 958 2392 essent,
987 2312 1174 2397 appellatos
1198 2333 1269 2376 esse
1292 2310 1363 2374 dies

155 2429 341 2516 paschales.
387 2430 454 2494 Illa
485 2437 613 2510 autem,
647 2453 730 2516 quae
758 2454 846 2496 nunc
877 2432 919 2497 ab
952 2431 1105 2496 omnibus
1134 2432 1203 2496 iere
1230 2438 1365 2516 recepta

155 2558 243 2629 sunt,
269 2549 414 2628 nomina,
439 2546 540 2630 πάσχα
557 2547 759 2630 occassionem
782 2561 817 2616 et
839 2549 941 2632 πάσχα
960 2549 1169 2631 decoriamus,
1193 2551 1362 2617 veteribus

155 2669 315 2734 ecclesiae
345 2668 563 2754 scriptoribus
592 2671 726 2755 prorsus
757 2671 875 2755 ignota
901 2678 980 2734 sunt
987 2694 997 2748 ;
1032 2693 1069 2736 ac
1098 2671 1254 2736 videntur
1281 2670 1364 2735 mihi

154 2789 393 2855 recentioribus
417 2790 551 2854 domum
573 2790 780 2876 temporibus
803 2813 824 2855 a
846 2790 924 2856 viris
948 2790 1056 2856 doctis
1080 2813 1152 2857 esse
1174 2790 1322 2856 inventa.

239 3149 453 3234 investigata
473 3149 562 3234 jam,
593 3150 702 3234 quoad
730 3173 789 3236 per
812 3150 955 3215 fontium
983 3149 1204 3234 exiguitatem
1225 3148 1362 3231 licebat,

155 3271 327 3355 utriusque
357 3279 392 3334 et
420 3270 591 3334 orientalis
619 3276 654 3334 et
682 3269 899 3335 occidentalis
928 3267 1177 3334 consuetudinis
1201 3291 1301 3335 causa
1327 3276 1363 3336 et

155 3399 273 3454 natura
295 3391 530 3455 adumbremus
548 3390 694 3456 breviter
717 3390 818 3454 etiam
835 3389 1143 3470 controversiarum,
1169 3412 1252 3476 qnae
1275 3389 1363 3456 inter

156 3511 326 3595 utriusque
350 3509 541 3576 defensores
571 3517 705 3574 exortae
728 3518 823 3590 sunt,
853 3509 1036 3574 historiam.
1083 3514 1197 3595 Atque
1219 3496 1361 3598 primuni

157 3630 288 3714 quidem
311 3632 352 3695 de
375 3639 515 3715 utroque
531 3631 599 3695 ritu
615 3630 821 3716 disputatum
837 3639 900 3711 est,
926 3651 1000 3695 cum
1016 3633 1232 3697 Pcnrcanrcs
1248 3633 1361 3716 Smyr·

155 3751 266 3815 nensis
294 3754 438 3817 Anlcnrr
469 3751 598 3824 visendi
631 3773 730 3816 causa
760 3752 901 3817 Romam
932 3752 1078 3817 venisset
1089 3752 1112 3817 ².
1159 3751 1204 3816 Hi
1236 3759 1360 3831 autem,

156 3892 354 3955 quamquam
377 3879 495 3935 neuter
519 3871 560 3935 ab
584 3871 689 3934 altero
714 3879 900 3936 commotus
924 3881 991 3952 est,
1016 3879 1055 3936 ut
1078 3895 1097 3936 a
1120 3869 1360 3936 consuetudine

157 4013 214 4070 sua
229 3989 417 4070 desisteret,
434 3997 547 4056 tamen
563 3989 729 4056 amicitiae
744 3989 878 4057 vincula
888 3981 1072 4058 discindere
1087 3993 1282 4068 noluerunt;
1301 3973 1360 4055 sed

241 4266 251 4300 ²
275 4272 346 4331 vid.
363 4290 453 4350 supra
468 4293 497 4351 p.
515 4275 533 4331 8
549 4292 594 4350 sq.

241 4350 252 4384 ²
276 4358 393 4442 Euseb.
404 4359 446 4416 Η.
463 4359 499 4416 Ε.
517 4358 554 4432 V,
569 4361 620 4432 24,
637 4361 677 4420 16
693 4379 737 4437 sq.
