2994 4972
83 405 97 442 ε
118 391 222 442 14-16
1142 407 1204 468 145

81 553 279 642 ἀναβοήσας
301 550 374 622 εἶπε
393 557 442 644 τῷ
463 557 564 644 πατρὶ
580 559 647 624 Θεέ
657 579 724 644 μου
744 560 808 626 θεέ
825 584 910 646 μου,
933 563 1025 628 ίνατί
1041 587 1084 648 με
1104 563 1204 648 ἐγκα-

80 659 231 735 τέλιπεςς
253 659 310 724 καί
325 655 396 742 μετ’
417 656 534 742 ὀλίγον
555 660 680 746 κράξας
698 666 799 748 φωνῇ
819 663 947 748 μεγάλη
966 665 1098 749 Πάτερ,
1120 664 1205 751 ἄφες

82 757 216 842 αὐτοῖς,
239 756 281 824 οά
302 757 369 846 γάρ
388 761 523 826 οίδασιν
543 756 563 826 δ
583 765 735 845 ποιοῦσι,
772 761 829 829 καί
851 763 1031 848 ἐπαγαγών
1053 769 1112 844 Είς
1134 777 1204 851 χεῖ-

82 863 146 948 ράς
172 878 236 926 σου
257 865 484 948 παρατίθεμαι
506 861 545 928 τὸ
569 863 702 948 πνεῦμά
721 887 805 948 μου,
827 862 1036 950 ἀπέπνευσε,
1059 867 1116 934 καὶ
1135 869 1203 934 θά-

81 987 201 1028 πτεται
222 961 290 1048 πρὸ
309 959 408 1046 ἡλίου
423 963 552 1041 δύσεως
569 966 607 1030 έν
622 967 773 1054 μνημείφ
790 970 908 1054 καινςδ.
944 966 1237 1055 έπιφωσκοάσηςο

82 1065 121 1130 δὲ
143 1067 204 1149 τῆς
222 1067 300 1149 μιᾶς
316 1066 506 1150 σαββάτων,
527 1064 675 1143 ἀναστάς
692 1066 730 1133 έκ
747 1071 880 1152 νεκρῶν
896 1069 1093 1154 ἐπλήρωσεν
1115 1072 1202 1137 έκεῖ-

82 1191 127 1232 να
153 1161 178 1231 δι’
203 1167 261 1233 καί
282 1164 350 1254 πρὸ
368 1171 428 1231 τοῦ
447 1167 581 1246 πάθους
600 1165 683 1253 ἡμῖν
703 1171 887 1255 προέλεγεν
907 1170 1051 1256 φάσκων
1074 1170 1124 1237 δτι
1138 1179 1207 1240 Δεῖ

80 1267 143 1333 τδν
164 1268 242 1334 υίόν
256 1272 318 1334 τοῦ
332 1267 521 1354 άνθράπου
537 1273 676 1353 ποιῆσαι
693 1269 732 1336 έν
753 1275 796 1357 τῇ
814 1273 937 1359 καρδίᾳ
957 1277 1015 1357 τῆς
1033 1277 1094 1357 γῆς
1114 1285 1204 1357 τρεῖς

81 1366 210 1454 ἡμέρας
231 1368 288 1436 καὶ
306 1381 395 1457 τρεῖς
415 1371 550 1448 νύκτας.
598 1374 655 1436 καὶ
677 1371 824 1452 ἀναστάς
846 1374 885 1440 ἐκ
914 1377 1062 1460 νεκράν,
1086 1373 1201 1460 πρώτη

32 1471 154 1558 θῶμέν
176 1475 384 1557 φανεροῦται
398 1477 516 1560 Μαρίᾳ
539 1476 581 1558 τῇ
598 1475 799 1560 μογδαληνῇ
825 1475 881 1542 καὶ
903 1479 1022 1561 Μαρίᾳ
1042 1479 1084 1562 τῇ
1104 1477 1121 1516 *
1139 1473 1201 1540 Ἰα-
1221 1491 1253 1543 10

81 1573 219 1658 πάβου,
242 1568 313 1639 εἶτα
334 1574 471 1662 Κλεόπᾳ
494 1576 533 1642 ἐν
552 1578 594 1660 τῇ
616 1571 701 1663 ὁδῷ,
725 1576 782 1642 καί
803 1575 880 1662 μετ’
904 1574 1010 1642 αὐτοῦ
1030 1573 1112 1661 ἡμῖν
1133 1588 1203 1654 τοῖς

78 1681 250 1760 μαθηταῖς
276 1674 398 1759 αὐτοῦ,
430 1676 597 1761 φεύγουσι
623 1678 687 1762 μὲν
716 1677 772 1743 διά
801 1675 861 1744 τδν
889 1677 1001 1763 φόβον
1027 1681 1097 1744 τοῖν
1118 1676 1201 1743 Ἰου-

80 1778 207 1861 δαίων,
231 1781 403 1861 λαθραίως
416 1779 454 1842 δὲ
471 1783 780 1864 περιεργαζομένως
794 1779 836 1845 τά
847 1778 927 1846 κατ’
945 1777 1058 1846 αὐτόν.
1096 1783 1201 1844 ταῦτα

35 1879 122 1944 1561
144 1879 203 1946 καὶ
220 1878 259 1944 έν
280 1882 327 1967 τῷ
350 1877 532 1967 εὐαγγελίφ
553 1879 740 1966 άνεγράφη.
761 1883 765 1968 Ι
792 1882 1018 1968 παρήγγειλεν
1040 1870 1103 1948 οὖν
1118 1878 1200 1965 ἡμῖν

79 1977 184 2057 αιἐτδς
207 1981 384 2065 νηστεύειν
410 1979 469 2058 τάς
498 1983 532 2061 ἓξ
558 1980 685 2068 ἡμέρας
711 1983 834 2061 ταύτας
862 1982 919 2049 διά
945 1981 1009 2068 την
1030 1987 1099 2048 τάν
1116 1981 1201 2047 Ἰου-
1219 1995 1252 2048 ιο

79 2084 190 2148 δαίων
205 2083 407 2168 δυσσέβειαν
425 2083 481 2149 καὶ
503 2088 729 2169 παρανομίαν,
746 2093 888 2152 πενθεῖν
903 2082 1025 2162 αὐτοὺς
1039 2083 1096 2150 καὶ
1119 2082 1200 2150 6015-

80 2189 205 2269 ρεσθαι
226 2185 565 2269 παρακελευσάμενος
588 2186 643 2253 ἐπὶ
661 2191 704 2272 τῇ
725 2183 875 2274 ἀπωλείᾳ
896 2184 1027 2252 αὐτῶν·
1058 2184 1200 2270 καὶγὰρ

79 2286 138 2352 καὶ
165 2283 265 2363 αὐτὸς
292 2284 407 2364 αὐτοῖς
436 2287 686 2372 ἐπεδάκρυσεν,
709 2286 896 2374 άγνοήσασι
918 2287 978 2353 τὸν
999 2285 1120 2371 καιρὸν
1143 2289 1201 2370 τῆς

80 2387 267 2471 ἐπισκοπῆς
287 2385 409 2454 αὐτοῖν.
450 2389 593 2476 τετράδα
614 2390 652 2456 δὲ
674 2389 732 2456 καὶ
753 2387 973 2474 παρασκευὴν
996 2388 1200 2469 προσέταξεν

77 2487 162 2574 ἡμῖν
183 2489 370 2574 νηστεύειν,
385 2489 448 2575 τὴν
466 2492 529 2574 μὲν
546 2489 604 2556 διδ
625 2488 687 2576 τήν
709 2492 917 2576 προδοσίαν,
940 2488 1003 2573 την
1023 2490 1061 2555 δὲ
1083 2487 1140 2554 διά
1160 2485 1199 2554 τδ
1215 2501 1250 2554 ευ

79 2593 213 2669 πάθος·
235 2589 485 2676 άπονηστεῦσαι
507 2592 545 2656 δὲ
567 2593 749 2674 προσέταξε
768 2591 809 2678 τῇ
831 2591 957 2677 ἑβδόμη
976 2587 1101 2678 ἡμέρᾳ,
1121 2588 1200 2656 άλί-

149 2767 162 2818 1
182 2765 336 2828 Με111127,
355 2765 390 2815 46
409 2764 414 2832 Ι
432 2767 448 2815 2
466 2767 525 2816 Luc
543 2765 585 2830 23,
605 2765 638 2816 34
657 2764 662 2833 Ι
682 2765 698 2816 3
716 2767 775 2817 Luc
793 2766 834 2829 23,
854 2765 888 2816 46
907 2764 911 2831 Ι
932 2766 947 2816 7
965 2765 1055 2816 Matth
1076 2763 1120 2828 12,
1140 2763 1174 2815 40
1193 2761 1197 2828 Ι

148 2849 183 2902 18
201 2851 260 2902 Luc
281 2848 320 2912 19,
339 2849 380 2900 41.
399 2851 433 2900 44

77 2998 201 3071 μάντιν,
224 2995 241 3054 δ
260 2995 293 3054 δὲ
310 2983 418 3063 τοάΙτά
435 2996 488 3069 μέν
505 2991 629 3068 ἄγνοιαν
641 2995 775 3070 ἐπετίμα,
797 2998 868 3069 πρὸς
887 2995 920 3055 δέ
937 2999 988 3054 τὸν
1000 2983 1118 3067 κάρισο]
1139 2997 1197 3066 [un-

79 3075 124 3142 οἰε
139 3088 293 3156 duplicatis
310 3086 419 3138 inclusa
436 3088 470 3152 >
488 3087 513 3152 πΙ
532 3087 669 3154 στραφεὶς
687 3079 724 3149 άς
739 3075 777 3139 iv
796 3085 952 3153 φωτισθεὶς
970 3075 1022 3137 ὕπ’
1042 3074 1131 3136 αὐτοῦ
1150 3083 1199 3136 καὶ

77 3167 166 3240 γνοὺς
190 3161 267 3231 ὅστις
288 3164 303 3224 δ
326 3165 457 3237 πάσχων,
480 3161 566 3237 ἠξίου
591 3166 707 3240 μνήμην
731 3161 821 3224 αὐτοῦ
845 3169 991 3236 γενέσθαι·
1008 3162 1040 3222 έν
1061 3168 1097 3235 τῆ
1119 3167 1198 3236 βασι-

79 3258 144 3310 λεία
163 3253 208 3316 είς
225 3249 260 3307 τά
278 3251 349 3323 μετά
368 3255 470 3307 ταῦτα·
496 3249 511 3306 δ
536 3248 566 3307 δ’
588 3250 680 3316 εδθδς
702 3247 865 3322 άμνηοτίαν
887 3248 966 3306 adrui
989 3253 1044 3306 τάν
1061 3268 1198 3320 προγεγο-

78 3338 172 3395 νότων
191 3334 381 3408 χαρισάμενος
395 3335 436 3400 είς
449 3336 628 3404 παράδεισον
640 3333 792 3408 είσήγαγεν
808 3331 1010 3391 άπολαάσοντα
1027 3337 1084 3390 τοῖν
1101 3353 1197 3403 μυστι·

78 3428 137 3480 κεῖν
151 3419 278 3494 άγαθάν
288 3423 322 3491 -Ι-
333 3431 391 3491 yn,
408 3427 546 3477 sedunoiu
560 3427 674 3478 inclusit
684 3443 714 3491 y:
732 3428 761 3476 in
777 3426 903 3492 margine
919 3423 968 3477 καί
984 3423 1074 3476 ταῦτα
1092 3414 1198 3490 ὁμοίως

78 3505 131 3580 οάχ
149 3501 238 3576 εὖρον
255 3503 288 3563 έν
304 3513 365 3568 τοῖς
382 3500 479 3570 ἄλλοις
496 3527 515 3576 y
540 3508 546 3568 Ι
570 3527 588 3578 p
603 3511 700 3574 14426
712 3499 743 3568 ὃς
755 3509 788 3576 -Ι-
801 3516 829 3560 τε
843 3510 847 3575 Ι
863 3500 1128 3576 μ144,26έννάτην
1140 3524 1198 3574 wyz

80 3599 84 3666 Ι
106 3600 118 3649 1
134 3591 219 3650 εἶπεν
230 3614 248 3648 x
263 3596 267 3660 Ι
284 3596 308 3646 1.
320 3598 337 3646 2
350 3587 546 3661 ίγνατέλλιπες
558 3613 591 3660 ιτ,
610 3587 807 3661 έγιιατέλειπες
819 3613 836 3646 x
852 3595 855 3658 Ι
871 3595 887 3646 3
899 3592 997 3646 οίδαοι
1010 3599 1022 3644 1
1037 3596 1042 3653 Ι
1056 3593 1072 3645 8
1085 3581 1101 3644 δ
1114 3607 1198 3659 wxyz,

79 3683 108 3734 τί
123 3690 137 3733 t
151 3684 156 3746 Ι
172 3680 190 3732 8
207 3678 341 3733 ποιοῦσιν
357 3680 425 3742 113
443 3671 602 3746 άπαγαγάν
619 3697 633 3730 τ
650 3679 653 3742 Ι
669 3682 685 3731 4
702 3679 887 3746 παρατίθημι
904 3685 951 3744 yzt
965 3679 969 3742 Ι
984 3681 1001 3729 4
1019 3668 1200 3729 άπέπνευσεν

79 3775 109 3818 xt
122 3767 160 3835 Ιθ
178 3759 236 3832 πρὸ
252 3771 310 3831 ιγλ,
328 3758 399 3830 πρὸς
417 3781 457 3816 νιτ
477 3766 482 3829 Ι
502 3765 518 3814 1
536 3759 688 3830 προοέλεγε
705 3783 731 3830 y,
751 3760 886 3830 προέλεγε
902 3769 931 3814 τε
945 3763 981 3827 18
998 3761 1106 3829 καρδία
1124 3767 1196 3828 xyzt,

79 3850 210 3904 κοιλίαν
225 3849 231 3918 Ι
246 3851 280 3902 10
288 3849 425 3918 φαίνεται
433 3867 466 3915 γε
483 3850 487 3913 Ι
504 3850 536 3900 10
545 3848 721 3916 μαγδαλινῆι
730 3856 785 3900 τετε
800 3848 831 3916 [ἦ
841 3854 876 3910 xt,
890 3847 926 3898 M
938 3845 958 3914 t]
974 3851 979 3910 Ι
997 3845 1197 3914 1οτᾐιι11οτιιπι

79 3938 113 4000 >
130 3955 155 3986 w
170 3937 175 4000 Ι
192 3935 225 3988 111
242 3935 294 3987 τοῦ
310 3935 344 4001 -Ι-
361 3942 409 4001 yzt
427 3932 484 4002 Ι11
503 3929 616 3986 κλεάπα
633 3951 692 4000 ωγπ
707 3936 712 3999 Ι
729 3935 759 3986 ll
778 3933 813 4001 τῇ
829 3934 863 3998 >
880 3939 928 3998 yzt
948 3933 952 3998 Ι
976 3933 1004 3982 11
1023 3925 1092 3998 μετά
1114 3928 1198 3981 τοῦτο

79 4029 125 4086 yzt
140 4021 146 4089 Ι
162 4021 195 4073 18
212 4015 344 4085 λαθρίοις
356 4038 380 4072 w
395 4021 400 4084 Ι
417 4020 449 4070 14
467 4011 579 4087 ἐγράφη
599 4028 610 4070 t
625 4021 629 4083 Ι
647 4021 678 4070 14
695 4013 902 4086 παρήγγειλλεν
917 4035 944 4082 y,
963 4009 1142 4082 παρήγγελεν
1160 4019 1172 4061 1
1191 4011 1194 4076 Ι

83 4105 114 4158 15
131 4101 238 4166 κατ’τας
255 4106 289 4170 >
306 4123 331 4156 τε
346 4106 351 4169 Ι
368 4104 400 4156 16
418 4097 517 4164 αάτοΐς
534 4123 572 4169 w,
591 4105 641 4156 εοδ
658 4109 720 4170 post
738 4099 792 4156 αάτ
808 4119 905 4155 rasura
923 4106 1040 4167 quatuor
1056 4099 1198 4148 literarum

81 4207 172 4258 capu
191 4189 196 4258 Ι
223 4191 255 4242 17
274 4183 547 4257 παρακαλεσάμενος
564 4192 598 4254 τΙ
617 4191 646 4241 11
665 4180 788 4242 άπολεία
806 4205 820 4240 ι
840 4188 845 4254 Ι
866 4187 897 4238 18
916 4183 964 4236 καὶ
982 4185 1016 4248 >
1035 4179 1064 4248 ΙΙ
1087 4179 1116 4230 18
1135 4171 1198 4231 ἐπε·

81 4269 208 4342 δάκρυον
225 4277 259 4327 W
276 4273 280 4342 Ι
298 4273 329 4326 18
346 4265 523 4342 α’γνοήσασιν
534 4292 551 4326 x
566 4275 571 4340 Ι
588 4274 619 4325 18
636 4268 728 4326 τάνΧ
744 4275 748 4339 Ι
762 4273 795 4324 21
808 4264 1007 4337 προσέταξενιι
1020 4264 1025 4332 Ι
1040 4266 1092 4331 21p
1111 4261 1197 4328 146,1

81 4351 217 4425 άλεκτορο
237 4375 302 4426 φων
321 4357 385 4420 1ος
402 4377 440 4424 τι,
459 4360 508 4412 sed
525 4361 560 4411 W
579 4359 607 4410 ni
626 4358 709 4410 1ο11οτ
726 4364 757 4408 ut
773 4363 839 4422 xyst

956 4444 996 4504 10
