3120 4980
1351 256 1454 311 XXIII

343 441 376 494 11
406 439 531 516 γνώμην
551 436 603 512 -Ι-.
629 432 667 494 of.
685 429 817 495 Lueiani
833 431 1000 498 Timonem
1017 431 1059 496 57
1077 431 1109 520 (I
1123 454 1155 519 p.
1176 429 1253 516 174)
1271 435 1356 503 εἴτις
1372 429 1451 518 ριλύ-

407 563 500 628 σορος
520 547 581 612 εἴη,
610 541 757 627 διμοιρίαν
781 545 799 610 ἢ
824 550 992 629 τριμοιρίαν
1014 543 1166 629 φέρεσθαι
1188 540 1313 612 δίκαιος.
1345 547 1453 624 partes

405 649 485 713 fiunt
504 648 625 713 decern.
651 658 760 712 ἐκτῶν
777 647 1000 736 prorupturi?

344 767 380 820 16
408 758 440 822 δὲ
456 779 514 845 pro
532 765 605 845 γὰρ.

343 874 380 928 18
406 863 568 942 Διατάξεις
584 868 706 931 Παύλου
722 881 776 934 τοῦ
793 867 972 932 ἀποστόλου.
991 866 1133 953 sequitur
1154 865 1203 930 ed.
1221 887 1328 952 graec.
1349 887 1380 952 p.
1401 865 1451 944 12,

410 983 448 1037 15
466 977 534 1047 Πᾶς
550 981 598 1038 κτὲ
618 1007 655 1030 =
675 986 773 1040 const.
792 973 878 1039 VIII
894 974 983 1038 xxxii
1001 978 1038 1039 11
1058 997 1148 1062 seqq.

274 1083 314 1146 12
343 1092 380 1145 16
405 1105 470 1148 non
490 1082 591 1169 liquet
613 1093 718 1148 utrum
741 1089 913 1171 ἐρηόχειρον
935 1105 975 1148 sn
992 1090 1080 1172 ἔργον
1096 1082 1212 1170 legerit
1228 1079 1341 1168 Syrus.
1359 1087 1452 1144 ἐπιτε-

299 1193 303 1206 “
405 1193 490 1256 λύσαι
513 1213 578 1256 non
599 1192 726 1258 videtur
748 1193 781 1256 in
804 1207 927 1266 ποιησαι
949 1192 1136 1256 mutandum
1153 1213 1231 1256 esse.
1254 1213 1328 1254 nem
1345 1209 1452 1262 aas.

407 1322 609 1387 nequaquam
637 1323 764 1389 semper
792 1306 921 1383 ἐποίησε,
953 1300 1009 1365 sed
1040 1312 1141 1386 μετῄει
1171 1299 1288 1364 Euseb.
1321 1297 1450 1385 theoph.

405 1409 435 1471 V
454 1410 474 1474 9
495 1434 527 1497 p.
548 1409 661 1474 1782:
686 1412 877 1499 κατώρθωσε
893 1408 979 1473 ib.V
1000 1409 1039 1474 16
1061 1433 1093 1498 p.
1113 1409 1176 1474 182
1196 1419 1229 1471 1:
1256 1407 1379 1480 διέθηκε
1395 1405 1451 1470 Di-

407 1517 492 1582 daso.
509 1542 541 1605 p.
560 1517 580 1580 2
601 1527 656 1582 12:
679 1527 880 1584 κατεσκεύασε
897 1515 1001 1606 Geop.
1020 1519 1040 1582 6
1057 1517 1089 1582 A
1103 1519 1145 1582 10
1164 1526 1223 1582 ete.
1245 1539 1291 1590 τις
1307 1545 1342 1578 ω.

341 1635 379 1688 18
406 1649 504 1711 quum
527 1626 685 1713 interpres
701 1629 910 1716 aegyptiacus
925 1625 1107 1692 retinuisset
1124 1608 1287 1708 npoesaee,
1303 1623 1451 1689 librarius

273 1743 275 1746 ’
408 1767 589 1824 ιιρινιιιιχιι
613 1745 789 1809 correxisse
811 1744 872 1810 sibi
894 1744 979 1808 visus
996 1753 1092 1808 estet
1112 1731 1322 1847 Arsb'sifto·
1346 1740 1450 1804 vertit.

404 1858 488 1924 Tatt.
515 1883 545 1947 p.
570 1866 639 1942 ph3.
669 1861 827 1949 Aethiops
849 1863 932 1927 mule
960 1859 1135 1925 eLudolio
1164 1860 1344 1925 intellectus
1372 1859 1448 1946 (lex.

404 1991 435 2054 p.
455 1967 511 2054 97)
527 1966 736 2049 nummos·
751 1985 1010 2047 ιιιλκτηοτιτωιι
1034 1977 1261 2033 convertantur
1281 1967 1321 2032 ad
1342 1989 1451 2032 servos

406 2099 489 2157 suos,
514 2075 600 2162 quod
622 2073 711 2142 Galli
733 2075 844 2140 dicunt
865 2076 1005 2164 prendre
1033 2076 1135 2164 egsrd
1151 2081 1179 2140 ὲ.
1197 2091 1311 2148 roem
1326 2104 1332 2140 ι
1346 2091 1450 2156 sono:

405 2190 540 2274 ἐστράφη
558 2192 635 2271 προς
654 2183 724 2248 Ιολι.
743 2207 787 2248 xx
806 2185 856 2248 14.
874 2223 917 2232 -
935 2191 1062 2259 οἰκέταις
1080 2191 1181 2251 αὐτῶν
1198 2195 1341 2270 εδμενῶς.

338 2303 388 2354 20.
416 2303 454 2355 21
486 2291 647 2370 Διατάξιις
671 2295 787 2378 Πέτρου
815 2301 863 2356 καὶ
885 2295 1008 2358 Παύλου
1035 2304 1101 2382 περὶ
1123 2296 1298 2380 σχολάσειεν
1323 2289 1450 2400 [μιν

405 2403 499 2488 σχολὴ
513 2397 840 2488 Euseb.theoph.V2
856 2425 887 2488 p.
911 2401 1042 2490 17411]
1061 2409 1161 2490 ἔργον,
1176 2407 1278 2491 ἀργεῖν
1298 2402 1451 2491 [praestet

404 2504 610 2614 Qut]
634 2509 776 2574 seribere
797 2533 827 2573 v.
851 2509 907 2599 24]
932 2511 1055 2584 δούλους
1080 2516 1190 2597 ἑκάστη
1215 2511 1365 2598 ἑβδομάδι
1398 2511 1450 2573 δύο

403 2623 534 2703 ἡμέρας,
551 2617 715 2702 σάββατον
732 2627 781 2682 καὶ
798 2628 950 2706 κυριακήν.
968 2627 1016 2684 καὶ
1034 2621 1193 2704 σχολάζειν
1210 2635 1246 2704 τῇ
1268 2621 1418 2701 ἐκκλησίᾳ.

335 2733 375 2785 22
401 2725 523 2798 Παῦλος
544 2734 594 2787 καὶ
609 2729 735 2813 Πέτρος.
754 2765 796 2775 -
814 2736 883 2800 τούς
899 2728 992 2800 λαούς
1007 2755 1050 2792 ω.
1091 2767 1093 2774 ,

268 2835 309 2896 13
358 2841 375 2893 2
403 2833 503 2897 διὰτὸ
527 2835 730 2920 δημιουργίας
746 2845 777 2898 et
793 2841 854 2908 Τὴν
874 2837 906 2900 δέ
922 2841 1070 2922 μεγάλην.

358 2949 375 3004 ὁ
402 2965 493 3030 συγχ.
511 2948 530 3014 ἢ
546 2950 597 3006 καὶ
613 2947 804 3017 ἀναστήσας.

358 3061 375 3113 9
402 3051 629 3139 ἀπροσδόκητον
653 3073 718 3118 non
741 3063 789 3117 est
810 3052 842 3117 in
864 3049 961 3140 Syro,
983 3051 1040 3118 sed
1063 3054 1257 3125 ἀτελεύτητον
1278 3052 1330 3118 vel
1347 3052 1449 3117 simile

403 3159 489 3246 quid.
517 3169 623 3247 potest
650 3182 727 3225 vero
755 3139 967 3234 Κωδιωε
995 3159 1083 3225 nullo
1112 3160 1242 3246 negotio
1272 3161 1385 3224 mutari
1417 3163 1448 3225 in

401 3247 610 3342 (ahma
635 3279 670 3332 ut
690 3269 731 3333 sit
757 3269 994 3356 ἀπροσδόκητον.
1024 3291 1099 3334 nem
1123 3291 1222 3334 *aon
1247 3271 1449 3357 προσεδόκησε

402 3373 551 3464 Geopon.
588 3376 667 3441 4A
689 3377 732 3441 26
757 3376 831 3441 Aet.
855 3376 954 3440 xxviii
976 3375 1090 3441 6Lue.
1112 3376 1324 3464 121Ρσ11.β
1345 3379 1377 3442 iii
1397 3379 1447 3443 12.

402 3487 458 3551 14:
488 3483 642 3564 ἐξεδέξατο
665 3483 768 3550 Hebr.
785 3485 819 3549 xi
842 3487 883 3550 10
909 3485 975 3550 Iso.
1006 3509 1025 3548 v
1051 3488 1086 3550 7:
1115 3484 1317 3574 προσεδέξατο
1345 3487 1447 3552 Hebr.

400 3595 434 3658 xi
451 3595 493 3659 35
516 3593 615 3658 Maro.
639 3617 682 3656 xv
698 3595 741 3658 43
758 3592 836 3658 Luo.
854 3594 875 3658 ii
891 3594 944 3658 25.
963 3594 1005 3659 38
1021 3595 1100 3659 xxiii
1117 3595 1175 3660 51:
1192 3596 1237 3660 xii
1254 3597 1296 3661 36
1321 3595 1448 3685 [ἀπεκα-

399 3704 550 3791 ραδύκησε
570 3701 711 3790 Philipp.
734 3702 744 3766 i
768 3702 841 3792 201:
866 3701 1066 3780 ἀπεξεδέξατσ
1090 3703 1164 3770 Cor.
1184 3705 1230 3770 αι’
1249 3708 1266 3770 7
1284 3705 1376 3770 Rom.
1395 3705 1448 3768 viii

403 3814 443 3878 19
460 3811 564 3876 Hebr.
581 3811 615 3874 ix
631 3811 684 3876 28.
701 3810 802 3876 Isoer.
819 3812 852 3875 in
869 3811 1006 3877 Demou.
1024 3815 1064 3876 14
1079 3837 1138 3901 pro
1156 3819 1193 3878 ἂν
1211 3812 1310 3884 εὔξαιο
1327 3811 1447 3900 Syrum

400 3925 437 3986 ἂν
455 3918 620 3997 άναδέξαιο
636 3920 754 4006 legisse
771 3943 834 3986 non
851 3931 899 3986 est
916 3943 972 3986 our
994 3920 1170 3987 credamus.

335 4039 373 4090 10
400 4030 428 4093 δ.
445 4039 494 4093 καὶ
510 4031 708 4116 γεννηθῆναι.
726 4069 769 4078 -
792 4031 892 4116 λόγον,
913 4033 1031 4106 Ἰησούν
1050 4037 1184 4118 χριστόν,
1204 4037 1245 4094 ὲκ.
1264 4025 1446 4102 Καὶ-λύοι

398 4138 601 4202 scribendum
609 4186 617 4219 ,
643 4136 703 4202 nisi
725 4147 774 4204 τὸν
791 4141 866 4204 θεὸν
889 4142 977 4225 λόγον
1002 4139 1112 4204 hebuit
1129 4137 1162 4204 S.
1249 4199 1251 4206 ,

336 4257 371 4309 11
399 4248 487 4312 πάλιν
505 4255 558 4320 τὴν
574 4246 625 4312 vel
642 4253 684 4312 ἔτι
700 4256 765 4320 τὴν.

336 4364 373 4418 13
399 4357 594 4441 παρακλητου
616 4364 799 4441 πνεύματος.

334 4474 372 4527 14
398 4475 447 4529 τὸν
464 4473 717 4552 μαρτυρήσαντα,
742 4465 801 4529 nisi
816 4444 1022 4534 τιεηδιοαιᾰι
1042 4466 1257 4530 scribendum.
