2994 4972
298 397 358 457 154
1346 413 1358 446 ε
1374 397 1405 448 20

295 579 408 624 τεινον
436 555 492 622 καὶ
522 559 709 623 κατευοδοῦ
738 556 795 622 καλ
825 561 985 640 βασίλευε
1020 559 1136 625 ἕνεκεν
1167 559 1331 646 ἀληθείας
1359 561 1407 628 καλ
1481 591 1482 606 ¹

296 657 482 743 πραότητος
502 657 558 724 καὶ
578 658 812 743 δικαιοσύνης·
844 659 901 724 καὶ
924 655 1082 745 ὁδηγήσει
1108 678 1148 726 σε
1167 661 1406 748 θαυμαστώςή
1481 677 1482 688 ’

296 761 389 839 δεξιά
411 777 490 826 σου·
519 758 560 825 τά
582 761 662 846 βέλη
680 779 745 826 σου
761 759 969 846 ἠκονημένα,
998 762 1138 844 δυνατέ,
1161 761 1237 830 λαολ
1257 759 1407 830 ὑποκάτω

296 879 359 928 σου
376 867 558 928 πεσοῦνται
581 862 620 927 έν
643 863 766 950 καρδίᾳ
786 867 856 928 τών
878 862 1012 947 ἐχθροῖν
1034 867 1095 929 τοῦ
1116 866 1295 949 βασιλέως·
1320 865 1407 932 *διδ

261 964 278 1034 5
295 968 394 1030 τοῦτο
410 963 521 1048 έχρισέ
534 980 583 1045 σε,
601 959 620 1029 ὁ
633 963 725 1045 θεός,
741 961 759 1029 ὁ
773 965 854 1042 θεός
869 981 933 1030 σου
948 967 1063 1056 έλαιον
1078 963 1309 1049 ἀγαλλιάσεως
1325 965 1408 1050 παρά

294 1063 374 1142 τοῦς
394 1064 554 1149 μετόχους
571 1082 645 1130 σου.
690 1064 769 1150 περὶ
796 1063 902 1131 αὐτοῦ
927 1068 985 1132 καλ
1011 1071 1028 1108 *
1050 1065 1217 1152 Σολομών
1238 1073 1357 1154 ἔλεγεν
1370 1067 1409 1148 ώς

296 1166 335 1232 ἐκ
363 1166 547 1249 προσώπου
576 1163 681 1233 αὐτοῦ
702 1165 829 1253 Κύριος
850 1169 960 1233 έκτισέ
985 1191 1027 1252 με
1054 1166 1162 1252 ἀρχὴν
1192 1165 1282 1236 ὀδών
1311 1168 1409 1236 αὐτοῦ
1481 1203 1482 1254 1

296 1271 344 1345 είς
364 1270 445 1352 ἔργα
473 1266 595 1351 αὐτοῦ,
625 1265 692 1352 πρδ
722 1267 783 1334 τοῦ
809 1269 931 1346 αίώνος
959 1269 1164 1354 ἐθεμελίωσέ
1182 1294 1240 1355 με,
1268 1271 1311 1336 έν
1329 1271 1408 1357 ἀρχή

296 1367 362 1452 πρδ
387 1373 448 1434 τοῦ
475 1367 537 1454 τήν
558 1373 624 1455 γῆν
648 1374 803 1455 ποιήσαι,
831 1368 896 1455 πρδ
923 1374 986 1436 τοῦ
1011 1375 1195 1454 προελθεῖν
1220 1373 1281 1450 τάς
1309 1371 1409 1458 πηγὰς
1481 1383 1482 1404 ¹

247 1489 277 1540 ιο
295 1471 362 1537 τών
382 1465 528 1556 ῦδάτων,
552 1469 617 1556 πρδ
634 1475 696 1537 τοῦ
710 1471 769 1558 όρη
790 1472 1010 1558 ἑδρασθῆναι,
1034 1471 1100 1558 πρὸ
1117 1473 1154 1538 δὲ
1171 1474 1312 1540 πάντων
1332 1479 1408 1560 βου-

294 1577 365 1640 νών
379 1578 485 1661 γεννᾷ
507 1597 563 1658 με·
587 1572 644 1639 καλ
659 1570 928 1658 πάλινἨσοφία
946 1571 1163 1662 ᾠκοδόμησεν
1183 1575 1287 1661 ἑαυτῇ
1308 1572 1407 1642 οἶκον.

294 1676 371 1761 περὶ
400 1673 506 1742 αὐτοῦ
532 1677 550 1716 *
577 1673 712 1752 Ἡσαΐας
743 1678 858 1759 ἔλεγεν
888 1673 1111 1755 Ἐξελεύσεται
1139 1675 1264 1762 βᾰβδος
1291 1678 1334 1744 έκ
1357 1682 1410 1762 τῆς

294 1777 384 1860 όίζης
400 1774 529 1860 Ἰεσσαί,
552 1779 609 1842 καλ
628 1775 734 1855 ἄνθος
756 1776 794 1842 ἐκ
816 1781 874 1862 τῆς
893 1777 983 1862 βτῖης
1003 1776 1224 1863 ἀναβήσεται,
1248 1781 1307 1846 καλ
1324 1784 1409 1846 ἔσται
1481 1765 1482 1840 λ

293 1875 313 1964 ἡ
334 1878 407 1962 ῥίζα
420 1883 482 1943 τοῦ
489 1877 611 1944 Ἰεσσαί
628 1880 684 1944 καλ
699 1876 718 1943 ό
732 1876 953 1963 ἀνιστάμενος
966 1879 1083 1964 ἀρχειν
1097 1880 1227 1964 έθνών,
1248 1878 1302 1947 ἐπ’
1325 1879 1409 1968 αὐτῷ
1481 1935 1482 1942 ,

246 1999 276 2049 ιε
295 1983 379 2062 ἔθνη
400 1978 569 2044 έλαιοῦσι·
594 1983 761 2064 Ζαχαρίας
780 1981 817 2045 δὲ
839 1985 945 2066 Χαλρε
966 1982 1115 2066 σφόδρα,
1134 1982 1285 2068 θύγατερ
1308 1983 1407 2066 ἑλών,
1481 2031 1482 2058 1

294 2079 369 2148 ίδοῦ
385 2078 403 2146 ὁ
419 2079 578 2166 βασιλεύς
594 2096 656 2145 σου
676 2084 805 2166 ἔρχεται
826 2083 955 2159 δίκαιος
977 2082 1034 2148 καὶ
1049 2083 1165 2164 σώζων
1187 2081 1300 2168 αὐτός,
1325 2085 1408 2150 *καλ
1481 2095 1482 2098 ’

295 2180 504 2268 ἐπιβεβηκώς
534 2181 589 2250 ἐ’πλ
609 2181 690 2249 ὄνον
714 2183 771 2249 καλ
800 2188 914 2250 πώλου
943 2183 1022 2252 υίδν
1046 2180 1239 2270 ὑποζυγίου.
1290 2192 1409 2253 τοῦτον

294 2283 425 2369 Δανιήλ
440 2283 517 2350 υίδν
536 2282 723 2371 ἀνθρώπου
740 2286 828 2369 λέγει
850 2287 867 2324 *
887 2287 1070 2372 ἐρχόμενον
1094 2285 1178 2370 πρὸς
1198 2286 1259 2354 τόν
1274 2291 1407 2374 πατέρα,

293 2387 350 2454 καλ
371 2389 484 2453 πᾶσαν
503 2385 565 2472 τήν
587 2390 701 2472 κρίσιν
728 2387 784 2454 καὶ
806 2386 868 2472 τήν
893 2385 994 2473 τιμήν
1020 2387 1102 2473 παρ’
1126 2388 1260 2455 ἐκείνου
1286 2385 1408 2456 ὑποδε-

242 2506 276 2558 20
293 2489 452 2574 χύμενον,
481 2489 538 2554 καλ
561 2493 662 2556 λίθον
688 2488 756 2556 ἀπὸ
776 2487 877 2574 ’όρους
902 2490 986 2556 ἀνευ
1016 2493 1140 2575 χειρών
1161 2493 1333 2576 τμηθέντα
1357 2491 1408 2558 καλ

293 2589 478 2674 γενόμενον
501 2592 547 2667 είς
568 2589 646 2675 όρος
674 2592 758 2676 μέγα
785 2591 842 2657 καλ
865 2591 1089 2677 πληρώσαντα
1117 2596 1231 2658 πᾶσαν
1250 2591 1315 2678 τήν
1336 2597 1406 2677 γῆν,

293 2693 518 2775 συντρίβοντα
538 2696 748 2778 πολυαρχίαν
772 2697 963 2778 τοπαρχιῶν
983 2692 1040 2760 καὶ
1069 2698 1259 2761 πολυθείαν
1286 2693 1406 2777 ἀθέων,

293 2792 507 2879 κηρύσσοντα
522 2795 561 2860 δὲ
575 2791 636 2860 τόν
649 2794 709 2860 ἕνα
721 2793 807 2860 θεὸν
822 2794 879 2861 καλ
893 2799 1151 2880 χειροτονοῦντα
1167 2795 1230 2882 τήν
1240 2794 1408 2882 Ῥωμαίων

292 2899 490 2982 μοναρχίαν.
541 2895 619 2980 περὶ
645 2895 766 2962 τούτου
795 2897 851 2964 καλ
876 2895 1034 2982 Ἱερεμίας
1061 2897 1287 2983 προφητεύων
1321 2901 1407 2982 ἔλεγε

241 3015 275 3066 25
293 3001 435 3083 Πνεῦμα
456 2996 522 3085 πρὸ
542 2997 727 3084 προσώπου
745 2996 841 3084 ήμών
855 2997 987 3086 χριστὸς
1012 2999 1128 3084 κύριος
1148 2999 1352 3086 συνελήφθη
1373 3001 1408 3066 έν

291 3112 363 3178 ταῖς
380 3103 586 3187 διαφθοραλς
600 3101 724 3185 αὐτῶν,
744 3103 761 3141 *
776 3091 818 3167 ού
832 3108 971 3187 ελπομεν
982 3100 1037 3168 Ἐν
1051 3106 1093 3189 τῇ
1104 3105 1183 3190 σκιᾷ
1196 3099 1302 3168 αῦτοῦ
1316 3101 1408 3188 ζησό-

291 3209 380 3287 μεθα
403 3203 442 3269 έν
462 3216 531 3282 τοῖς
552 3207 685 3271 ἔθνεσι·
716 3203 772 3270 καλ
791 3202 941 3287 Ἰεζεκιήλ
966 3203 1081 3270 δὲκαὶ
1103 3205 1140 3270 οἱ
1160 3208 1306 3288 καθεξῆς
1328 3229 1407 3292 προ-

292 3308 395 3388 φήτατ
407 3310 589 3391 πανταχοῦ,
603 3307 753 3372 τοῦτον*
768 3300 854 3371 εἶναι
865 3305 1012 3390 χριστόν,
1026 3306 1158 3392 κύριον,
1172 3307 1324 3392 βασιλέα,
1337 3331 1407 3391 κρι-

291 3404 365 3490 τήν,
388 3410 587 3493 νομοθέτην,
609 3406 755 3492 ἀγγελον
776 3409 837 3472 τοῦ
858 3407 993 3492 πατρός,
1014 3411 1184 3494 μονογενῆ
1199 3409 1294 3475 θεόν.
1332 3411 1408 3474 τοῦ·

360 3597 374 3644 7
393 3597 465 3648 Prov
482 3595 508 3659 8,
526 3597 647 3662 22-251
665 3598 694 3648 11
714 3599 785 3651 Prov
802 3597 828 3660 9,
850 3598 882 3662 11
901 3597 932 3648 12
949 3597 1005 3665 Ιεεχ·
1027 3598 1067 3662 11,
1087 3599 1157 3651 1.10
1177 3598 1181 3665 Ι
1202 3600 1235 3652 15
1252 3600 1329 3652 Ζεολι
1345 3599 1375 3663 8,
1392 3598 1408 3650 9

361 3677 365 3746 Ι
386 3679 418 3730 18
436 3681 499 3731 Dan
517 3683 543 3744 7,
564 3681 663 3750 13120
680 3684 744 3735 Dan
761 3685 786 3748 2,
806 3683 837 3735 34
854 3683 858 3748 Ι
873 3683 907 3734 25
924 3685 1017 3735 Thren
1033 3685 1059 3748 4,
1078 3683 1112 3736 20

292 3843 419 3901 Ιέτειιιν
474 3849 492 3902 δ
509 3865 561 3902 σου
581 3851 615 3914 >
633 3868 657 3902 w
679 3853 850 3905 substituens
873 3850 924 3905 καλ
946 3847 981 3904 τά
999 3844 1066 3921 ἕξής
1086 3853 1138 3906 τοῦ
1163 3855 1284 3921 ψαλμοῦ
1303 3856 1307 3919 Ι
1326 3857 1343 3906 4
1361 3851 1406 3908 ui

292 3925 359 4001 έξής
377 3933 410 4001 -1-
428 3953 445 3985 x
460 3934 496 3999 15
514 3931 625 4001 ἔχρισέν
642 3953 660 3988 x
676 3936 711 4000 18
729 3930 744 3988 ὁ
762 3937 797 4002 -1-
814 3944 825 3988 ι
845 3937 850 4002 1
870 3939 886 3987 7
905 3934 1017 3992 έκτισέν
1034 3937 1070 4006 xl
1091 3939 1107 3990 8
1125 3931 1320 4006 λθεμτλίωτέν
1336 3958 1353 3991 x
1368 3941 1407 4006 19
1481 4005 1482 4008 ρ

292 4011 393 4073 έλθείν
410 4026 421 4070 t
436 4017 440 4086 1
457 4020 490 4070 10
507 4009 567 4085 ὄρει
585 4037 609 4070 w
625 4021 629 4084 1
645 4021 676 4071 12
694 4020 745 4072 καλ
761 4021 795 4087 -1-
813 4030 824 4073 t
840 4026 843 4088 1
862 4023 892 4074 12
911 4017 989 4089 έλεγε
1007 4041 1031 4074 w
1046 4025 1050 4090 1
1068 4025 1099 4077 13
1116 4021 1166 4077 καλ
1232 4015 1407 4093 ἀναβήσεται
1481 4039 1482 4050 ’

288 4105 322 4168 >
340 4121 364 4154 w
380 4104 383 4171 1
401 4105 433 4156 15
451 4097 597 4158 ἐλπιοῦσιν
615 4123 632 4156 1
648 4103 651 4160 Ι
673 4105 704 4156 15
723 4109 805 4172 χαῖρε
875 4105 949 4160 Σιών
969 4109 1003 4172 >
1020 4115 1067 4174 yzt
1086 4110 1090 4175 1
1113 4108 1145 4160 18
1162 4101 1250 4168 αύτός
1266 4109 1302 4174 >
1317 4111 1361 4172 wl
1380 4109 1408 4160 Ιδ
1481 4111 1482 4126 ’

289 4189 381 4255 κρύος
398 4189 432 4255 -1-
448 4189 564 4256 γτ1118
581 4183 658 4241 εἶναι
675 4188 709 4256 -1·
725 4199 772 4256 yzt
792 4189 796 4259 1
815 4193 845 4243 18
863 4185 1016 4259 ἀρχόμενος
1034 4211 1048 4245 τ
1065 4192 1117 4258 122
1134 4185 1235 4246 ἀθέων
1253 4211 1309 4259 wx,
1330 4193 1407 4246 θτῦτ

289 4278 349 4337 χιι,
373 4290 431 4340 γρφ
449 4272 499 4327 καλ
517 4265 618 4328 ἀθέων
637 4291 731 4341 margo
748 4275 786 4342 γΙ
806 4280 840 4327 24
858 4277 991 4343 ιἠρεμίας
1009 4295 1027 4328 x
1046 4277 1100 4343 121
1118 4273 1216 4343 ἔλεγεν
1232 4278 1318 4346 1125
1335 4271 1404 4332 έν...

289 4356 323 4406 28
341 4355 461 4425 είαομεν
477 4361 511 4424 >
529 4377 544 4412 z
559 4361 612 4427 127
631 4354 751 4412 ἔθνεσιν
767 4357 853 4431 ι128
870 4355 1059 4428 κηρύττουσιν
1076 4361 1110 4427 -1-
1126 4379 1160 4428 γε
