2998 4972
286 411 349 474 πε
1354 401 1400 466 οι

288 573 420 654 πλῆθος
441 572 510 634 τόν
529 565 704 634 Ἰουδαίων
729 569 776 654 τῷ
796 559 842 643 τός
864 569 986 632 Μυσοί
1005 568 1147 653 χριστρῦ,
1168 570 1282 633 πᾶσαν
1302 565 1403 632 νόσον

288 669 345 740 καὶ
359 674 472 738 πάσαν
490 672 659 754 μαλακίαν
674 667 714 734 ἐν
728 664 842 745 αύτοτς
858 665 1128 753 θεραπεῦσαντι·
1148 665 1205 732 καί
1224 665 1301 732 οῦτε
1320 666 1400 734 ἐκεί-

287 797 370 851 νους
409 770 608 857 ἐδυσάπησε
642 769 769 855 ήοῖβδος
806 767 1001 854 φυχουμένη
1037 769 1085 844 είς
1120 765 1202 852 δφιν
1240 768 1299 836 καί
1336 770 1403 856 χεὶρ

288 874 531 958 λευκαινομίνη
559 872 616 940 καί
638 875 762 949 Νεῖλος
788 868 1049 955 αίματοόμευος,
1076 867 1154 934 οὔτε
1179 869 1322 948 τούτους
1350 895 1404 938 τυ-

255 974 370 1062 οφλοί
402 972 651 1060 ἀναβλέποντες
682 972 740 1040 καί
770 972 872 1058 χωλαί
904 975 1167 1058 περιπατοῦντες
1202 972 1260 1038 καί
1290 972 1404 1056 νεκροί

290 1075 513 1161 ἐγειρόμενοι·
539 1079 557 1116 *
574 1074 632 1141 καί
654 1079 702 1162 τῷ
720 1073 784 1160 μὲν
801 1071 986 1141 ἀνθίστατο
1008 1070 1137 1158 Ἰαννής
1163 1072 1221 1138 καί
1244 1070 1404 1160 Ἰαμβρής,

289 1181 337 1266 τῷ
357 1177 395 1244 δὲ
411 1175 536 1255 Ἀυυας
557 1175 614 1243 καί
634 1176 800 1263 Καιάφας.
846 1173 953 1253 οῦτιις
976 1173 1018 1242 οῦ
1045 1174 1175 1252 πάντας
1194 1177 1353 1242 δυσωπεῖ
1370 1175 1406 1241 τά

290 1291 426 1366 σημεῖα,
449 1277 535 1345 άλλά
555 1278 681 1364 μόνους
700 1274 780 1356 τοῦς
795 1275 1026 1362 εῦγνάμονας·
1048 1265 1097 1342 όν
1113 1274 1170 1342 καί
1191 1277 1291 1360 χάριν
1313 1270 1405 1344 εὐδο-

290 1393 345 1448 κεί
368 1378 386 1446 6
412 1378 493 1458 θεὸς
515 1379 742 1448 ἐπιτελεῖσθαι
763 1379 925 1463 δυνάμεις
946 1373 991 1454 τός
1011 1374 1116 1463 σοφός
1143 1377 1339 1462 οίκονόμος,
1370 1376 1406 1444 οό

242 1497 273 1550 ιθ
290 1486 331 1568 τῇ
352 1485 421 1548 τάν
442 1479 637 1568 άνθρκπων
655 1481 756 1567 ἰσχύι,
778 1478 866 1548 ἀλλά
883 1484 925 1565 τῇ
946 1479 1070 1546 ἑαυτοῦ
1089 1479 1262 1564 βουλήσει.
1306 1481 1405 1548 ταῦτα

290 1584 330 1651 δέ
347 1601 461 1669 φαμεν
482 1581 538 1650 ἐπὶ
564 1587 611 1672 τῷ
638 1581 683 1668 μή
708 1583 910 1669 ἐπαίρεσθαι
937 1579 1015 1658 τούς
1037 1581 1202 1666 λαβόντας
1223 1587 1406 1668 χαρίσματα

289 1686 403 1752 τοιάδε
425 1683 510 1752 ιιατό
538 1689 607 1752 τόν
630 1684 675 1770 μή
702 1684 893 1771 λαβόντων·
928 1686 1114 1768 χαρίσματα
1145 1684 1183 1750 δὲ
1207 1684 1350 1768 λίγομεν
1370 1684 1405 1749 τά

290 1785 347 1854 διά
375 1788 393 1828 *
425 1790 590 1873 σημείων,
622 1786 696 1854 ἐπεὶ
721 1784 785 1853 οῦκ
811 1789 903 1852 ἐστιν
933 1783 1116 1868 ἄνθρωπος
1148 1784 1331 1864 πιστεύσας
1355 1783 1406 1852 διό

290 1891 428 1974 χριστοῦ
450 1890 497 1966 είς
516 1887 576 1954 τόν
596 1889 693 1972 θεόν,
715 1885 752 1966 ὃς
771 1884 834 1956 ούκ
856 1892 974 1973 είληφε
995 1885 1141 1971 χάρισμα
1162 1887 1404 1972 πνευματικόν·

242 2005 272 2058 ιο
291 1987 373 2056 αὐτό
399 2011 435 2054 τε
461 1987 527 2076 γάρ
553 1987 591 2056 τό
620 1988 853 2075 ἀπαλλαγῆναι
886 1987 1060 2054 πολυθέου
1089 1985 1244 2073 άσεβείας
1272 1987 1330 2056 καί
1355 2013 1405 2056 πι-

290 2094 428 2158 στεῦσαι
447 2094 521 2177 θεῷ
543 2090 644 2174 πατρί
669 2090 725 2158 διά
751 2094 890 2177 χριστοῦ
915 2089 1062 2176 χάρισμά
1089 2088 1160 2156 ἐστι
1184 2093 1287 2176 θεοῦ,
1315 2092 1405 2157 τότε

291 2187 478 2277 άπορρίυαι
502 2189 540 2259 τό
562 2189 738 2260 ίουδαίκόν
760 2194 919 2277 κάλυμμα
943 2190 1000 2258 καὶ
1026 2195 1203 2258 πιστεῦσαι
1231 2191 1283 2259 ότι
1314 2191 1406 2260 εῦδο-

291 2298 348 2381 κίχε
374 2298 462 2360 θεοῦ
492 2290 510 2361 6
537 2293 604 2379 πρό
630 2294 766 2362 αίόνιιυ
791 2292 977 2380 μονογενής
1004 2292 1043 2360 ἐν
1075 2290 1204 2380 ῦστέρφ
1236 2297 1347 2382 καιρῷ
1372 2294 1405 2360 ἐκ

291 2397 467 2482 παρθένου
494 2396 692 2484 γεγέννηται
722 2399 800 2482 δίχα
827 2392 956 2481 ὁμιλίας
981 2392 1106 2479 άνδρός
1134 2393 1191 2461 καὶ
1218 2394 1270 2461 ὅτι
1297 2395 1406 2462 ἐπολι-

240 2513 274 2566 20
291 2496 500 2589 τεόσατοιάς
519 2497 700 2584 ἅνθρωπος
721 2497 805 2566 ἄνευ
826 2495 999 2583 ἁμαρτίας,
1023 2496 1202 2582 πληρώσας
1223 2500 1339 2563 πᾶσαν
1359 2499 1406 2562 δι-

292 2597 478 2684 καιοσύνην
498 2597 561 2685 τήν
579 2601 640 2668 τοῦ
667 2601 792 2686 νόμου,
819 2599 876 2666 καί
898 2597 949 2666 ότι
970 2598 1180 2685 συγχωρήσει
1198 2601 1287 2664 θεοῦ
1309 2615 1406 2666 σταυ-

292 2697 356 2785 ρόν
378 2695 559 2785 ῦπέμεινεν
589 2701 749 2788 αίσχόνης
776 2701 1037 2787 καταφρονήσας
1068 2697 1088 2767 6
1117 2699 1199 2778 θεός
1228 2699 1328 2785 λόγος
1355 2699 1406 2766 nal

291 2799 342 2866 δτι
362 2798 513 2868 ἀπέθανε
538 2799 595 2868 καί
621 2801 728 2889 ε’τάφη
758 2803 814 2870 καί
837 2801 958 2888 ἀνίστη
985 2801 1042 2869 διά
1069 2805 1173 2888 τριάν
1193 2799 1331 2888 ήμεροῦν
1355 2799 1406 2867 καί

291 2901 374 2988 μετά
393 2900 455 2988 τήν
476 2901 664 2970 άυάστασιν
687 2905 938 2992 τεσσαράκοντα
962 2901 1087 2991 ἡμέρας
1108 2906 1318 2989 παραμείνας
1343 2915 1407 2979 τοῖς

240 3022 275 3074 νο
291 3003 492 3084 ἀποστόλοις
506 3004 563 3072 καί
577 3005 756 3092 πληράσας
771 3010 884 3073 πᾶσαν
899 3010 917 3047 *
933 3007 1091 3085 διάταξιν
1101 3001 1282 3090 ἀνελήφθη
1297 3006 1315 3045 *
1329 3001 1407 3089 πρός

292 3105 353 3173 τόν
373 3102 619 3176 ἀποστείλαντα
647 3105 752 3174 αὐτόν
777 3107 863 3174 θεὸν
889 3107 946 3175 καί
973 3106 1099 3191 πατέρα
1131 3104 1184 3172 ἐπ’
1208 3105 1328 3184 ὄψεσιν
1348 3102 1407 3171 αό-

292 3211 371 3274 τοῦν.
414 3205 562 3277 όταῦτα
597 3210 778 3288 πιστεύσας
806 3206 868 3295 οὐχ
899 3207 1013 3288 ἁπλοῦς
1040 3206 1115 3276 οὐδ’
1142 3206 1289 3292 ἀλόγως,
1326 3204 1407 3272 ἀλλὰ

293 3312 401 3395 κρίσει
421 3309 478 3377 καί
500 3315 725 3400 πληροφορίᾳ,
747 3311 892 3399 χάρισμα
915 3316 1055 3398 είληφεν
1077 3310 1115 3377 ἐκ
1136 3315 1233 3394 θεοῦ,
1254 3305 1407 3384 άσαύτος

294 3409 331 3476 δέ
361 3411 418 3477 καί
452 3407 470 3478 6
501 3413 610 3499 πάσης
642 3415 801 3501 αίρέσεως
829 3411 1043 3497 άπαλλαγείς.
1087 3410 1132 3497 μή
1165 3399 1229 3476 οῦν
1261 3434 1311 3489 τις
1343 3413 1407 3476 τόν

362 3597 1402 3669 ιωωαωιωοωωαωωωμωαηωι

360 3682 815 3755 πωωαωπωαο

294 3854 307 3908 l
327 3851 407 3921 μυσῆ
422 3870 450 3919 y,
468 3853 617 3910 Μωνσείί
636 3854 641 3924 Ι
660 3858 677 3908 ²
694 3853 745 3910 κοιλ
762 3857 881 3909 alterum
899 3861 942 3920 xt,
961 3845 1085 3923 οὕτως]
1105 3853 1111 3923 Ι
1130 3855 1146 3908 3
1165 3847 1347 3922 δδυσάιιησεν
1364 3871 1381 3904 x
1401 3849 1406 3917 Ι

293 3938 310 3992 3
329 3929 533 4006 ἐμφυχουμίνη
551 3945 563 3992 ι
577 3940 582 4004 Ι
596 3939 615 3992 δ
631 3932 808 4011 ἐγειρόμενα
825 3957 852 4008 x,
870 3931 1058 4008 άνιοτοίμενοι
1075 3947 1106 4006 γε
1119 3941 1125 4003 Ι
1140 3939 1157 3992 δ
1173 3939 1284 4008 μάλλον
1301 3933 1332 3990 δὲ
1350 3927 1407 3990 άπὸ

292 4019 401 4076 τούτων
419 4021 468 4076 καί
481 4016 632 4091 ἐφθόνουν
642 4025 706 4094 †y
721 4028 726 4092 Ι
740 4025 758 4078 δ
774 4017 954 4078 άνθίστακτο
966 4031 978 4078 t
992 4023 998 4092 Ι
1011 4025 1029 4076 δ
1041 4020 1137 4083 ίαννίς
1151 4021 1201 4076 καὶ
1215 4019 1359 4092 ίαμβρίςγ
1373 4024 1378 4086 Ι
1392 4021 1406 4070 ’ί

294 4097 662 4176 οῦτυςιαόρᾶςποῦςγΙ
685 4103 999 4178 11τοῖι,τῷγ,τδλ
1025 4111 1030 4176 Ι
1058 4107 1287 4175 13τάν-ή-γεή
1311 4097 1408 4160 Ιλάν·

293 4185 423 4259 θράποις
439 4213 459 4262 y
473 4192 478 4262 Ι
494 4195 526 4246 14
545 4191 666 4262 είληφεν
682 4212 709 4260 x,
727 4183 829 4263 ἤλειφε
845 4213 864 4262 y
879 4193 884 4263 1
901 4194 934 4248 λδ
953 4187 1031 4248 ἐστιν
1047 4191 1134 4262 1118
1152 4185 1184 4246 ἐν
1202 4185 1408 4260 ἐσχάτοιςκοα·

295 4279 391 4344 ροῖςγ
417 4280 422 4346 Ι
448 4281 482 4334 2³
498 4271 653 4334 α’τιέθανιν
670 4297 687 4332 x
706 4276 713 4349 Ι
732 4280 765 4332 25
782 4274 837 4347 τήν
853 4273 996 4346 πατρικήν
1012 4277 1047 4346 -Ι-
1063 4277 1102 4347 y!
1120 4279 1155 4331 25
1173 4269 1221 4330 ἐπ’
1240 4268 1339 4344 ὄφεσιν
1358 4265 1407 4327 αό-

294 4358 351 4411 τάν
367 4361 401 4428 4
417 4368 449 4428 yt
462 4361 468 4431 Ι
482 4363 524 4416 λδ.
536 4366 569 4415 27
588 4353 636 4417 ἐπ’
655 4354 757 4432 ὄφεσιν
775 4356 872 4417 ου’τοὶν
887 4363 922 4429 >
938 4369 970 4431 yt
984 4364 990 4429 Ι
1004 4363 1038 4414 27
1054 4361 1140 4416 τοῦτο
1157 4364 1244 4430 γΙλΊ
1261 4353 1360 4415 οόδδε
