3160 4976
1400 413 1448 483 95

258 581 340 654 ἱλαβε
348 585 546 655 χειρεπιθεσίαν
557 585 688 658 ἱερατικὴν
697 589 750 638 τῶν
761 584 918 638 ἀποστόλων
932 585 1084 654 Ἀντιόχεια
1093 584 1162 646 καίὴ
1175 585 1259 655 Συρία
1265 586 1308 637 καὶ
1318 584 1335 646 ὴ
1347 583 1454 637 Κιλικία
1472 566 1492 628 ὃ

257 674 330 736 καλὴ
347 670 523 728 Καππαδοκία
537 673 586 735 ἕως
601 674 681 746 όρίων
695 675 796 728 Πόντου
810 677 882 747 παρά
896 677 1014 745 Σίμωνος
1028 674 1137 746 Πέτρου,
1157 672 1185 732 δς
1198 673 1282 726 ἐτίθει
1294 675 1327 726 τά
1340 673 1454 742 θεμέλια

257 761 311 815 ἐκεῖ
328 765 371 816 καὶ
391 761 545 834 ᾠκοδόμησε
563 768 610 826 τὴν
631 763 770 827 ἐκκλησίαν
785 763 812 818 ἐν
830 764 982 835 Ἀντιοχείᾳ
996 767 1039 818 καὶ
1053 763 1187 834 ἱεράτευσε
1200 765 1243 815 καὶ
1257 761 1454 835 όλειτούργησεν

257 851 310 905 ἐκεῖ
318 850 368 912 ἱως
376 848 408 906 ού
414 853 530 915 ἀνῆλθεν
539 853 576 914 είς
586 851 691 924 Ῥώμην
701 856 748 915 τὴν
759 855 834 908 πόλιν
845 853 890 907 διὰ
897 856 1005 924 Σίμωνα
1013 855 1058 907 τόν
1068 855 1151 924 μάγον
1162 855 1206 905 τόν
1214 853 1386 915 πλανὴσαντα
1393 852 1454 904 ἐκεῖ.

226 942 240 982 5
257 940 339 1012 ἱλαβε
352 945 550 1015 χειρεπιθεσίαν
565 943 696 1016 ἱερατικὴν
711 949 764 996 τῶν
777 944 934 998 ἀποστόλων
953 942 1042 1012 Ῥώμη
1055 944 1072 1006 ὴ
1086 944 1161 1002 πόλις
1174 945 1217 995 καὶ
1230 947 1305 995 πᾶσα
1317 942 1334 1004 ὴ
1352 942 1455 994 Ἰταλία
1474 950 1491 988 ε

258 1034 302 1084 καὶ
320 1030 441 1086 Ἱσπανίει
459 1035 502 1086 καὶ
515 1035 660 1104 Βρεττανία
679 1036 722 1086 καὶ
736 1034 839 1087 Γαλλία
856 1035 921 1104 μετὰ
940 1039 992 1088 τῶν
1006 1033 1106 1086 λοιπῶν
1121 1031 1232 1085 ἄλλων·
1247 1032 1382 1102 κλιμάτων
1401 1035 1454 1083 τῶν

256 1124 312 1193 περὶ
332 1119 415 1183 αύτάς
434 1123 505 1194 παρὰ
523 1125 570 1175 τοῦ
591 1120 672 1176 αύτοῦ
695 1125 814 1194 Σίμωνος
834 1124 943 1195 Πέτρου,
968 1121 997 1183 ός
1020 1119 1049 1187 ἐξ
1077 1122 1243 1193 Ἀντιοχείας
1265 1119 1349 1192 ἀνόβη
1372 1120 1454 1174 ἐκεῖσε

262 1209 376 1306 [Q]
397 1214 441 1264 καὶ
460 1211 559 1280 ἐγόιιτο
578 1210 682 1282 ὴγεμὼν
701 1215 745 1266 καί
764 1214 913 1284 προστάτης
926 1211 953 1265 ἐν
968 1221 1000 1285 τῇ
1014 1212 1150 1283 ἐκκλησίᾳ,
1163 1212 1195 1274 ὴν
1210 1210 1379 1281 ᾠκοδόμησεν
1394 1210 1454 1263 ἐκεῖ.

259 1299 342 1370 ε’λαβε
361 1302 561 1373 χειρεπιθισίαν
582 1301 712 1374 ἱερατικὴν
732 1307 784 1355 τῶν
804 1301 962 1356 ἀποστόλων
981 1305 1097 1373 Ἔρεσος
1115 1305 1159 1354 καὶ
1178 1305 1253 1353 πάσα
1271 1300 1288 1362 ὴ
1312 1299 1393 1353 Ἀσία
1411 1301 1455 1352 καί
1477 1307 1499 1355 C

215 1404 241 1444 ιο
260 1389 443 1452 Θεσσαλονίκη
457 1393 500 1444 καὶ
514 1396 587 1444 πᾶσα
599 1392 616 1453 ὴ
628 1389 779 1445 Μακεδονία
788 1395 831 1446 καὶ
844 1396 895 1444 πᾶν
905 1393 934 1444 τό
945 1391 1026 1462 κλίμα
1035 1397 1088 1444 τῶν
1098 1393 1250 1463 Κορινθίων
1263 1395 1307 1444 καί
1320 1391 1337 1452 ὴ
1352 1390 1456 1460 Ἀχαία

260 1481 334 1530 πᾶσα
352 1481 396 1532 καὶ
415 1480 448 1532 τά
467 1483 523 1553 περὶ
541 1479 623 1543 αύτὴν
637 1481 708 1554 παρά
726 1481 853 1537 Ἰωάννου
867 1485 913 1535 τοῦ
926 1479 1123 1551 εὐαγγελιστοῦ,
1143 1479 1172 1542 ός
1184 1478 1338 1551 ᾠκοδόμησε
1350 1483 1398 1541 τὴν
1412 1479 1456 1534 ἐκ·

258 1569 372 1632 κλησίαν
386 1567 439 1622 ἐκεῖ
451 1574 494 1624 καὶ
507 1569 704 1642 ἐλεετούργησεν
718 1571 745 1624 ἐν
760 1570 827 1644 αὐτῇ
841 1571 868 1624 ἐν
881 1571 1016 1642 ὴγεμονίᾳ.

259 1657 341 1727 ἔλαβε
359 1661 558 1730 χειρεπεθεοίαν
578 1660 708 1731 ἱερατικὴν
733 1665 786 1714 τῶν
807 1660 964 1714 ἀποστόλων
984 1661 1081 1712 Νικαία
1100 1663 1143 1726 καί
1162 1659 1322 1730 Νεκομὴδεια
1340 1663 1384 1714 καί
1404 1663 1456 1712 πᾶν
1478 1662 1500 1735 ζ

259 1750 288 1799 τό
307 1746 390 1816 κλίμα
407 1753 453 1810 τῆς
468 1752 599 1810 Βιθυνίας
617 1753 659 1802 καί
673 1755 719 1811 τῆς
732 1750 863 1823 ἐσωτέρας
877 1751 1011 1809 Γαλατίας
1023 1752 1067 1802 καὶ
1081 1754 1168 1810 πάντα
1178 1751 1211 1801 τά
1225 1749 1340 1820 κλίματα
1352 1753 1385 1802 τά
1399 1751 1456 1817 περὶ

216 1852 242 1891 ιε
260 1833 343 1896 αὐτάς
361 1837 433 1906 παρὰ
451 1837 575 1911 Ἀνδρίου
595 1843 641 1892 τοῦ
661 1839 777 1911 ἀδελροῡ
792 1841 909 1909 Σίμωνος
924 1839 1031 1910 Πέτρου,
1052 1838 1079 1899 ύς
1092 1839 1257 1908 ἐμαθήτευσε
1277 1843 1320 1892 καί
1335 1834 1455 1903 ἐδίδαξεν

260 1923 314 1978 ἐκεῖ
326 1929 370 1980 καί
385 1929 484 1998 ἐγίνετο
497 1929 601 1998 ὴγεμὼν
615 1932 658 1982 καὶ
672 1930 820 2002 προστάτης
834 1929 895 1982 ἐκεῖ.

260 2014 343 2088 ἔλαβε
362 2019 559 2090 χειρεπεθεσίαν
579 2018 710 2091 ἱερατικὴν
730 2022 782 2070 τῶν
802 2017 958 2070 ἀποστόλων
973 2020 1120 2082 Βυζάντιον
1142 2020 1185 2071 καὶ
1199 2022 1250 2069 πάν
1263 2021 1291 2071 τό
1311 2018 1393 2086 κλίμα
1408 2021 1455 2078 τῆς
1474 2028 1494 2092 η

261 2107 367 2177 θρᾴκης
386 2111 430 2160 καὶ
449 2108 481 2160 τά
501 2109 556 2179 περὶ
576 2107 658 2169 αύτὴν
678 2106 728 2167 ἕως
747 2112 794 2160 τοῦ
810 2111 929 2177 ποταμοῦ
944 2107 1095 2178 Λανουβίου
1114 2111 1161 2159 τοῦ
1175 2105 1338 2178 διαιροῦντος
1357 2102 1456 2176 μεταξύ

261 2195 367 2268 Θρᾴκης
380 2199 423 2250 καὶ
440 2202 494 2250 τῶν
511 2195 657 2270 βαρβάρων
678 2200 748 2269 παρά
767 2201 860 2250 Λουκᾶ
878 2201 925 2248 τοῦ
944 2199 1068 2265 μαθητοῦ
1087 2202 1141 2250 τῶν
1160 2196 1326 2259 ἀποστόλων,
1346 2195 1374 2256 δς
1392 2195 1455 2258 ε’πη-

216 2299 243 2337 20
260 2280 304 2348 ξεν
319 2285 372 2338 όκεῖ
384 2285 525 2349 ἐκκλησίαν
539 2289 583 2339 καὶ
602 2286 798 2357 ἐλειτούργησεν
814 2286 840 2338 όν
855 2284 921 2358 αὐτῇ
936 2286 962 2338 ἐν
976 2285 1111 2356 ὴγεμονίορ.

260 2373 342 2447 ε’λαβε
360 2377 559 2448 χειρεπεθεσίαν
579 2375 709 2447 ἱερατικὴν
729 2381 781 2428 τῶν
795 2375 951 2428 ἀποστόλων
965 2374 1084 2428 Ἔδεσσα
1097 2378 1185 2429 καὶτὰ
1198 2376 1313 2446 κλίματα
1326 2378 1411 2429 πάντα
1423 2377 1456 2428 τά
1475 2359 1498 2422 λδ

261 2470 317 2539 περί
337 2467 419 2527 αύτὴν
439 2469 483 2519 καὶ
502 2469 577 2516 πᾶσα
594 2465 611 2526 ὴ
631 2467 820 2534 Μεσοποταμία
839 2465 911 2536 παρά
934 2462 1062 2518 Ἀδδαίου
1081 2469 1128 2517 τοῦ
1147 2464 1307 2526 ἀποστόλου,
1327 2464 1384 2524 ἱνδς
1403 2470 1456 2517 τῶν

261 2553 451 2625 ἑβδομήκοντα,
467 2554 495 2615 ός
509 2552 676 2626 ᾠκοδόμησεν
691 2553 743 2607 ἐκεῖ
755 2553 897 2615 ἐκκλησίαν
910 2556 954 2606 καί
967 2554 1163 2626 ἐλεετούργησεν
1177 2554 1204 2608 ἐν
1215 2553 1282 2628 αύτῇ
1293 2554 1320 2608 ἐν
1330 2555 1457 2625 ὴγεμονίορ

262 2647 305 2698 καὶ
318 2647 476 2718 προστασίᾳ.

216 2745 243 2786 κο
259 2733 342 2804 ἱλαβε
361 2736 560 2806 χειριπιθτσίαν
581 2733 712 2806 ἱερατικὴν
731 2737 784 2786 τῶν
804 2733 989 2794 ἀποστόλωνὴ
1004 2735 1097 2804 Περσὶς
1117 2738 1190 2787 πᾶσα
1209 2737 1253 2787 καὶ
1265 2736 1293 2787 τό
1308 2735 1390 2804 κλίμα
1402 2738 1455 2786 τῶν
1475 2744 1485 2782 ε

267 2825 417 2895 Ἀσσυρίων
437 2826 551 2876 καὶτῶν
576 2823 717 2896 Ἀρμενίων
737 2826 851 2876 καὶτῶν
870 2821 970 2884 Μηδῶν
989 2824 1032 2874 καὶ
1052 2825 1085 2876 τά
1104 2824 1219 2893 κλίματα
1235 2822 1398 2894 Βαβυλῶνος
1412 2827 1455 2876 καί

264 2915 297 2966 τά
317 2915 372 2986 περὶ
390 2912 472 2974 αύτὴν
492 2917 535 2967 καὶ
550 2910 619 2972 οἶκος
633 2915 752 2965 Κισσίων
771 2915 814 2966 καὶ
827 2912 969 2974 Γηλαίων·
984 2909 1034 2970 ἕως
1051 2916 1103 2964 τῶν
1118 2911 1197 2983 όρίων
1211 2918 1263 2964 τῶν
1282 2911 1371 2965 Ἰνδῶν
1385 2914 1457 2985 παρά

265 3002 393 3072 Ἀγγαίου
407 3006 454 3055 τοῦ
468 3001 691 3075 σηρικοδιαστοῦ·
704 3005 750 3056 τοῦ
763 3005 887 3072 μαθητοῦ
909 2998 1034 3054 Ἀδδαίου
1048 3005 1094 3053 τοῦ
1108 3000 1267 3055 ἀποστόλου.

259 3095 307 3145 τοῦ
326 3091 354 3144 δέ
373 3091 468 3144 λοιποῦ
488 3091 566 3144 ἄλλοι
586 3089 686 3161 ἱταῑροι
705 3095 748 3146 καὶ
766 3095 887 3162 μαθηταὶ
899 3097 952 3145 τῶν
966 3090 1122 3143 ἀποστόλων
1136 3089 1320 3163 ἐπορεύθησαν
1334 3091 1371 3151 είς
1385 3090 1457 3144 άλλα
1475 3101 1508 3140 ια

215 3191 242 3230 80
259 3183 374 3252 κλίματα
393 3183 495 3254 μακράν
515 3181 650 3250 ἀπέχοντα
668 3184 712 3233 καὶ
731 3180 885 3254 βαρβαρικὰ
898 3185 941 3235 καί
955 3181 983 3234 ἐκ
996 3182 1077 3233 τόπου
1090 3178 1127 3238 εἰς
1140 3180 1218 3233 τόπον
1232 3181 1398 3252 ἐμαθητιυον
1412 3185 1456 3234 καὶ

259 3268 419 3343 παρέβαινον
438 3273 481 3324 καί
501 3270 554 3324 ἐκεῖ
571 3269 803 3342 λελειτουργὴκασε
816 3273 844 3324 τό
859 3275 981 3344 κήρυγμα
994 3267 1081 3326 αύτόιν
1096 3272 1139 3322 καὶ
1152 3269 1205 3322 ἐκεῖ
1217 3273 1320 3340 γὶγονεν
1333 3270 1349 3332 ὴ
1364 3267 1456 3335 ἔξοδος

258 3360 347 3414 αὐτῶν
367 3359 395 3413 ἐκ
414 3365 461 3414 τοῦ
480 3362 579 3432 κόσμου
600 3361 693 3432 [272]
709 3361 813 3414 τούτου.
827 3363 870 3414 καὶ
883 3359 966 3420 ούτως
980 3355 1102 3423 ἐδέξαντο
1116 3359 1176 3432 παρ’
1191 3359 1280 3413 αὐτῶν
1295 3361 1319 3414 οἱ
1331 3363 1453 3430 μαθηταὶ

260 3449 349 3504 αὐτῶν
363 3453 407 3504 καὶ
422 3452 575 3524 πορεύονται
589 3449 675 3504 όπίσω
688 3449 776 3503 αύτῶν
791 3448 841 3510 ἕως
862 3454 909 3502 τοῦ
932 3453 1043 3520 σὴμερον
1063 3451 1106 3502 καὶ
1123 3448 1244 3518 ἀλλαγὴν
1262 3449 1279 3512 ἦ
1300 3453 1456 3524 προσθήκην

259 3539 307 3593 ούκ
320 3540 447 3602 ἐποίησαν
462 3545 523 3613 πρός
543 3544 571 3594 τό
584 3545 706 3612 κηρυγμα
719 3539 817 3592 αὐτῶν.
844 3542 881 3608 τῷ
900 3538 929 3592 δέ
945 3543 1037 3606 Λονκᾷ
1057 3541 1094 3608 τῷ
1114 3537 1285 3612 εύαγγελεστῄ
1299 3536 1330 3600 ὴν
1352 3538 1454 3600 σπουδὴ

214 3639 241 3679 τό
258 3633 302 3683 καὶ
322 3629 418 3703 ε’γραῴε
442 3632 489 3690 τάς
508 3629 692 3702 ἀνδραγαθίας
710 3635 763 3682 τῶν
783 3624 903 3699 πράξεων
923 3634 976 3682 τῶν
996 3629 1152 3681 ἀποστόλων
1171 3632 1214 3682 καὶ
1236 3630 1284 3688 τάς
1303 3623 1392 3692 τάξεις
1411 3631 1455 3682 καί

258 3720 321 3778 τούς
338 3720 435 3788 νόμους
453 3726 499 3781 τὴς
516 3720 683 3791 λειτουργίας
695 3725 741 3781 τὴς
760 3719 888 3791 ἱερατείας
908 3717 995 3772 αὐτῶν
1015 3721 1058 3773 καὶ
1077 3723 1121 3772 ποῖ
1139 3717 1272 3790 ἐπορεύθη
1291 3712 1327 3777 εἱς
1346 3717 1455 3778 ἕκαστος

259 3807 358 3861 αὐτῶν.
389 3808 492 3882 σπουδῇ
513 3802 557 3861 οὖν
577 3814 624 3862 τοῦ
644 3813 736 3864 Λουκά
755 3813 839 3862 ταῦτα
858 3812 901 3862 καὶ
921 3810 1028 3862 πλείονα
1045 3808 1145 3862 τούτων
1164 3807 1294 3879 ἐγράρη’.
1314 3810 1357 3860 καί
1376 3808 1455 3869 ἔθηκε

259 3896 305 3950 διὰ
325 3898 486 3971 ἱὶρισκίλλης
505 3902 548 3951 καὶ
571 3898 672 3952 Ἀκύλα
694 3905 746 3952 τῶν
766 3900 897 3968 μαθητῶν
917 3897 1000 3952 αύτοῦ
1019 3903 1071 3951 τῶν
1090 3898 1263 3967 κολλωμένων
1283 3896 1356 3966 αύτῷ
1376 3899 1455 3970 μὶχρι

259 3991 306 4039 τοῦ
325 3990 445 4042 θανάτου
460 3987 558 4048 αύτοῦ,
582 3986 619 4049 ὡς
634 3989 732 4058 Παύλῳ
753 3987 906 4050 ἐκεκόλλητο
920 3989 1053 4059 Τιμόθεος
1076 3989 1119 4039 καί
1132 3989 1265 4060 Ἔραστος
1288 3987 1316 4041 ἐκ
1331 3988 1455 4059 Λύστρας

214 4089 241 4127 ευ
259 4079 303 4129 καὶ
313 4079 439 4138 Μάναος*
457 4078 571 4151 ἀρχαῖοι
584 4080 705 4148 μαθηταί
727 4083 779 4131 τῶν
800 4077 955 4131 ἀποστόλων
970 4076 1020 4138 ἕως
1039 4072 1072 4130 ού
1090 4075 1207 4138 ἀνῆλθεν
1228 4076 1263 4137 είς
1278 4077 1383 4148 Ῥώμην
1406 4079 1454 4138 τὴν

260 4166 335 4219 πόλιν
350 4169 393 4220 καί
407 4166 460 4220 ἐκεῖ
473 4167 569 4230 ἀνίστη
583 4168 639 4221 κατ’
654 4167 736 4221 αὐτοῦ
750 4168 899 4239 Τέρταλλος
913 4170 956 4220 καὶ
971 4166 1109 4238 ἐρόνευσεν
1124 4165 1137 4218 ὁ
1152 4169 1240 4239 Νἱρων
1254 4170 1298 4220 καί
1313 4165 1393 4220 αύτόν
1411 4171 1455 4222 καί

259 4257 368 4326 Σίμωνα
382 4257 492 4329 Πέτρον,
507 4258 664 4328 σταυρώσας
678 4257 757 4310 αύτόν
771 4257 812 4310 ἐπί
826 4253 909 4321 ξύλου
918 4263 939 4310 “.

340 4362 376 4405 6⁸
390 4377 412 4416 p.
423 4367 458 4414 81,
468 4367 488 4405 ἱ.
500 4367 594 4406 Τιείεοο
604 4365 682 4404 histor.
694 4367 808 4405 ι’1466.-
822 4366 847 4405 27
858 4363 871 4389 ⁸
887 4365 972 4405 ΟΙεεΙοε
987 4365 1053 4415 posui
1068 4367 1119 4416 quia
1134 4365 1259 4406 accuratius
1269 4366 1364 4405 reddere
1375 4375 1455 4406 nomen

258 4438 317 4476 Κήπ
328 4449 372 4477 non
386 4441 494 4488 μοὶατκιιν.
511 4439 570 4477 idem
584 4438 650 4488 Uva!
663 4439 685 4476 ln
701 4437 821 4487 lapidibus,
837 4447 896 4477 nune
909 4436 1042 4477 Ολυεὶεεεεεεε
1058 4438 1086 4477 do
1097 4436 1187 4478 ῦοὶεοίε
1197 4449 1219 4476 ν.
1232 4437 1339 4478 cumton.
1351 4439 1453 4487 spicileg.

258 4521 305 4558 syr.
320 4521 342 4560 p.
354 4511 388 4550 20.
399 4532 426 4540 -
440 4511 466 4549 88
477 4507 490 4534 ⁸
506 4511 547 4550 ἱιοο
562 4510 743 4550 incertissimum.
763 4509 897 4548 vocabulum
913 4519 941 4548 ex
956 4507 1057 4548 Palladio
1071 4511 1150 4559 petivi.
1167 4532 1191 4539 -
1211 4510 1236 4549 οἳ
1251 4504 1265 4534 *
1281 4505 1362 4563 'mv‘
1376 4509 1453 4559 syrus,

259 4582 318 4632 quod
334 4592 414 4623 τοτοοτ
429 4587 451 4623 ut
461 4585 521 4622 recte
539 4583 711 4622 οεοοοόενοτὶιιι.
723 4601 749 4610 -
764 4582 790 4620 4⁰
799 4577 812 4604 ⁸
822 4579 833 4618 ἱ
843 4579 893 4620 Act.
905 4581 943 4620 καί
958 4581 984 4620 16
999 4582 1039 4620 xiii
1050 4584 1069 4620 1.
1085 4603 1111 4612 -
1130 4583 1157 4622 42
1171 4577 1185 4605 ⁸
1199 4583 1351 4632 subscriptum
1366 4582 1389 4621 ln
1404 4581 1453 4620 εοιὶ.

259 4665 305 4702 ονε.
323 4657 414 4706 expuere
428 4657 531 4695 ἀοεεείπα
543 4656 634 4696 Addam*
647 4655 750 4706 σροεεοὶί.
