2998 4972
93 435 110 484 η
128 415 232 472 37-30
1147 432 1210 496 273

93 607 195 662 κοκος
214 582 298 669 μετὰ
326 582 365 650 τό
390 585 537 671 ῥηθῆναι
557 585 617 654 τόν
646 585 811 674 όρθρινόυ
833 588 889 655 καί
916 587 1083 656 ἀπολῦσαι
1106 590 1211 659 αὐτόν

90 683 172 764 τοῦς
200 688 472 772 κατηχουμέυονς
497 687 554 756 καὶ
586 691 841 775 χειμαζομένους
866 691 923 756 καὶ
949 694 1211 777 βαπτιζομένους

91 789 149 856 καλ
163 785 243 866 τοῦς
263 788 302 855 έν
320 793 482 877 μετανοίᾳ
502 790 559 856 καλ
575 789 638 876 τήν
656 789 880 878 ὀφειλομένην
899 793 1107 878 ποιήσασθαι
1124 819 1210 882 προ-

90 891 282 978 σφείνησιν,
303 889 424 975 ἵναμή
448 891 551 958 πόλιν
573 895 722 977 λέγωμεν
741 892 783 958 τό
805 889 901 976 αότιί,
923 893 1108 982 έπιφερέτω
1126 898 1209 983 μετὰ

89 991 129 1059 τό
151 997 277 1060 manv
297 989 436 1076 αῦτοός,
460 989 479 1059 6
497 994 593 1078 θεός,
612 993 668 1059 καί
683 993 875 1081 ἀνόστησον
897 996 936 1062 έν
953 1001 995 1083 τῆ
1014 999 1128 1085 χάριτί
1146 1016 1209 1066 σου
1226 1013 1243 1064 5

89 1094 317 1180 Αίτησιόμεθα
334 1093 425 1180 παρὰ
443 1099 505 1162 τοῦ
519 1099 642 1182 κυρίου
656 1095 698 1162 τδ
712 1097 787 1184 έλέη
799 1095 904 1164 αῦτοῦ
920 1098 1068 1177 καὶτοὺς
1082 1103 1209 1188 οίκτιρ-

88 1197 185 1282 μυός,
208 1196 268 1264 τόν
282 1195 412 1283 ὄρθρον
426 1201 547 1264 τοῦτον
563 1199 620 1264 καὶ
634 1197 697 1284 τήν
711 1195 840 1286 ἡμέραν
858 1200 1032 1287 εἰρηνικήν
1047 1201 1102 1268 καί
1124 1201 1208 1270 ένα-

88 1301 263 1386 μόρτητου
284 1299 341 1366 Διιαλ
371 1299 481 1366 πάντα
507 1298 567 1366 τόν
588 1299 713 1386 χρόνον
743 1304 801 1386 τῆς
827 1306 1074 1388 παρεπιδημίας
1098 1301 1206 1391 ήμῶν,

88 1402 149 1468 τόν
168 1401 314 1486 ἄγγελον
342 1400 401 1468 τὸν
432 1403 487 1468 έπὶ
506 1406 564 1487 τῆς
587 1402 737 1488 είρήνης,
760 1403 936 1488 χριστιανδι
957 1404 998 1470 τό
1015 1409 1103 1492 τέλη,
1127 1409 1207 1474 ἵλεω

90 1505 147 1571 καὶ
166 1501 293 1589 εόμενῆ
313 1502 373 1570 τόν
393 1504 488 1572 θεόν.
521 1501 661 1582 ἑαυτοὺς
681 1503 738 1570 καὶ
760 1503 927 1591 ἀλλήλους
949 1511 995 1594 τῷ
1018 1512 1114 1588 ζῶντι
1135 1514 1207 1598 θεῷ
1228 1525 1259 1574 10

89 1606 145 1672 διὰ
167 1611 231 1673 τοῦ
251 1611 457 1690 μονογενοῦς
482 1605 587 1673 αὐτοῦ
609 1606 851 1693 παραθείμεθα.
897 1608 953 1674 καὶ
981 1607 999 1676 6
1027 1609 1208 1688 έπίσκοπος

42 1715 79 1777 38
90 1707 316 1793 ἐπευχόμενος
338 1710 458 1792 λεγέτω
478 1705 533 1796 ΙὉ
553 1707 671 1786 θεός*
701 1712 770 1774 τόν
796 1708 1000 1793 πνευμάτων
1021 1712 1078 1777 καὶ
1100 1708 1209 1800 πόσης

88 1810 230 1897 σαρκός,
254 1806 273 1874 6
294 1807 496 1895 ἀσύγκριτος
517 1810 574 1876 καί
596 1808 802 1896 ἀπροσδεής,
826 1807 844 1877 6
866 1809 948 1888 δοός
967 1810 1026 1879 τὸν
1043 1812 1142 1899 ῆλιον
1161 1817 1209 1892 είς

88 1912 249 1992 έξουσίαυ
271 1915 329 1997 τῆς
343 1908 476 1998 ἡμέρας,
500 1913 562 1998 τήν
577 1914 614 1978 δὲ
635 1912 781 1997 σελήνην
792 1912 850 1978 καὶ
868 1911 908 1978 τό
926 1912 1032 2001 ἄστρα
1049 1919 1096 1994 είς
1112 1916 1206 1996 ἐξου-

87 2020 168 2080 σίαν
189 2017 250 2097 τῆς
272 2013 410 2090 νυκτός·
435 2012 535 2091 αότδς
557 2015 614 2081 καί
635 2018 700 2080 νῦν
726 2015 819 2080 ἔπιδε
842 2012 898 2099 ἐφ’
922 2012 1009 2100 ῆμῦς
1031 2015 1207 2103 εὐμενέσιν
1226 2033 1257 2084 15

87 2115 280 2201 όφθαλμοίς
294 2114 351 2180 καί
372 2114 551 2200 πρόσδεξαι
572 2117 631 2194 τὰς
649 2114 794 2193 ἑωθινὰς
806 2113 904 2201 ήμιῦυ
920 2115 1130 2205 εὐχαριστίας
1150 2121 1207 2188 καί

88 2217 230 2302 ἐλέησον
250 2215 352 2301 ήμᾶς·
382 2215 423 2282 οῦ
443 2217 509 2302 γδιρ
531 2219 775 2303 διεπετόσαμευ
796 2217 854 2296 τὰς
875 2231 987 2303 χεῖρας
1009 2215 1104 2304 ήμῶν
1123 2222 1207 2306 πρὸς

85 2317 174 2384 θεὸν
198 2317 388 2403 ἀλλότριον.
441 2317 571 2406 οὐγὰρ
601 2324 694 2386 έστιν
722 2319 760 2385 έν
787 2316 868 2403 ήμῐυ
894 2319 976 2396 θεός
1000 2323 1204 2406 πρόσφατος,

85 2417 174 2487 ἀλλὰ
196 2418 240 2485 σῦ
255 2417 273 2485 6
291 2421 426 2498 αίιόνιος
445 2421 501 2487 καί
519 2420 751 2507 ότελεῦτητος,
774 2418 844 2486 ὁτδ
862 2415 948 2486 εἶναι
961 2419 1042 2506 ήμῑυ
1060 2421 1115 2488 διό
1132 2447 1205 2508 χρι-

85 2527 171 2590 στοῦ
193 2523 446 2608 παρασχόμενος
459 2522 516 2588 καί
537 2523 575 2590 τὸ
598 2514 636 2588 εὖ
658 2519 744 2588 εἶναι
765 2520 812 2587 δι’
835 2519 941 2588 αὐτοῦ
956 2524 1203 2609 δωρησάμενος,
1222 2541 1256 2592 20

85 2623 187 2702 αὐτὸς
199 2621 286 2710 ήμᾶς
302 2624 348 2689 δι’
365 2623 470 2690 αὐτοῦ
485 2629 694 2704 καταξίωσον
712 2624 841 2710 καὶτῆς
856 2627 996 2690 αίωνίου
1013 2628 1105 2710 ζωῆς,
1125 2626 1202 2710 μεθ’

86 2717 129 2792 οῦ
152 2745 207 2793 σοι
228 2726 310 2805 δόξα
330 2726 386 2792 καὶ
408 2725 485 2812 τιμή
508 2725 565 2792 καί
587 2727 688 2811 σέβας
708 2725 764 2791 καὶ
786 2730 833 2814 τῷ
857 2723 941 2814 ίιγίςο
969 2727 1133 2812 πνεύματι
1159 2733 1205 2807 είς

85 2828 167 2906 τοῦς
185 2830 323 2904 αίοὶνας·
345 2825 444 2912 όμήν.
491 2828 547 2894 καλ
563 2825 581 2893 6
602 2828 759 2905 διάκονος
775 2829 895 2912 λεγέτω
913 2831 1059 2894 Κλίνατε
1080 2835 1122 2915 τῇ
1135 2853 1205 2914 χει-

38 2938 75 2999 39
85 2933 239 3017 ροθεσίᾳ.
277 2928 334 2995 καὶ
355 2925 373 2994 6
391 2929 573 3008 ἐπίσκοπος
595 2931 788 3015 έπευχέσθω
811 2929 918 3015 λέγων
936 2933 941 3016 Ι
956 2927 991 2996 Ὁ
1011 2931 1092 3007 θεὸς
1112 2929 1131 2997 6
1148 2953 1205 2998 πι-

85 3031 165 3110 στδς
185 3031 243 3097 καὶ
264 3030 443 3116 ἀληθινός,
474 3029 492 3097 6
513 3036 621 3098 ποιοῦν
644 3036 735 3109 ἔλεος
758 3034 803 3108 είς
825 3031 977 3116 χιλιάδας
1003 3031 1060 3096 καὶ
1080 3032 1203 3116 μυριά-
1222 3049 1255 3098 25

84 3137 148 3211 δας
169 3145 240 3211 τοῖς
259 3131 416 3218 όγαπῦσί
435 3149 489 3217 σε,
513 3131 532 3199 6
554 3139 652 3218 φίλος
671 3137 840 3199 ταπεινοῦν
867 3130 923 3197 καὶ
945 3132 1099 3216 πενήτων
1120 3155 1203 3217 προ-

84 3237 224 3321 στάτης,
253 3225 294 3300 οὗ
321 3235 431 3300 πάντα
453 3234 492 3301 έν
510 3239 604 3323 χρείᾳ
626 3235 851 3319 καθέστηκεν,
880 3231 930 3299 ὅτι
955 3232 996 3298 τὰ
1026 3233 1205 3317 σύμπαντα

85 3338 194 3403 δοῦλοί
216 3354 296 3402 σου·
326 3337 420 3402 έπιδε
441 3336 496 3402 έπὶ
518 3336 577 3402 τόν
599 3335 682 3402 λαόν
704 3353 768 3402 σου
790 3338 927 3418 τοῦτον,
953 3334 1031 3412 τοῦς
1049 3336 1204 3402 κεκλικό-

84 3465 146 3517 τας
167 3455 222 3504 σοι
241 3435 300 3516 τὰς
321 3438 452 3505 έαυτοῦν
472 3439 637 3523 κεφαλάς.
667 3436 723 3508 καὶ
737 3499 738 3504 ,
750 3435 935 3522 εῦλόγησον
962 3434 1085 3514 αὐτοῦς
1106 3435 1204 3504 εόλο-

82 3547 166 3626 γίαν
193 3539 442 3624 πνευματικήν,
471 3540 624 3626 φύλαξον
652 3538 777 3615 αὐτοῦς
805 3535 850 3615 ὡς
876 3539 983 3624 κόρην
1009 3537 1202 3624 ὀφθαλμοῦ,
1221 3555 1255 3607 30

86 3643 294 3728 διατήμησου
319 3639 442 3719 αὐτοῦς
470 3641 509 3707 έν
530 3640 683 3729 εὐσεβείᾳ
705 3640 762 3706 καί
782 3639 999 3727 δικαιοσύνη,
1025 3641 1082 3706 καὶ
1101 3665 1204 3706 κατα-

86 3749 211 3824 ξίωσον
225 3741 348 3822 αὐτοῦς
363 3748 421 3830 τῆς
435 3745 575 3810 αίωνιόυ
591 3748 607 3784 *
630 3747 712 3828 ζωῆς
728 3742 766 3808 έν
781 3747 905 3830 χριστῷ
923 3741 1031 3827 Ἰησοῦ
1051 3747 1098 3830 τῷ
1119 3741 1201 3827 ήγα-

86 3845 224 3934 πημένῳ
246 3863 309 3912 σου
338 3847 449 3912 παιδί·
479 3843 559 3930 μεθ’
583 3835 625 3911 οῦ
648 3843 702 3910 σοὶ
729 3845 827 3928 δόξα,
855 3842 932 3930 τιμή
951 3845 1006 3910 καί
1025 3845 1124 3928 σέβας
1146 3843 1203 3908 καί

156 4055 188 4106 12
205 4057 276 4108 Num
295 4053 336 4118 16,
353 4055 386 4106 22
402 4051 407 4122 Ι
424 4053 455 4104 13
473 4053 533 4104 Gen
554 4054 576 4118 l,
598 4052 629 4104 16
644 4053 648 4116 Ι
663 4053 696 4104 25
713 4053 789 4104 Exod
808 4051 850 4118 20,
868 4051 885 4103 ό

87 4209 1200 4292 1ρυδῆταιλ16τοῦ>λΙθίλεωτγλΙΙΟεῦμετείγΙΙῖὁ-ῆνλλ

89 4313 117 4362 14
135 4305 204 4369 τοῦς
221 4300 377 4375 α’στέραςγ
398 4311 404 4375 Ι
426 4311 459 4359 22
478 4307 527 4362 καὶ
546 4309 661 4376 primum
679 4309 748 4372 >y
775 4309 779 4372 Ι
805 4305 839 4357 δῦ
856 4296 1006 4370 α’γαπιόσίν
1024 4319 1041 4352 x
1068 4301 1071 4370 ῆ
1098 4301 1132 4352 ‘28
1150 4317 1202 4354 σου

85 4399 161 4466 prius
179 4403 219 4460 τι,
238 4387 273 4445 σοί
290 4393 376 4464 563²
395 4409 446 4445 σου
464 4393 497 4461 -Ι-
514 4409 531 4459 y
547 4393 600 4459 133
618 4387 689 4455 δόξα
705 4393 740 4456 >
757 4408 774 4442 x

656 4525 657 4530 =
959 4479 998 4542 18
