2994 4972
301 392 361 454 102
599 436 602 442 .
1021 413 1027 424 ·
1318 383 1413 450 7⁶⁴

298 555 377 637 ρίου
399 550 516 635 λόγον·
549 549 627 635 περὶ
648 549 713 636 γάρ
733 550 801 616 των
821 547 984 616 τοιούτων
1010 549 1068 616 καὶ
1085 548 1221 628 Ἡσαΐας
1242 548 1261 616 ὁ
1282 549 1417 636 προφή

300 677 356 738 της
379 654 467 737 λέγει
486 649 587 738 Ἀκοή
608 649 774 735 ἀκούσητε
796 650 852 716 καί
875 649 981 736 ού·μή
1002 651 1138 736 συνῆτε,
1162 651 1218 717 καί
1236 653 1417 737 βλέποντες

298 753 437 839 βλέψετε
460 751 516 820 καὶ
538 751 579 818 ού
600 751 644 838 μή
661 756 771 839 ίδητε,
796 753 972 838 ἐπαχύνθη
989 753 1055 839 γάρ
1073 749 1094 838 ή
1112 755 1235 840 καρδία
1256 753 1322 818 τοῦ
1336 757 1417 818 λαοί

297 854 420 920 τούτου
431 855 570 932 καὶτοῖς
584 852 668 922 ω’σίν
685 852 798 922 αύτάν
809 855 937 939 βαρέως
950 853 1113 940 ἤκουσαν.
1134 855 1140 943 Ι
1159 855 1217 920 τὸν
1234 852 1345 920 αὐτὸν
1361 845 1443 926 ούνῖ

262 969 279 1019 5
297 957 424 1040 τρόπον
437 955 493 1022 καὶ
506 957 574 1022 των
589 955 752 1024 τοιούτων
764 959 877 1043 χηρῶν
893 957 1052 1042 ἐκλείσθη
1067 955 1107 1022 τά
1122 945 1191 1024 εἶτα
1206 956 1263 1041 τῆς
1278 958 1418 1042 καρδίας

298 1059 344 1134 είς
365 1055 402 1122 τὸ
422 1055 467 1141 μή
490 1059 715 1143 καθεζομένας
737 1062 838 1125 ἔνδον
866 1058 906 1126 έν
932 1071 1003 1135 ταῖς
1033 1059 1164 1143 στέγαις
1188 1055 1304 1124 αὐτῶν
1333 1081 1414 1142 προ

297 1160 434 1224 σλαλεῖν
461 1159 507 1246 τῷ
529 1164 653 1248 κυρίῳ,
684 1160 769 1226 ἀλλὰ
796 1159 1056 1247 περιτρεχούσας
1077 1160 1116 1226 έν
1145 1160 1278 1249 ἐπινοίᾳ
1304 1181 1454 1243 xum-w

297 1259 385 1343 σμού
406 1258 463 1325 διά
485 1262 552 1328 τοῖν
574 1263 753 1349 φλυαριάν
777 1262 818 1328 τά
838 1263 900 1328 τού
921 1261 1156 1347 ἀντικειμένου
1177 1261 1417 1345 ἐπιθυμήματα

298 1361 473 1446 πράσσειν.
519 1365 558 1428 αί
576 1365 726 1430 τοιαῦται
749 1354 813 1430 οὖν
834 1371 934 1451 χῆραι
952 1362 992 1430 ού
1011 1363 1260 1449 προσήρτηνται
1281 1363 1332 1451 τῷ
1352 1369 1417 1428 θυ

250 1471 281 1523 10
299 1468 481 1551 σιαστηρίρι
516 1465 578 1531 τού
615 1465 761 1550 χριστοῦ.
808 1465 872 1532 είσί
906 1465 971 1551 γάρ
1004 1470 1091 1532 ἔνιαι
1124 1466 1221 1550 χῆραι
1255 1465 1417 1549 ἐργασίαν

296 1562 481 1651 ἡγούμεναι
502 1564 540 1633 τδ
565 1567 716 1653 πρᾶγμα·
740 1567 796 1633 καὶ
813 1567 847 1647 ἐξ
862 1558 911 1635 ὦν
934 1566 1165 1652 ἀναισχύντως
1186 1565 1343 1632 αίτούσιυ
1364 1565 1417 1630 καλ

297 1665 475 1752 ἀπλήστως
506 1668 758 1754 λαμβάνουσιν,
787 1667 850 1754 ἤδη
878 1669 935 1734 καί
964 1667 1210 1756 ὀκνήροτέρους
1231 1664 1313 1745 τούς
1337 1671 1416 1734 πολ-

298 1767 378 1848 λούς
399 1767 483 1852 πρὸς
506 1769 544 1836 τὸ
567 1770 700 1836 διδόναι
721 1771 938 1856 κατέστησαν.
984 1772 1063 1837 δέον
1084 1767 1150 1854 γάρ
1177 1767 1280 1846 αὐτοῖς
1303 1768 1414 1854 ἀρκεῖ-

298 1877 380 1936 σθαι
407 1881 477 1947 τοῖς
503 1872 790 1956 έκκλησιαστικοῖς
817 1871 874 1938 διά
895 1872 1092 1959 μετριότητα
1115 1869 1266 1956 γνώμης,
1289 1871 1331 1938 ἐκ
1353 1874 1416 1936 των

249 1988 281 2040 15
299 1971 465 2038 έυαντίων
504 1971 737 2058 έπιτρέχουσαι
773 1973 852 2053 τούς
886 1976 953 2040 τοῖν
988 1977 1162 2040 πλουσίων
1194 1978 1312 2050 οίκους
1345 1973 1409 2038 δια

299 2077 451 2140 σείονσιν
474 2069 638 2159 εὐπορίαν
656 2099 691 2140 τε
709 2076 889 2162 χρημάτων
912 2076 1045 2152 ἑαυταῖς
1066 2074 1338 2156 έτιισωρεύουσιν
1363 2073 1416 2140 καί

300 2174 355 2241 ἐπί
375 2186 507 2261 πικροῖς
528 2174 638 2254 τόκοις
653 2178 844 2257 δανείζουσι
860 2176 916 2243 καί
934 2176 1044 2261 μόνον
1059 2180 1124 2242 τοῦ
1145 2177 1289 2262 μαμωνᾶ
1310 2199 1414 2262 φρον-

298 2281 462 2361 τιῗονσιν,
495 2268 545 2343 οἷν
573 2274 694 2356 ὁθεδς
722 2277 759 2344 τὸ
786 2279 1008 2363 βαλλάντιον,
1047 2281 1084 2344 αϊ
1110 2275 1147 2344 τὸ
1177 2291 1303 2363 φαγεῖν
1325 2279 1413 2344 καί*

298 2391 389 2446 πιεῖν
421 2384 645 2465 προκρίνουσι
678 2381 785 2465 πάσης
817 2378 937 2466 ἀρετῆς
970 2380 1127 2464 λέγουσαι
1157 2379 1327 2464 Φάγωμεν
1362 2377 1413 2444 καὶ

246 2495 280 2546 20
299 2485 444 2566 πίωμεν,
473 2480 594 2567 αὔριον
621 2481 686 2569 γάρ
714 2481 994 2567 ἀποθνήσκομεν,
1026 2484 1064 2546 αἳ
1088 2477 1133 2558 οἱς
1160 2480 1284 2548 ἑστῶτα
1314 2480 1413 2548 ταῦτα

300 2583 497 2667 έλογίσαντο
532 2583 587 2648 καί
611 2581 672 2668 ούχ
701 2581 747 2662 οδς
777 2584 959 2669 φεύγοντα.
1004 2580 1024 2669 ή
1057 2581 1123 2667 γάρ
1149 2581 1321 2668 ήσκηκυῖα
1342 2580 1412 2666 περὶ

300 2682 336 2750 τδ
358 2687 622 2768 χρηματολογεῖν
638 2683 714 2750 ἀντὶ
728 2687 789 2752 τού
805 2689 893 2752 θεοῦ
911 2684 1064 2772 λατρεύει
1085 2688 1133 2773 τῷ
1153 2689 1308 2772 μαμωνᾷ,
1325 2679 1411 2750 τοῦτ’

299 2787 369 2850 ἔστι
396 2784 551 2850 δουλεύει
579 2790 625 2873 τῷ
654 2788 781 2873 κέρδει,
814 2792 861 2874 τῷ
888 2789 925 2854 δὲ
954 2787 1026 2876 θεῷ
1054 2784 1234 2873 εὐάρεστος
1262 2782 1350 2852 εἶναι
1375 2781 1412 2850 ού

299 2886 441 2954 δύναται
466 2884 545 2953 οὐδὲ
573 2899 645 2964 ταῖς
677 2891 844 2974 λατρείαις
875 2887 981 2956 αὐτοῦ
1005 2886 1169 2975 ὑπήκοος,
1200 2892 1350 2972 συνεχεῖς
1375 2882 1411 2951 ού

248 3002 281 3062 25
299 2991 471 3075 δυναμένη
495 2989 715 3075 ἐντυγχάνειν
728 2989 820 3080 αὐτῷ
830 3041 839 3075 ,
857 2991 912 3058 ἐπὶ
935 2993 972 3056 τδ
994 2990 1240 3076 ἀργυρολογεῖν
1259 2989 1319 3056 τδν
1333 2987 1411 3056 νούν

299 3091 355 3158 καί
377 3089 439 3175 τήν
461 3092 619 3158 διάθεσιν
647 3095 785 3176 ἔχουσα·
819 3094 957 3179 ἐπείπερ
978 3092 1071 3176 ,ὅπου
1093 3089 1319 3177 ὁθησαυρός,
1349 3092 1413 3158 ἐκεῖ

301 3191 357 3259 καί
378 3190 399 3280 ή
418 3195 540 3279 καρδία
562 3191 672 3279 αὐτῆς.
720 3194 759 3260 ἐν
779 3197 829 3282 νῷ
850 3193 916 3281 γάρ
931 3194 1154 3280 διαλαμβάνει
1169 3197 1236 3259 ποῦ
1261 3192 1411 3278 πορευθῇ

365 3400 455 3466 ‘21saj
474 3401 499 3464 ὃ,
518 3402 544 3452 9.
565 3401 597 3452 10
617 3400 622 3468 Ι
645 3401 675 3452 19
694 3402 750 3468 Isaj
770 3404 811 3465 22,
835 3403 916 3453 13:
935 3403 988 3454 Cor
1005 3417 1024 3452 α
1045 3401 1085 3467 15,
1104 3401 1137 3452 32
1158 3401 1161 3466 Ι
1181 3401 1215 3452 26
1233 3402 1323 3453 Matth
1340 3400 1365 3464 θ,
1381 3399 1407 3448 21

300 3577 537 3650 1γάρ>γιΙ1
558 3583 608 3638 καί
625 3587 659 3650 >
677 3604 701 3638 w
721 3586 726 3654 Ι
746 3589 762 3638 2
780 3579 917 3642 ἀκούσετε
934 3595 979 3654 γλ,
1003 3580 1145 3642 ἀκούσατε
1164 3586 1198 3655 τΙ
1218 3591 1234 3640 2
1252 3584 1409 3656 βέιτοντεςγ

300 3669 303 3734 Ι
324 3667 340 3720 3
353 3664 476 3735 βλέψητε
489 3687 513 3720 w
527 3671 532 3736 Ι
547 3674 562 3721 4
575 3669 624 3723 καί
683 3665 810 3739 ἤκουσαν
821 3674 856 3737 >
867 3680 914 3739 γιῖ
929 3675 933 3738 Ι
949 3675 964 3723 7
982 3669 1199 3741 περιτρέχουσαν
1212 3691 1270 3740 wyz
1287 3675 1291 3726 Ι
1306 3673 1408 3740 Βφλιιι·

299 3753 368 3819 ριάν
387 3771 414 3817 τ,
436 3754 594 3820 φλοιαριοῖιν
613 3763 623 3806 t
642 3758 647 3820 Ι
672 3757 688 3808 8
708 3749 900 3825 ἐνθυμήματα
917 3775 951 3824 γι
973 3761 977 3822 Ι
997 3759 1014 3810 11
1031 3751 1207 3825 πράσσουσιν
1224 3775 1250 3824 γ,
1273 3751 1408 3825 πράσσοις

298 3840 338 3904 τΙ
363 3833 592 3905 9προσήρτηντε
610 3859 627 3891 x
654 3840 658 3907 Ι
686 3842 717 3892 10
735 3838 843 3896 είολνιτ
870 3843 874 3909 Ι
903 3844 934 3894 10
951 3837 1006 3910 γάρ
1025 3849 1093 3906 th,
1114 3837 1146 3894 δὲ
1164 3859 1198 3908 γε
1223 3845 1228 3906 Ι
1257 3843 1283 3892 11
1305 3838 1408 3895 αἰτοῦσι

297 3932 345 3991 γτῖ
364 3926 368 3988 Ι
393 3923 422 3975 13
441 3922 564 3976 διδάναι
583 3943 606 3976 w
622 3927 626 3989 Ι
643 3927 674 3978 11
694 3920 927 3994 ἐκκλησιαστικης
945 3930 965 3978 Ζ
981 3927 985 3994 Ι
1002 3930 1034 3980 15
1053 3919 1305 3994 έμπεριτρίχουσαι
1324 3934 1347 3991 t,
1372 3917 1407 3978 έν-

298 4004 515 4077 περιτρίχονοαι
533 4027 567 4076 γι
583 4011 587 4074 Ι
604 4011 636 4062 15
649 4012 777 4078 πλησίων
790 4019 817 4064 αῖ
833 4012 838 4075 Ι
856 4013 886 4064 16
904 4028 934 4064 τε
946 4013 980 4076 >
991 4019 1038 4077 γτῖ
1053 4012 1058 4078 Ι
1079 4012 1111 4063 16
1128 4009 1370 4078 περισωρεύονσαι
1385 4026 1408 4073 y,
1470 4035 1471 4040 =

297 4091 538 4162 περιπορεύονσαι
556 4112 580 4160 τ,
600 4089 822 4161 έπισωρεύονααι
841 4103 852 4147 t
872 4098 876 4158 Ι
898 4098 929 4148 11
949 4096 1098 4160 δανίζουσι
1117 4115 1156 4162 w,
1176 4096 1358 4159 δανείζουσιν
1374 4094 1408 4147 xY

300 4181 303 4240 Ι
325 4181 356 4231 17
374 4179 563 4248 μαμοννάτΙ
582 4181 611 4232 18
630 4176 786 4249 βαλάντιον
804 4183 839 4244 z!
861 4183 893 4233 18
911 4176 942 4233 τὸ
959 4181 993 4248 -Ι-
1009 4189 1056 4247 yzt
1075 4180 1080 4248 Ι
1102 4181 1134 4232 19
1152 4180 1357 4247 προκρίνουσιν
1373 4177 1406 4231 xl

297 4264 327 4313 21
348 4263 414 4328 κερλ
431 4267 465 4329 >
482 4283 515 4331 yz
532 4264 535 4330 Ι
551 4267 584 4318 23
602 4263 679 4319 ἐστιν
697 4285 713 4320 ιι
730 4269 734 4330 Ι
749 4268 782 4320 ’23
801 4263 932 4318 δουλεύει
951 4273 1028 4332 ιιγτῖ,
1049 4259 1180 4330 λατρεύει
1199 4283 1221 4316 w
1243 4265 1247 4332 Ι
1267 4267 1300 4318 23
1318 4256 1407 4330 εύαρί-
1470 4303 1471 4306 ¹

298 4361 367 4407 στως
386 4365 408 4398 w
429 4347 433 4409 Ι
453 4353 486 4400 ’ὶλ
504 4341 539 4402 ού
558 4359 619 4414 ωτι,
640 4339 694 4402 οὖν
711 4351 814 4416 γτΙῖθ
833 4345 890 4416 ἔχει
908 4367 941 4415 yz
