2998 4972
288 411 349 473 272
704 427 708 435 ’
1270 419 1288 468 τ
1306 403 1405 454 Μ

288 571 395 637 νύκτα
417 568 591 658 είρηνικῆν
614 571 670 637 καί
698 569 951 656 ἀναμάρτητον,
976 567 1033 634 καί
1062 568 1172 634 πάντα
1196 567 1257 634 τὸν
1280 567 1404 654 χρόνον

287 673 345 757 τῆς
358 677 441 758 ζωῆς
461 669 558 757 ῆμῦν
572 670 834 756 ἀκατάγνωστον
856 670 1086 757 αἰτησόμεθα·
1110 670 1250 748 ἑαυτούς
1267 672 1324 738 καί
1345 669 1406 736 ἀλ-

287 775 412 861 λήλους
434 779 481 862 τῷ
502 778 599 855 ζῦντι
616 779 689 862 θεῷ
710 773 767 839 διά
786 778 848 840 τοῦ
868 777 1006 859 χριστοῦ
1028 768 1133 838 αὐτοῦ
1158 771 1402 858 παραδύμεδα.

288 877 344 942 καί
368 874 386 942 ὁ
416 876 598 953 ἐπίσκοπος
626 875 849 961 ἐπευχόμενος
879 875 1000 958 λεγέτω
1034 875 1038 960 Ι
1068 869 1103 940 Ὁ
1129 873 1274 959 ἄναρχος
1301 881 1319 920 *
1349 873 1447 946 miae

252 975 514 1064 οάτελεύτητος,
539 973 642 1044 δτοῑν
663 977 752 1043 ὅλων
773 975 910 1063 ποιητῆς
929 974 986 1042 διά
1005 979 1143 1062 χριστοῦ
1159 975 1216 1041 καί
1237 973 1404 1060 κηδεμοίν,

287 1081 305 1120 *
334 1078 439 1145 αὐτοῦ
465 1080 503 1146 δὲ
523 1077 604 1156 θεὸς
631 1079 688 1145 καί
715 1080 841 1165 πατῆρ,
871 1075 889 1144 ὁ
917 1082 978 1144 τοῦ
1005 1077 1195 1161 πνεύματος
1217 1075 1405 1163 προβολεύς

287 1180 344 1247 καί
364 1186 433 1246 τοῖν
453 1186 585 1267 νοητῦν
608 1181 665 1248 καί
684 1183 857 1266 αἰσδητῦν
878 1178 1053 1265 βασιλεύς,
1078 1176 1096 1245 ὁ
1116 1178 1258 1265 ποιήσας
1275 1175 1405 1264 ἡμέραν

288 1282 371 1368 πρὸς
394 1287 476 1368 έργα
501 1281 612 1370 φωτὸς
641 1283 697 1349 καί
725 1283 833 1349 νύκτα
855 1286 903 1359 εἰς
926 1279 1121 1347 ἀνάπαυσιν
1142 1285 1200 1366 τῆς
1224 1278 1406 1356 ἀσθενείας

284 1381 396 1470 ἡμῶν·
426 1382 468 1470 σῆ
492 1385 558 1471 γάρ
586 1382 719 1470 ε’στινῆ
746 1383 852 1470 ῆμέρα
881 1383 936 1450 καί
957 1383 1000 1468 σῆ
1023 1383 1117 1450 ἐστιν
1137 1381 1157 1467 ῆ
1179 1381 1253 1464 νύξ,
1273 1381 1319 1448 σῦ
1344 1405 1406 1447 κα-

237 1505 270 1558 10
286 1491 430 1573 τηρτίσω
452 1491 581 1572 φαύσιν
602 1487 658 1553 καί
678 1485 792 1572 ῆλιον·
816 1484 916 1564 αύτδς
937 1485 994 1552 καί
1016 1490 1092 1568 νῦν,
1115 1485 1261 1552 δέσποτα
1280 1484 1406 1569 φιλάν-

286 1595 405 1674 θρωπε
433 1590 490 1656 καί
519 1587 558 1655 τὸ
580 1593 649 1654 πάν
683 1587 807 1674 ἀγαθέ,
836 1587 984 1673 εύμενῦς
1012 1588 1192 1670 πρόσδεξαι
1213 1584 1277 1671 τῆν
1307 1585 1405 1652 ἑσπε-

288 1689 388 1777 ρινῆν
409 1689 623 1777 εὐχαριστίαν
644 1687 740 1776 ἡμῶν
759 1689 896 1776 ταύτην.
943 1687 1151 1774 ὁδιαγαγοίν
1173 1685 1260 1774 ἡμᾶς
1280 1686 1320 1752 τά
1342 1691 1406 1772 μῆ-

287 1815 346 1870 κος
364 1797 422 1878 τῆς
434 1790 592 1879 ἡμέρας*
610 1792 667 1858 καί
689 1791 826 1877 άγαγύν
846 1790 900 1858 έπί
915 1789 974 1870 τάς
988 1789 1094 1877 ἀρχάς
1107 1794 1165 1875 τῆς
1179 1789 1314 1873 νυκτός,
1339 1789 1407 1875 φύ-

287 1895 389 1974 λαξον
408 1891 496 1980 ῆμάς
517 1893 574 1960 διά
595 1898 656 1960 τοῦ
674 1898 813 1980 χριστοῦ
834 1911 914 1959 σου·
942 1890 1116 1980 είρηνικῆν
1144 1892 1322 1977 παράσχου
1345 1889 1407 1976 τῆν

236 2013 269 2064 ιε
287 1993 432 2081 ἑσπέραν
454 1995 511 2061 καί
530 1994 593 2080 τῆν
614 1995 721 2061 νύκτα
742 1992 990 2082 ἀναμάρτητον,
1014 1995 1072 2061 καί
1090 1996 1300 2074 καταξίωσον
1320 1990 1408 2078 ῆμάς

286 2099 346 2181 τῆς
360 2098 501 2162 αἰωνίου
517 2115 582 2163 σου
597 2101 680 2182 ζωῆς
694 2095 752 2163 διά
768 2101 829 2164 τοῦ
847 2101 986 2184 χριστοῦ
1007 2115 1082 2181 σου,
1105 2095 1151 2162 δι’
1172 2085 1213 2162 ού
1233 2112 1289 2161 σοι
1311 2095 1405 2174 δόξα,

286 2196 363 2282 τιμῆ
386 2196 443 2264 καί
464 2198 564 2283 σέβας
585 2196 650 2264 σύν
671 2195 755 2288 ἀγίμ
777 2199 941 2284 πνεύματι
963 2202 1010 2277 είς
1030 2197 1109 2277 τοῦς
1130 2201 1271 2274 αἰῶνας·
1303 2195 1405 2282 άμῆν.

286 2299 343 2365 καί
367 2296 385 2365 δ
404 2299 564 2378 διάκονος
587 2304 707 2386 λεγέτω
732 2305 877 2368 Κλίνατε
905 2306 946 2388 τῇ
968 2305 1175 2387 χειροδεσία·
1204 2298 1260 2364 καί
1291 2295 1406 2365 δέτί-

287 2417 411 2480 σκοπος
431 2403 552 2487 λεγέτω
573 2403 635 2469 Θεέ
651 2403 805 2488 πατέρων
826 2403 883 2469 καί
898 2403 995 2489 κύριε
1013 2406 1073 2468 τοῦ
1092 2401 1216 2486 έλέους,
1241 2399 1259 2467 ὁ
1281 2405 1325 2487 τῆ
1346 2417 1406 2466 σο-

234 2521 270 2573 20
286 2507 350 2590 φίᾳ
371 2519 435 2569 σου
457 2505 709 2581 κατασκευάσας
730 2503 926 2588 ἄνθρωπον,
949 2502 987 2570 τὸ
1009 2502 1147 2587 λογικὸν
1161 2508 1246 2591 ζῷον
1262 2501 1302 2570 τὸ
1323 2510 1406 2570 δεο-

287 2605 383 2689 φιλὲς
402 2609 473 2671 τοῖν
495 2605 550 2672 έπί
570 2610 642 2691 γῆς,
666 2606 722 2672 καί
738 2604 819 2682 δούς
840 2604 931 2694 αύτῷ
948 2610 1017 2672 τοῖν
1040 2604 1095 2672 έπί
1115 2609 1174 2690 τῆς
1194 2604 1321 2690 χδονδς
1344 2604 1406 2690 ἀρ-

285 2727 373 2790 χειν·
407 2705 463 2771 καί
484 2707 694 2793 καταστήσας
714 2707 830 2794 γνοέμη
853 2713 897 2794 σῆ
916 2707 1080 2793 ἄρχοντας
1101 2707 1158 2773 καί
1180 2708 1297 2794 ἰερείς,
1328 2707 1407 2784 τούς

285 2807 349 2892 μέν
368 2804 451 2892 πρὸς
470 2805 658 2893 ἀσφάλειαν
678 2813 736 2894 τῆς
757 2813 850 2894 ζωῆς,
871 2813 949 2886 τούς
965 2809 1004 2874 δέ
1025 2808 1109 2895 πρὸς
1124 2813 1284 2895 λατρείαν
1305 2812 1407 2874 έννο-

286 2931 368 2993 μον·
391 2906 491 2986 αύτός
511 2908 568 2975 καί
587 2913 653 2976 νῦν
678 2910 924 2997 ε’πικάμφδητι,
949 2911 1047 2998 κύριε
1065 2912 1327 2997 παντοκράτωρ,
1350 2910 1407 2977 καί

234 3031 268 3082 νσ
287 3010 458 3098 έπίφανον
482 3010 521 3078 τδ
542 3011 725 3098 πρόσωπόν
747 3029 811 3078 σου
837 3011 892 3079 έπί
914 3012 974 3078 τὸν
998 3013 1082 3079 λαόν
1103 3029 1183 3096 σου,
1211 3013 1291 3090 τούς
1319 3014 1406 3097 κάμ-

285 3124 416 3192 ναντας
439 3111 563 3199 αύχένα
590 3115 731 3199 καρδίας
751 3111 881 3197 αύτύν,
910 3117 967 3180 καί
991 3113 1178 3200 εύλόγησον
1201 3113 1329 3192 αύτούς
1349 3113 1406 3180 διά

285 3219 439 3302 χριστοῦ,
467 3214 514 3282 δι’
545 3206 587 3282 ού
613 3217 780 3303 έφιύτισας
805 3214 893 3302 ἡμᾶς
919 3219 992 3303 φῦς
1012 3217 1169 3301 γνύσεως
1193 3216 1249 3282 καί
1275 3213 1405 3284 ἀπεκά-

286 3321 396 3395 λυψας
412 3314 494 3401 ἡμίν
512 3317 671 3385 σεαυτόν·
702 3317 779 3403 μεθ’
803 3309 845 3384 ού
867 3335 920 3384 σοι
941 3319 997 3384 καί
1024 3316 1045 3403 ῆ
1071 3317 1205 3398 έπάξιος
1233 3315 1405 3403 ὀφείλεται

286 3417 512 3504 προσκύνησις
526 3419 616 3507 παρά
629 3421 736 3506 πάσης
752 3424 887 3505 λογικῆς
902 3419 957 3486 καί
972 3419 1069 3505 ἀγίας
1079 3419 1213 3505 φύσεως
1225 3420 1284 3486 καί
1300 3420 1405 3486 πνεύ-

235 3535 268 3588 30
285 3543 363 3604 ματι
390 3524 437 3606 τῷ
459 3523 661 3610 παρακλῆτμ
684 3526 731 3599 εἰς
751 3523 830 3599 τούς
852 3526 991 3599 αι’ῦνας·
1014 3522 1114 3607 άμῆν.
1161 3521 1217 3587 καί
1240 3517 1260 3587 δ
1285 3521 1404 3587 διάκο-

285 3643 344 3698 νος
363 3623 483 3705 λεγέτω
497 3625 711 3708 Προσίλδετε
727 3625 765 3692 έν
783 3625 909 3710 εἰρῆνη.
955 3621 1112 3701 ἀσαύτως
1134 3623 1266 3709 ὄρθρου
1287 3619 1307 3690 ὁ
1328 3625 1405 3688 διά-

352 3839 382 3890 21
404 3838 463 3889 Gen
484 3837 509 3899 l,
529 3839 562 3890 28
577 3839 581 3904 Ι
596 3842 629 3892 25
647 3841 740 3894 Ρειιὶοι
758 3843 805 3906 31,
826 3842 855 3892 17

284 4033 301 4085 3
319 4031 500 4101 παραδοῖμεν
516 4041 547 4097 yt
561 4036 565 4099 Ι
581 4038 597 4086 4
616 4030 686 4097 διὸς
703 4036 737 4104 ῆ-
754 4044 784 4102 ⁸vt
803 4041 808 4092 Ι
827 4039 844 4088 6
862 4031 917 4104 πρὸ
935 4031 968 4090 δέ
985 4031 1103 4090 πάντων
1119 4037 1153 4103 4-
1170 4042 1201 4102 γι
1215 4035 1253 4103 16
1271 4029 1304 4089 ἀλ
1321 4039 1356 4102 >
1372 4043 1402 4101 5¹

287 4119 290 4185 Ι
310 4118 327 4169 fl
344 4113 501 4186 προβολεάς
520 4137 545 4185 x,
564 4114 662 4185 κύριος
674 4129 704 4186 γι
719 4125 723 4186 Ι
738 4121 755 4172 9
773 4115 790 4189 ἡ
810 4115 1248 4190 ρτίιιε>ι19.1οιιατηρτη’σιι
1266 4139 1283 4173 x
1299 4123 1304 4189 Ι
1323 4124 1349 4173 ἰΙ
1371 4117 1401 4172 τὸ

283 4202 345 4254 πάν
361 4197 458 4271 ἀγαθέ
476 4221 519 4271 xy,
537 4199 696 4271 πανάγαδι
714 4213 725 4257 ι
745 4207 749 4272 Ι
773 4207 801 4258 12
821 4205 974 4274 διαγαγεῖν
990 4225 1008 4274 y
1028 4207 1032 4274 Ι
1059 4205 1089 4258 13
1108 4202 1178 4266 δούς
1194 4208 1229 4272 -1-
1245 4223 1263 4272 γ
1279 4210 1284 4274 Ι
1303 4207 1333 4259 Ιδ
1350 4219 1401 4259 εον

284 4290 359 4352 prius
376 4290 410 4352 >
427 4297 458 4355 γε
478 4291 482 4354 Ι
504 4291 533 4341 17
553 4306 606 4343 συν
624 4309 653 4354 x,
673 4283 706 4343 έν
722 4298 753 4356 γι
772 4295 777 4356 Ι
796 4293 826 4342 21
847 4292 904 4343 τάν
922 4293 1037 4344 alterum
1054 4299 1098 4358 γι,
1117 4287 1168 4342 τάν
1185 4293 1222 4356 xl
1242 4293 1276 4342 24
1294 4307 1398 4344 παντο·

284 4365 389 4439 κράτσρ
408 4375 487 4437 t128
504 4372 610 4429 σαυτὸν
626 4383 657 4442 γλ
677 4377 680 4442 l
700 4375 730 4427 31
752 4371 908 4442 προέλθετε
925 4387 956 4443 yt
973 4377 1015 4444 [Π
1030 4377 1052 4444 t]
