3052 4974
107 415 125 480 β
141 415 246 468 20-11
1193 427 1232 486 55

108 601 218 650 τουσα
237 579 261 667 ἢ
280 581 514 668 φθεγγομένη,
541 577 586 658 άς
607 579 686 646 οὐδὲ
710 578 728 646 ὁ
749 583 962 668 παράκλητος
982 581 1041 667 ἀφ’
1061 583 1184 648 ἑαυτοῦ
1202 607 1234 650 τι

107 681 240 768 κοιεῖῆ
261 688 372 766 λαλεῖ,
392 680 479 747 άλλά
499 683 646 762 δοξάζων
664 683 723 748 τόν
745 682 881 768 χριστόν
901 688 1071 769 περιμένει
1086 683 1124 748 τό
1147 685 1234 751 ἐκεί-
1299 685 1303 692 ’

108 809 174 852 νου
190 787 336 869 θέλημα.
383 783 440 849 καί
465 779 511 860 ιός
541 781 602 848 οὐκ
625 787 718 850 ἔστιν
744 789 790 863 είς
812 782 872 850 τόν
897 783 1035 872 χριστόν
1057 790 1234 853 πιστεῦσαι

107 887 195 954 ἄνευ
217 892 277 972 τῆς
296 889 360 952 τοῦ
378 885 567 969 πνεύματος
587 887 821 968 διδασκαλίας,
848 885 954 964 οὕτως
975 884 1060 952 ἄνευ
1080 887 1138 972 τῆς
1158 890 1233 954 δια-

108 991 219 1056 κόνου
240 989 386 1074 μηδεμία
413 992 560 1073 προσίτω
586 987 673 1072 γυνη
695 993 742 1077 τῷ
769 988 916 1076 διακόνῳ
936 983 960 1072 ἢ
980 992 1028 1075 τῷ
1048 989 1231 1077 ἐπισκόπῳ.
1250 1007 1267 1056 5

107 1093 148 1156 ολ
168 1093 208 1157 δὲ
229 1089 451 1176 πρεσβύτεροι
467 1091 514 1166 είς
530 1088 637 1155 τύπον
656 1087 753 1175 ἡμῶν
774 1094 844 1155 τάν
862 1087 1063 1155 ἀποστόλων
1080 1087 1162 1174 ὑμῖν
1176 1115 1234 1158 νε-

108 1197 350 1277 νομίσθωσαν·
380 1192 579 1258 διδάσκαλοι
602 1194 753 1258 ἔστωσαν
775 1197 1004 1275 θεογυοισίας,
1038 1191 1152 1277 ἐπειδὴ
1178 1191 1234 1260 καλ

108 1291 128 1360 ό
159 1294 279 1378 κύριος
306 1289 395 1378 ἡμᾶς
422 1289 638 1358 ἀποστέλλων
659 1297 774 1377 ἔλεγεν
799 1294 1033 1377 Πορευθέντες
1060 1294 1232 1380 μαθητεύ-

108 1414 192 1462 σατε
213 1396 325 1461 πάντα
346 1393 387 1460 τά
407 1397 508 1479 ἔθνη,
541 1396 756 1479 βαπτίζοντες
776 1392 899 1471 αιἰτοός
920 1397 966 1471 είς
985 1394 1023 1459 τό
1045 1393 1151 1480 ὄνομα
1172 1399 1234 1461 τοῦ

108 1495 239 1580 πατρός
258 1496 314 1562 καλ
340 1499 401 1562 τοῦ
418 1497 496 1561 υίοῦ
518 1494 574 1562 καλ
593 1499 656 1562 τοῦ
674 1495 773 1581 άγίου
788 1497 993 1582 πνεύματος,
1016 1498 1234 1575 διδάσκοντες
1253 1513 1285 1564 10

108 1595 237 1676 αὐτους
250 1610 366 1684 τηρεῖν
380 1597 490 1664 πάντα
512 1595 575 1664 ὅσα
595 1597 813 1684 ἐνετειλάμην
828 1595 919 1683 ὑμῖν.
951 1599 989 1664 αλ
1001 1621 1036 1664 τε
1057 1603 1158 1685 χῆραι
1177 1601 1234 1664 καλ

108 1703 128 1742 *
152 1699 302 1786 όρφανολ
321 1696 418 1784 ὑμῶν
440 1703 486 1776 είς
505 1701 614 1766 τύπον
631 1703 693 1764 τοῦ
710 1703 959 1786 θυσιαστηρίου
980 1701 1235 1784 λελογίσθωσαυ

111 1799 204 1886 ὑμῖν.
217 1803 256 1869 αλ
265 1825 301 1868 τε
312 1803 479 1888 παρθένοι
490 1804 537 1878 είς
546 1802 655 1868 τύπον
666 1805 728 1868 τοῦ
736 1807 966 1890 θυμιατηρίου
977 1801 1235 1886 τετιμήσθωσαυ

53 1903 248 1983 2711121013
260 1904 481 1989 θυμιάματος.
502 1915 507 1986 Ι
526 1899 571 1980 ιός
585 1894 648 1969 οὖν
663 1902 725 1970 οὐκ
741 1895 786 1990 ἦν
804 1903 881 1984 ἐξόν
894 1903 1072 1988 άλλογενῆ,
1095 1901 1140 1988 μὴ
1153 1900 1235 1968 ὄντα

109 2010 273 2090 Λευίτηυ,
294 2007 515 2090 προσενέγκαι
533 2029 566 2071 τι
585 2002 609 2090 ἢ
631 2010 836 2090 προσελθεῖν
861 2009 907 2083 είς
929 2003 967 2072 τὸ
988 2005 1235 2090 θυσιαστήριον
1254 2025 1285 2077 15

109 2105 197 2173 ἄνευ
211 2111 273 2173 τοῦ
287 2107 417 2192 ίερέως,
439 2106 544 2185 οὕτως
559 2107 615 2174 καλ
635 2105 729 2192 ὑμεῖς
749 2107 833 2174 άνευ
849 2112 910 2174 τοῦ
924 2107 1111 2174 ἐπισκόπου
1128 2107 1235 2192 μηδὲν

110 2221 239 2276 ποιεῖτε
261 2217 289 2275 *.
334 2211 366 2274 εί
385 2210 424 2274 δέ
441 2233 491 2286 τις
505 2208 588 2275 άνευ
603 2213 665 2275 τοῦ
681 2211 866 2276 ἐπισκόπου
887 2221 978 2276 ποιεί
989 2233 1037 2292 τι,
1060 2210 1106 2285 είς
1125 2209 1235 2292 μάτην

110 2323 205 2378 ποιεί
223 2309 322 2378 αάτό·
350 2309 392 2377 οό
412 2309 477 2397 γάρ
500 2309 591 2398 αὐτῷ
617 2314 663 2388 είς
687 2315 788 2398 ἔργον
810 2311 1057 2397 λογισθήσεται.
1103 2306 1148 2386 τός
1168 2308 1235 2394 γάρ

110 2411 280 2497 όΣαυάλ,
305 2412 389 2479 ἄνευ
406 2417 467 2478 τοῦ
481 2412 643 2499 Σαμουὴλ
658 2414 903 2499 προσενέγκας,
926 2411 1075 2496 ἤκουσεν
1094 2410 1144 2476 ότι
1159 2415 1235 2476 Με-

110 2519 302 2601 ματαίωταί
314 2531 383 2598 σοι,
408 2513 514 2592 οὕτως
531 2514 587 2580 καλ
603 2518 668 2592 πᾶς
683 2515 806 2596 λαικός,
820 2511 903 2580 ἄνευ
919 2516 980 2578 τοῦ
997 2514 1109 2597 ἱερέως
1123 2511 1235 2578 ἐκιτε-
1251 2533 1286 2584 20

112 2621 185 2684 λάν
208 2641 257 2701 τι,
288 2627 515 2701 ματαιοπονεῖ.
562 2615 618 2682 καλ
642 2613 688 2693 άς
710 2615 813 2696 Ὀζίας
840 2611 858 2680 ό
885 2615 1059 2700 βασιλεύς,
1095 2613 1158 2681 οὐκ
1185 2610 1235 2680 τόν

113 2718 224 2806 ἱερεὺς
238 2717 280 2784 τά
302 2722 371 2785 τοῖν
393 2719 510 2806 ἱερέων
533 2717 914 2805 ἐπιτελῶν,1ἐλεπράθη
935 2715 991 2782 διά
1007 2720 1233 2804 παρανομίαν,

112 2821 221 2898 οὕτως
243 2820 299 2886 καλ
322 2825 387 2898 πᾶς
407 2819 521 2897 λαλκδς
539 2817 601 2886 οάκ
617 2819 823 2907 ἀτιμώρητος
844 2823 952 2903 ἔσται,
974 2818 1235 2906 καταφρονήσας

112 2925 129 2964 *
151 2925 241 2988 θεοῦ
256 2922 312 2988 καὶ
328 2927 397 2989 τάν
412 2921 517 2988 αὐτοῦ
537 2921 739 3008 καταμανείς
755 2923 872 3008 ἱερέων
894 2921 951 2988 καὶ
969 2920 1032 3006 ττΙν
1051 2919 1152 3004 τιμὴν
1171 2916 1233 3004 ἅρ-

112 3025 226 3102 κάσας
243 3025 362 3112 ἑαυτῷ,
381 3031 399 3070 *
415 3021 457 3089 οὐ
476 3025 705 3110 μιμησάμενος
725 3022 784 3089 τόν
806 3023 953 3110 χριστόν,
983 3018 1020 3099 ὃς
1034 3019 1094 3106 οὐχ
1115 3017 1236 3086 ἑαυτὸν
1252 3040 1286 3090 23

183 3197 308 3250 81121111
326 3197 368 3261 28,
391 3197 428 3249 19.
447 3198 500 3262 201
517 3198 549 3249 19
567 3199 627 3264 Reg
645 3215 664 3249 α
685 3199 724 3259 13,
746 3198 777 3248 13

114 3370 138 3420 l.
149 3371 167 3420 2
178 3370 258 3421 ποιεῖ
266 3381 292 3420 τι
304 3383 328 3417 w
343 3367 347 3432 Ι
362 3371 378 3417 ⁸2
391 3357 504 3435 λαλεῖἦ
512 3370 592 3420 ποιεῖ
599 3374 646 3434 γτι
662 3368 665 3431 Ι
680 3371 696 3418 '2
708 3359 824 3434 χριστὸν
836 3371 909 3431 ιγτι,
923 3357 990 3417 υλδτ
999 3381 1023 3414 w
1038 3363 1043 3430 Ι
1058 3360 1235 3415 διασπάσαι

113 3459 199 3518 κκγι,
211 3445 353 3506 πιστεύων
364 3465 436 3504 σαιτ
453 3462 456 3519 Ι
471 3448 532 3504 δδλ
543 3471 593 3513 wx,
604 3468 634 3504 τε
643 3457 690 3518 yzt
704 3453 709 3516 Ι
724 3444 874 3503 θτάπαντ
890 3451 895 3519 Ι
910 3451 960 3502 (1.7
973 3448 1208 3516 νενομιίσθωσατ
1218 3465 1237 3499 x

115 3541 118 3561 ¹
142 3540 159 3587 7
176 3540 232 3591 θιο
243 3537 368 3606 γτιιοίας
380 3555 413 3604 w,
433 3553 514 3590 οτκιιι
530 3553 586 3590 una
603 3539 688 3591 litera
702 3539 706 3602 Ι
722 3537 739 3587 8
757 3531 835 3602 ἔλεγε
846 3542 894 3601 γκι
909 3536 913 3599 Ι
928 3535 983 3586 39
1000 3530 1204 3601 μαθυτεάοατι
1221 3549 1236 3584 τ

115 3625 120 3692 Ι
141 3622 316 3691 θβιικτίζον
332 3639 357 3673 w
377 3627 382 3684 Ι
403 3623 435 3674 12
454 3617 484 3674 οἱ
499 3622 533 3687 -Ι-
550 3640 567 3674 x
587 3625 592 3688 Ι
619 3623 650 3674 12
667 3614 748 3690 άμοίυ
764 3622 798 3686 >
815 3626 863 3687 yzt
882 3622 886 3685 Ι
914 3621 944 3671 12
962 3619 1192 3686 λελογιίσθασαν
1209 3637 1235 3680 x,

115 3708 361 3776 λελογίσθωσακκ
377 3707 381 3774 Ι
399 3709 438 3760 12.
454 3708 485 3760 13
496 3699 568 3775 όμῖτ
580 3706 792 3772 λιλογίσθυσαν
801 3723 826 3756 τι
841 3706 846 3770 Ι
863 3706 894 3758 13
905 3720 936 3757 τι
945 3711 1019 3771 xm,
1033 3699 1066 3757 δλ
1078 3721 1102 3754 w
1117 3706 1122 3770 Ι
1138 3704 1170 3756 13
1183 3704 1236 3756 δυ-

114 3793 258 3862 ματηρίου
319 3795 350 3844 14
362 3792 413 3845 τοῦ
423 3794 459 3857 >
475 3810 492 3843 x
507 3793 511 3856 Ι
528 3791 560 3844 13
578 3790 789 3859 θυσιαστηρίου
799 3807 859 3856 υγκ
874 3789 879 3855 Ι
895 3791 927 3842 13
945 3786 1164 3857 τετιμήσθασατ
1175 3794 1237 3856 post

114 3873 304 3947 masmae
324 3879 356 3930 14
372 3895 395 3928 w
419 3876 424 3944 Ι
450 3878 480 3928 ιι
503 3869 541 3936 λς
606 3877 639 3929 ιο
656 3868 813 3929 ἐπισκόπου
830 3877 864 3939 >
881 3893 906 3925 w
928 3877 933 3939 ι
960 3876 991 3926 ιι
1013 3863 1067 3926 οὖν
1083 3875 1117 3938 >
1134 3891 1152 3925 1
1175 3875 1180 3938 Ι
1205 3873 1237 3924 ιο

114 3959 306 4030 κροσιτένκαι
324 3965 361 4028 x!
383 3962 415 4013 13
433 3956 589 4014 ἐπισκόπου
600 3969 661 4029 yn,
686 3955 783 4026 ίερέως
795 3979 812 4012 x
835 3963 838 4026 Ι
861 3961 893 4010 16
910 3952 984 4012 οὕτω
996 3966 1043 4026 γτι
1058 3957 1062 4026 Ι
1079 3959 1109 4010 17
1128 3959 1237 4010 ποιεῖτε

161 4041 321 4104 ἓιτισκόιιου
338 4049 372 4112 >
390 4065 404 4099 π
425 4046 429 4114 Ι
451 4048 482 4098 17
500 4037 572 4100 άνευ
589 4049 642 4098 τοά
659 4041 757 4112 ίερέως
773 4045 807 4113 -Ι-
825 4061 849 4094 w
864 4045 868 4111 Ι
890 4047 921 4096 17
939 4061 966 4096 τι
979 4073 1011 4082 -
1026 4044 1057 4094 18
1070 4045 1152 4096 ποιεῖ
1165 4043 1236 4093 bisz

118 4135 151 4187 19
165 4123 210 4189 ὅτι
228 4135 265 4198 >
282 4150 300 4184 x
320 4135 324 4196 Ι
344 4133 378 4183 20
396 4123 470 4185 οάται
486 4138 534 4198 γτλ
555 4130 561 4200 Ι
584 4131 617 4182 20
636 4125 750 4191 λαοικός
768 4133 787 4181 Z
809 4133 812 4197 Ι
832 4131 863 4181 21
883 4122 993 4197 μάταια
1010 4130 1098 4181 πονεῖ
1111 4131 1159 4191 γτλ
1178 4129 1183 4185 Ι
1203 4125 1234 4176 21

115 4213 131 4273 ὁ
148 4219 213 4284 ζέας
232 4236 257 4268 w
273 4216 277 4284 Ι
293 4217 326 4270 23
345 4206 430 4269 οάιωι
448 4233 487 4280 w,
509 4205 583 4268 οὕτω
605 4223 653 4283 γκλ
671 4216 676 4285 Ι
696 4217 729 4270 13
752 4209 937 4284 άτημάρητος
955 4220 967 4266 t
986 4215 991 4279 Ι
1011 4215 1044 4264 24
1062 4210 1113 4264 τοῦ
1130 4210 1164 4275 -Ι-
1181 4225 1205 4260 w
1229 4209 1234 4274 Ι

113 4307 147 4358 15
162 4301 216 4357 καλ
235 4302 270 4370 -Ι-
289 4303 380 4368 11125
398 4294 433 4354 οό
451 4319 484 4366 w,
502 4296 541 4368 μιΙ
559 4308 619 4367 yzt,
645 4307 769 4354 neutrum
787 4317 805 4352 x
825 4298 829 4368 Ι
849 4300 883 4351 25
900 4293 1096 4367 μημισάμετος
1112 4311 1164 4360 wx,
1183 4311 1236 4364 μη-

110 4383 283 4460 μησάμευος
300 4405 315 4438 τ
331 4385 383 4454 125
401 4380 452 4439 τὸν
467 4387 501 4452 >
518 4391 565 4454 yzt
