<?xml version="1.0" encoding="UTF-8"?>
<!DOCTYPE html PUBLIC "-//W3C//DTD XHTML 1.0 Transitional//EN"
    "http://www.w3.org/TR/xhtml1/DTD/xhtml1-transitional.dtd">
<html xmlns="http://www.w3.org/1999/xhtml" xml:lang="en" lang="en">
 <head>
  <title>
</title>
<meta http-equiv="Content-Type" content="text/html;charset=utf-8" />
  <meta name='ocr-system' content='tesseract 3.04.00' />
  <meta name='ocr-capabilities' content='ocr_page ocr_carea ocr_par ocr_line ocrx_word'/>
</head>
<body>
  <div class='ocr_page' id='page_1' title='image "./decontroversiis00schgoog_0141.png"; bbox 0 0 3052 4974; ppageno 0'>
   <div class='ocr_carea' id='block_1_1' title="bbox 105 399 1233 472">
    <p class='ocr_par' dir='ltr' id='par_1_1' title="bbox 105 399 1233 472">
     <span class='ocr_line' id='line_1_1' title="bbox 105 399 1233 472; baseline 0.003 -22"><span class='ocrx_word' id='word_1_1' title='bbox 105 399 125 467; x_wconf 78' lang='grc' dir='ltr'><strong><em>ρ</em></strong></span> <span class='ocrx_word' id='word_1_2' title='bbox 146 399 251 452; x_wconf 78' lang='grc' dir='ltr'><strong><em>υ-ιι</em></strong></span> <span class='ocrx_word' id='word_1_3' title='bbox 1195 409 1233 472; x_wconf 79' lang='lat'><strong><em>41</em></strong></span> 
     </span>
    </p>
   </div>
   <div class='ocr_carea' id='block_1_2' title="bbox 106 557 1282 2482">
    <p class='ocr_par' dir='ltr' id='par_1_2' title="bbox 106 557 1282 2482">
     <span class='ocr_line' id='line_1_2' title="bbox 109 557 1235 654; baseline 0 -21"><span class='ocrx_word' id='word_1_4' title='bbox 109 562 157 644; x_wconf 81' lang='grc' dir='ltr'><strong><em>ῶς</em></strong></span> <span class='ocrx_word' id='word_1_5' title='bbox 185 564 245 632; x_wconf 81' lang='grc' dir='ltr'><strong><em>καὶ</em></strong></span> <span class='ocrx_word' id='word_1_6' title='bbox 270 562 366 650; x_wconf 71' lang='grc' dir='ltr'><strong><em>ἡμεῖς</em></strong></span> <span class='ocrx_word' id='word_1_7' title='bbox 391 561 535 650; x_wconf 77' lang='grc' dir='ltr'><strong><em>ἀφίεμεν</em></strong></span> <span class='ocrx_word' id='word_1_8' title='bbox 556 576 625 643; x_wconf 75' lang='grc' dir='ltr'><strong><em>τοῖς</em></strong></span> <span class='ocrx_word' id='word_1_9' title='bbox 646 563 833 650; x_wconf 78' lang='grc' dir='ltr'><strong><em>ὀφειλέταις</em></strong></span> <span class='ocrx_word' id='word_1_10' title='bbox 857 561 962 650; x_wconf 87' lang='grc' dir='ltr'><strong><em>ήμῶν</em></strong></span> <span class='ocrx_word' id='word_1_11' title='bbox 1014 565 1076 633; x_wconf 79' lang='grc' dir='ltr'><strong><em>ἐὰν</em></strong></span> <span class='ocrx_word' id='word_1_12' title='bbox 1104 557 1167 634; x_wconf 87' lang='grc' dir='ltr'><strong><em>οῦν</em></strong></span> <span class='ocrx_word' id='word_1_13' title='bbox 1190 568 1235 654; x_wconf 83' lang='grc' dir='ltr'><strong><em>μή</em></strong></span> 
     </span>
     <span class='ocr_line' id='line_1_3' title="bbox 109 661 1235 754; baseline 0.004 -22"><span class='ocrx_word' id='word_1_14' title='bbox 109 666 237 752; x_wconf 79' lang='grc' dir='ltr'><strong><em>ἀφίητε</em></strong></span> <span class='ocrx_word' id='word_1_15' title='bbox 251 679 320 744; x_wconf 74' lang='grc' dir='ltr'><strong><em>τοῖς</em></strong></span> <span class='ocrx_word' id='word_1_16' title='bbox 338 663 563 754; x_wconf 75' lang='grc' dir='ltr'><strong><em>ἡμαρτηκόσι,</em></strong></span> <span class='ocrx_word' id='word_1_17' title='bbox 586 670 656 744; x_wconf 89' lang='grc' dir='ltr'><strong><em>πῶς</em></strong></span> <span class='ocrx_word' id='word_1_18' title='bbox 668 661 763 751; x_wconf 86' lang='grc' dir='ltr'><strong><em>ῦμείς</em></strong></span> <span class='ocrx_word' id='word_1_19' title='bbox 781 666 932 751; x_wconf 75' lang='grc' dir='ltr'><strong><em>λήψεσθε</em></strong></span> <span class='ocrx_word' id='word_1_20' title='bbox 946 665 1009 752; x_wconf 85' lang='grc' dir='ltr'><strong><em>τήν</em></strong></span> <span class='ocrx_word' id='word_1_21' title='bbox 1028 667 1152 754; x_wconf 81' lang='grc' dir='ltr'><strong><em>ἄφεσιν</em></strong></span> <span class='ocrx_word' id='word_1_22' title='bbox 1167 674 1235 736; x_wconf 87' lang='grc' dir='ltr'><strong><em>τῶν</em></strong></span> 
     </span>
     <span class='ocr_line' id='line_1_4' title="bbox 110 764 1235 855; baseline 0.004 -21"><span class='ocrx_word' id='word_1_23' title='bbox 110 766 287 854; x_wconf 78' lang='grc' dir='ltr'><strong><em>ἁμαρτιῶν</em></strong></span> <span class='ocrx_word' id='word_1_24' title='bbox 308 764 420 853; x_wconf 89' lang='grc' dir='ltr'><strong><em>ῦμῶν;</em></strong></span> <span class='ocrx_word' id='word_1_25' title='bbox 449 766 523 852; x_wconf 75' lang='grc' dir='ltr'><strong><em>ούηί</em></strong></span> <span class='ocrx_word' id='word_1_26' title='bbox 544 765 745 834; x_wconf 91' lang='grc' dir='ltr'><strong><em>τοῦναντίον</em></strong></span> <span class='ocrx_word' id='word_1_27' title='bbox 767 766 890 834; x_wconf 84' lang='grc' dir='ltr'><strong><em>ἑαυτὸν</em></strong></span> <span class='ocrx_word' id='word_1_28' title='bbox 911 768 1099 854; x_wconf 81' lang='grc' dir='ltr'><strong><em>ῦεσμεύεις,</em></strong></span> <span class='ocrx_word' id='word_1_29' title='bbox 1128 771 1235 855; x_wconf 85' lang='grc' dir='ltr'><strong><em>λέγων</em></strong></span> 
     </span>
     <span class='ocr_line' id='line_1_5' title="bbox 110 867 1233 958; baseline 0.004 -23"><span class='ocrx_word' id='word_1_30' title='bbox 110 867 251 955; x_wconf 79' lang='grc' dir='ltr'><strong><em>ἀφιέναι</em></strong></span> <span class='ocrx_word' id='word_1_31' title='bbox 264 871 323 938; x_wconf 83' lang='grc' dir='ltr'><strong><em>καί</em></strong></span> <span class='ocrx_word' id='word_1_32' title='bbox 336 869 381 955; x_wconf 81' lang='grc' dir='ltr'><strong><em>μή</em></strong></span> <span class='ocrx_word' id='word_1_33' title='bbox 394 867 521 956; x_wconf 75' lang='grc' dir='ltr'><strong><em>όφιῶνς</em></strong></span> <span class='ocrx_word' id='word_1_34' title='bbox 540 871 616 958; x_wconf 79' lang='grc' dir='ltr'><strong><em>*τῶ</em></strong></span> <span class='ocrx_word' id='word_1_35' title='bbox 630 869 759 936; x_wconf 85' lang='grc' dir='ltr'><strong><em>ἑαυτῶν</em></strong></span> <span class='ocrx_word' id='word_1_36' title='bbox 776 869 915 954; x_wconf 89' lang='grc' dir='ltr'><strong><em>στόματι</em></strong></span> <span class='ocrx_word' id='word_1_37' title='bbox 929 870 1233 956; x_wconf 86' lang='grc' dir='ltr'><strong><em>ἐναντιωθήσεσθε,</em></strong></span> 
     </span>
     <span class='ocr_line' id='line_1_6' title="bbox 109 969 1264 1058; baseline 0 -20"><span class='ocrx_word' id='word_1_38' title='bbox 109 973 269 1056; x_wconf 72' lang='grc' dir='ltr'><strong><em>λέγοντες</em></strong></span> <span class='ocrx_word' id='word_1_39' title='bbox 289 969 427 1058; x_wconf 81' lang='grc' dir='ltr'><strong><em>ἀφιέναι</em></strong></span> <span class='ocrx_word' id='word_1_40' title='bbox 449 971 506 1038; x_wconf 80' lang='grc' dir='ltr'><strong><em>καί</em></strong></span> <span class='ocrx_word' id='word_1_41' title='bbox 519 972 564 1058; x_wconf 88' lang='grc' dir='ltr'><strong><em>μή</em></strong></span> <span class='ocrx_word' id='word_1_42' title='bbox 587 970 759 1057; x_wconf 73' lang='grc' dir='ltr'><strong><em>ἄφιέντεςς</em></strong></span> <span class='ocrx_word' id='word_1_43' title='bbox 783 971 964 1055; x_wconf 80' lang='grc' dir='ltr'><strong><em>μινόσκετε</em></strong></span> <span class='ocrx_word' id='word_1_44' title='bbox 980 971 1045 1056; x_wconf 78' lang='grc' dir='ltr'><strong><em>γὰρ</em></strong></span> <span class='ocrx_word' id='word_1_45' title='bbox 1063 971 1112 1038; x_wconf 84' lang='grc' dir='ltr'><strong><em>ότι</em></strong></span> <span class='ocrx_word' id='word_1_46' title='bbox 1135 971 1153 1040; x_wconf 96' lang='lat'><em>6</em></span> <span class='ocrx_word' id='word_1_47' title='bbox 1172 973 1231 1042; x_wconf 86' lang='grc' dir='ltr'><strong><em>τόν</em></strong></span> <span class='ocrx_word' id='word_1_48' title='bbox 1248 987 1264 1038; x_wconf 73' lang='grc'>5</span> 
     </span>
     <span class='ocr_line' id='line_1_7' title="bbox 108 1068 1234 1162; baseline 0.004 -24"><span class='ocrx_word' id='word_1_49' title='bbox 108 1072 155 1158; x_wconf 85' lang='grc' dir='ltr'><strong><em>μή</em></strong></span> <span class='ocrx_word' id='word_1_50' title='bbox 178 1071 390 1159; x_wconf 75' lang='grc' dir='ltr'><strong><em>ἀδικήσαντα</em></strong></span> <span class='ocrx_word' id='word_1_51' title='bbox 410 1074 586 1159; x_wconf 76' lang='grc' dir='ltr'><strong><em>ἐκβάλλων</em></strong></span> <span class='ocrx_word' id='word_1_52' title='bbox 606 1068 706 1159; x_wconf 82' lang='grc' dir='ltr'><strong><em>ήτόν</em></strong></span> <span class='ocrx_word' id='word_1_53' title='bbox 726 1073 971 1159; x_wconf 76' lang='grc' dir='ltr'><strong><em>ἐπιστρέφοντα</em></strong></span> <span class='ocrx_word' id='word_1_54' title='bbox 988 1072 1033 1160; x_wconf 87' lang='grc' dir='ltr'><strong><em>μή</em></strong></span> <span class='ocrx_word' id='word_1_55' title='bbox 1050 1076 1234 1162; x_wconf 72' lang='grc' dir='ltr'><strong><em>προσδεχό-</em></strong></span> 
     </span>
     <span class='ocr_line' id='line_1_8' title="bbox 108 1165 1234 1262; baseline 0.005 -22"><span class='ocrx_word' id='word_1_56' title='bbox 108 1197 215 1258; x_wconf 82' lang='grc' dir='ltr'><strong><em>μενος</em></strong></span> <span class='ocrx_word' id='word_1_57' title='bbox 228 1174 369 1260; x_wconf 81' lang='grc' dir='ltr'><strong><em>φονεύει</em></strong></span> <span class='ocrx_word' id='word_1_58' title='bbox 385 1174 445 1242; x_wconf 85' lang='grc' dir='ltr'><strong><em>τόν</em></strong></span> <span class='ocrx_word' id='word_1_59' title='bbox 458 1173 610 1262; x_wconf 77' lang='grc' dir='ltr'><strong><em>ἀδελφόν</em></strong></span> <span class='ocrx_word' id='word_1_60' title='bbox 624 1172 801 1242; x_wconf 78' lang='grc' dir='ltr'><strong><em>αὐτοῦκαὶ</em></strong></span> <span class='ocrx_word' id='word_1_61' title='bbox 824 1165 905 1259; x_wconf 75' lang='grc' dir='ltr'><strong><em>αἷμα</em></strong></span> <span class='ocrx_word' id='word_1_62' title='bbox 925 1175 1030 1260; x_wconf 82' lang='grc' dir='ltr'><strong><em>ἐκχέει</em></strong></span> <span class='ocrx_word' id='word_1_63' title='bbox 1049 1173 1093 1254; x_wconf 85' lang='grc' dir='ltr'><strong><em>ῶς</em></strong></span> <span class='ocrx_word' id='word_1_64' title='bbox 1113 1178 1234 1246; x_wconf 80' lang='grc' dir='ltr'><strong><em>*Κάιν</em></strong></span> 
     </span>
     <span class='ocr_line' id='line_1_9' title="bbox 106 1268 1234 1366; baseline 0.004 -24"><span class='ocrx_word' id='word_1_65' title='bbox 106 1277 214 1361; x_wconf 78' lang='grc' dir='ltr'><strong><em>Ἀβελ</em></strong></span> <span class='ocrx_word' id='word_1_66' title='bbox 228 1280 290 1342; x_wconf 91' lang='grc' dir='ltr'><strong><em>τοῦ</em></strong></span> <span class='ocrx_word' id='word_1_67' title='bbox 305 1276 458 1364; x_wconf 80' lang='grc' dir='ltr'><strong><em>όῦελφοῦ</em></strong></span> <span class='ocrx_word' id='word_1_68' title='bbox 471 1275 590 1360; x_wconf 80' lang='grc' dir='ltr'><strong><em>αὐτοῦ,Ι</em></strong></span> <span class='ocrx_word' id='word_1_69' title='bbox 612 1275 669 1343; x_wconf 84' lang='grc' dir='ltr'><strong><em>καὶ</em></strong></span> <span class='ocrx_word' id='word_1_70' title='bbox 682 1275 721 1342; x_wconf 87' lang='grc' dir='ltr'><strong><em>τό</em></strong></span> <span class='ocrx_word' id='word_1_71' title='bbox 744 1268 825 1360; x_wconf 71' lang='grc' dir='ltr'><strong><em>αἱμα</em></strong></span> <span class='ocrx_word' id='word_1_72' title='bbox 842 1275 947 1343; x_wconf 82' lang='grc' dir='ltr'><strong><em>αὐτοῦ</em></strong></span> <span class='ocrx_word' id='word_1_73' title='bbox 962 1281 1056 1362; x_wconf 90' lang='grc' dir='ltr'><strong><em>βοῶν</em></strong></span> <span class='ocrx_word' id='word_1_74' title='bbox 1073 1278 1156 1366; x_wconf 85' lang='grc' dir='ltr'><strong><em>πρὸς</em></strong></span> <span class='ocrx_word' id='word_1_75' title='bbox 1173 1280 1234 1347; x_wconf 89' lang='grc' dir='ltr'><strong><em>τόν</em></strong></span> 
     </span>
     <span class='ocr_line' id='line_1_10' title="bbox 107 1377 1232 1464; baseline 0.004 -20"><span class='ocrx_word' id='word_1_76' title='bbox 107 1377 198 1445; x_wconf 86' lang='grc' dir='ltr'><strong><em>θεὸν</em></strong></span> <span class='ocrx_word' id='word_1_77' title='bbox 216 1377 486 1464; x_wconf 75' lang='grc' dir='ltr'><strong><em>ἐκζητηθήσεται.</em></strong></span> <span class='ocrx_word' id='word_1_78' title='bbox 516 1383 658 1456; x_wconf 78' lang='grc' dir='ltr'><strong><em>Δίκαιος</em></strong></span> <span class='ocrx_word' id='word_1_79' title='bbox 670 1379 734 1463; x_wconf 80' lang='grc' dir='ltr'><strong><em>γὰρ</em></strong></span> <span class='ocrx_word' id='word_1_80' title='bbox 752 1377 876 1454; x_wconf 75' lang='grc' dir='ltr'><strong><em>ἀδίκως</em></strong></span> <span class='ocrx_word' id='word_1_81' title='bbox 895 1383 1078 1464; x_wconf 84' lang='grc' dir='ltr'><strong><em>φονευθείς</em></strong></span> <span class='ocrx_word' id='word_1_82' title='bbox 1099 1377 1165 1448; x_wconf 86' lang='grc' dir='ltr'><strong><em>ύπό</em></strong></span> <span class='ocrx_word' id='word_1_83' title='bbox 1183 1407 1232 1448; x_wconf 64' lang='grc' dir='ltr'><strong><em>τι</em></strong></span> 
     </span>
     <span class='ocr_line' id='line_1_11' title="bbox 110 1477 1282 1568; baseline 0.004 -22"><span class='ocrx_word' id='word_1_84' title='bbox 110 1477 170 1557; x_wconf 86' lang='grc' dir='ltr'><strong><em>νῦς</em></strong></span> <span class='ocrx_word' id='word_1_85' title='bbox 191 1479 283 1563; x_wconf 79' lang='grc' dir='ltr'><strong><em>παρὰ</em></strong></span> <span class='ocrx_word' id='word_1_86' title='bbox 306 1482 324 1521; x_wconf 88' lang='grc'>*</span> <span class='ocrx_word' id='word_1_87' title='bbox 344 1485 417 1568; x_wconf 80' lang='grc' dir='ltr'><strong><em>θεῶ</em></strong></span> <span class='ocrx_word' id='word_1_88' title='bbox 437 1481 476 1548; x_wconf 88' lang='grc' dir='ltr'><strong><em>ἐν</em></strong></span> <span class='ocrx_word' id='word_1_89' title='bbox 498 1480 688 1548; x_wconf 80' lang='grc' dir='ltr'><strong><em>ἀναπαύσει</em></strong></span> <span class='ocrx_word' id='word_1_90' title='bbox 709 1484 801 1546; x_wconf 81' lang='grc' dir='ltr'><strong><em>ἔσται</em></strong></span> <span class='ocrx_word' id='word_1_91' title='bbox 823 1482 869 1558; x_wconf 83' lang='grc' dir='ltr'><strong><em>είς</em></strong></span> <span class='ocrx_word' id='word_1_92' title='bbox 891 1477 950 1546; x_wconf 88' lang='grc' dir='ltr'><strong><em>τόν</em></strong></span> <span class='ocrx_word' id='word_1_93' title='bbox 972 1483 1096 1566; x_wconf 73' lang='grc' dir='ltr'><strong><em>αἰῶνα,</em></strong></span> <span class='ocrx_word' id='word_1_94' title='bbox 1120 1479 1231 1550; x_wconf 84' lang='grc' dir='ltr'><strong><em>ιόσαύ-</em></strong></span> <span class='ocrx_word' id='word_1_95' title='bbox 1250 1497 1282 1550; x_wconf 84' lang='lat'><strong><em>10</em></strong></span> 
     </span>
     <span class='ocr_line' id='line_1_12' title="bbox 108 1578 1232 1670; baseline 0.004 -22"><span class='ocrx_word' id='word_1_96' title='bbox 108 1606 176 1660; x_wconf 88' lang='grc' dir='ltr'><strong><em>τως</em></strong></span> <span class='ocrx_word' id='word_1_97' title='bbox 197 1581 255 1648; x_wconf 85' lang='grc' dir='ltr'><strong><em>καί</em></strong></span> <span class='ocrx_word' id='word_1_98' title='bbox 274 1580 292 1648; x_wconf 99' lang='lat'><em>6</em></span> <span class='ocrx_word' id='word_1_99' title='bbox 313 1581 437 1660; x_wconf 82' lang='grc' dir='ltr'><strong><em>όόίκως</em></strong></span> <span class='ocrx_word' id='word_1_100' title='bbox 458 1582 659 1670; x_wconf 80' lang='grc' dir='ltr'><strong><em>ἀφορισθείς</em></strong></span> <span class='ocrx_word' id='word_1_101' title='bbox 680 1578 748 1648; x_wconf 83' lang='grc' dir='ltr'><strong><em>ὑπὸ</em></strong></span> <span class='ocrx_word' id='word_1_102' title='bbox 770 1585 830 1649; x_wconf 90' lang='grc' dir='ltr'><strong><em>τοῦ</em></strong></span> <span class='ocrx_word' id='word_1_103' title='bbox 852 1581 1048 1648; x_wconf 89' lang='grc' dir='ltr'><strong><em>ἐπισκόπου.</em></strong></span> <span class='ocrx_word' id='word_1_104' title='bbox 1087 1581 1232 1670; x_wconf 88' lang='grc' dir='ltr'><strong><em>όμέντοι</em></strong></span> 
     </span>
     <span class='ocr_line' id='line_1_13' title="bbox 111 1681 1232 1770; baseline 0.004 -20"><span class='ocrx_word' id='word_1_105' title='bbox 111 1684 290 1768; x_wconf 82' lang='grc' dir='ltr'><strong><em>ἐκβάλλων</em></strong></span> <span class='ocrx_word' id='word_1_106' title='bbox 304 1681 349 1762; x_wconf 88' lang='grc' dir='ltr'><strong><em>ῶς</em></strong></span> <span class='ocrx_word' id='word_1_107' title='bbox 362 1683 482 1770; x_wconf 86' lang='grc' dir='ltr'><strong><em>λοιμὸν</em></strong></span> <span class='ocrx_word' id='word_1_108' title='bbox 495 1683 555 1750; x_wconf 89' lang='grc' dir='ltr'><strong><em>τόν</em></strong></span> <span class='ocrx_word' id='word_1_109' title='bbox 576 1683 740 1767; x_wconf 77' lang='grc' dir='ltr'><strong><em>ἀναίτιον,</em></strong></span> <span class='ocrx_word' id='word_1_110' title='bbox 764 1683 961 1769; x_wconf 79' lang='grc' dir='ltr'><strong><em>πικρότερος</em></strong></span> <span class='ocrx_word' id='word_1_111' title='bbox 975 1687 1105 1768; x_wconf 81' lang='grc' dir='ltr'><strong><em>φονέως</em></strong></span> <span class='ocrx_word' id='word_1_112' title='bbox 1127 1683 1145 1753; x_wconf 94' lang='lat'><em>6</em></span> <span class='ocrx_word' id='word_1_113' title='bbox 1162 1711 1232 1754; x_wconf 94' lang='grc' dir='ltr'><strong><em>τοι-</em></strong></span> 
     </span>
     <span class='ocr_line' id='line_1_14' title="bbox 110 1783 1232 1872; baseline 0.004 -20"><span class='ocrx_word' id='word_1_114' title='bbox 110 1790 222 1870; x_wconf 79' lang='grc' dir='ltr'><strong><em>οὗτος,</em></strong></span> <span class='ocrx_word' id='word_1_115' title='bbox 245 1783 307 1852; x_wconf 91' lang='grc' dir='ltr'><strong><em>ούκ</em></strong></span> <span class='ocrx_word' id='word_1_116' title='bbox 328 1785 471 1872; x_wconf 78' lang='grc' dir='ltr'><strong><em>ἀφορῶν</em></strong></span> <span class='ocrx_word' id='word_1_117' title='bbox 493 1790 539 1864; x_wconf 83' lang='grc' dir='ltr'><strong><em>είς</em></strong></span> <span class='ocrx_word' id='word_1_118' title='bbox 553 1783 591 1853; x_wconf 86' lang='grc' dir='ltr'><strong><em>τό</em></strong></span> <span class='ocrx_word' id='word_1_119' title='bbox 606 1789 667 1850; x_wconf 92' lang='grc' dir='ltr'><strong><em>τοῦ</em></strong></span> <span class='ocrx_word' id='word_1_120' title='bbox 684 1789 770 1852; x_wconf 89' lang='grc' dir='ltr'><strong><em>θεοῦ</em></strong></span> <span class='ocrx_word' id='word_1_121' title='bbox 787 1788 889 1868; x_wconf 80' lang='grc' dir='ltr'><strong><em>ἔλεος,</em></strong></span> <span class='ocrx_word' id='word_1_122' title='bbox 911 1783 990 1851; x_wconf 83' lang='grc' dir='ltr'><strong><em>ούῦέ</em></strong></span> <span class='ocrx_word' id='word_1_123' title='bbox 1009 1789 1232 1872; x_wconf 83' lang='grc' dir='ltr'><strong><em>μνημονεύων</em></strong></span> 
     </span>
     <span class='ocr_line' id='line_1_15' title="bbox 109 1881 1232 1976; baseline 0.004 -24"><span class='ocrx_word' id='word_1_124' title='bbox 109 1885 218 1952; x_wconf 85' lang='grc' dir='ltr'><strong><em>αὐτοῦ</em></strong></span> <span class='ocrx_word' id='word_1_125' title='bbox 239 1887 302 1973; x_wconf 85' lang='grc' dir='ltr'><strong><em>τήν</em></strong></span> <span class='ocrx_word' id='word_1_126' title='bbox 325 1887 381 1954; x_wconf 82' lang='grc' dir='ltr'><strong><em>ἐπὶ</em></strong></span> <span class='ocrx_word' id='word_1_127' title='bbox 402 1900 471 1965; x_wconf 70' lang='grc' dir='ltr'><strong><em>τοῖς</em></strong></span> <span class='ocrx_word' id='word_1_128' title='bbox 491 1891 715 1971; x_wconf 84' lang='grc' dir='ltr'><strong><em>μετανοοῦσιν</em></strong></span> <span class='ocrx_word' id='word_1_129' title='bbox 734 1885 972 1973; x_wconf 83' lang='grc' dir='ltr'><strong><em>όγαθοσύνην,</em></strong></span> <span class='ocrx_word' id='word_1_130' title='bbox 1003 1881 1082 1954; x_wconf 77' lang='grc' dir='ltr'><strong><em>οῦδὲ</em></strong></span> <span class='ocrx_word' id='word_1_131' title='bbox 1102 1891 1232 1976; x_wconf 80' lang='grc' dir='ltr'><strong><em>λαμβά-</em></strong></span> 
     </span>
     <span class='ocr_line' id='line_1_16' title="bbox 109 1987 1282 2076; baseline 0.004 -22"><span class='ocrx_word' id='word_1_132' title='bbox 109 2013 184 2054; x_wconf 91' lang='grc' dir='ltr'><strong><em>νων</em></strong></span> <span class='ocrx_word' id='word_1_133' title='bbox 204 1987 354 2066; x_wconf 88' lang='grc' dir='ltr'><strong><em>σκοποῦς</em></strong></span> <span class='ocrx_word' id='word_1_134' title='bbox 373 1993 442 2056; x_wconf 87' lang='grc' dir='ltr'><strong><em>τῶν</em></strong></span> <span class='ocrx_word' id='word_1_135' title='bbox 462 1989 626 2056; x_wconf 86' lang='grc' dir='ltr'><strong><em>τοιούτων</em></strong></span> <span class='ocrx_word' id='word_1_136' title='bbox 652 1987 731 2066; x_wconf 88' lang='grc' dir='ltr'><strong><em>τοῦς</em></strong></span> <span class='ocrx_word' id='word_1_137' title='bbox 759 1987 796 2054; x_wconf 89' lang='grc' dir='ltr'><strong><em>ἐκ</em></strong></span> <span class='ocrx_word' id='word_1_138' title='bbox 825 1989 980 2074; x_wconf 78' lang='grc' dir='ltr'><strong><em>πλήθους</em></strong></span> <span class='ocrx_word' id='word_1_139' title='bbox 1003 1994 1231 2076; x_wconf 84' lang='grc' dir='ltr'><strong><em>παραπτωμό-</em></strong></span> <span class='ocrx_word' id='word_1_140' title='bbox 1251 2006 1282 2058; x_wconf 82' lang='grc'><strong><em>15</em></strong></span> 
     </span>
     <span class='ocr_line' id='line_1_17' title="bbox 109 2088 1233 2181; baseline 0.006 -27"><span class='ocrx_word' id='word_1_141' title='bbox 109 2115 179 2156; x_wconf 87' lang='grc' dir='ltr'><strong><em>των</em></strong></span> <span class='ocrx_word' id='word_1_142' title='bbox 204 2090 244 2158; x_wconf 91' lang='grc' dir='ltr'><strong><em>ἐν</em></strong></span> <span class='ocrx_word' id='word_1_143' title='bbox 264 2096 425 2179; x_wconf 77' lang='grc' dir='ltr'><strong><em>μετανοίᾳ</em></strong></span> <span class='ocrx_word' id='word_1_144' title='bbox 449 2091 627 2177; x_wconf 79' lang='grc' dir='ltr'><strong><em>εἰληφότας</em></strong></span> <span class='ocrx_word' id='word_1_145' title='bbox 652 2089 784 2176; x_wconf 76' lang='grc' dir='ltr'><strong><em>ἄφεσιν.</em></strong></span> <span class='ocrx_word' id='word_1_146' title='bbox 830 2088 886 2156; x_wconf 78' lang='grc' dir='ltr'><strong><em>διὰ</em></strong></span> <span class='ocrx_word' id='word_1_147' title='bbox 908 2095 1008 2157; x_wconf 90' lang='grc' dir='ltr'><strong><em>τοῦτο</em></strong></span> <span class='ocrx_word' id='word_1_148' title='bbox 1032 2093 1233 2181; x_wconf 85' lang='grc' dir='ltr'><strong><em>ίταμῶτερος</em></strong></span> 
     </span>
     <span class='ocr_line' id='line_1_18' title="bbox 108 2190 1232 2280; baseline 0.004 -21"><span class='ocrx_word' id='word_1_149' title='bbox 108 2196 304 2277; x_wconf 80' lang='grc' dir='ltr'><strong><em>σωματικοῦ</em></strong></span> <span class='ocrx_word' id='word_1_150' title='bbox 326 2195 457 2278; x_wconf 85' lang='grc' dir='ltr'><strong><em>φονέως</em></strong></span> <span class='ocrx_word' id='word_1_151' title='bbox 486 2191 504 2259; x_wconf 99' lang='lat'><em>6</em></span> <span class='ocrx_word' id='word_1_152' title='bbox 531 2192 591 2258; x_wconf 86' lang='grc' dir='ltr'><strong><em>τόν</em></strong></span> <span class='ocrx_word' id='word_1_153' title='bbox 619 2191 773 2260; x_wconf 78' lang='grc' dir='ltr'><strong><em>ἀναίτιον</em></strong></span> <span class='ocrx_word' id='word_1_154' title='bbox 801 2190 1030 2280; x_wconf 77' lang='grc' dir='ltr'><strong><em>ἀπορρίπτων.</em></strong></span> <span class='ocrx_word' id='word_1_155' title='bbox 1075 2191 1232 2276; x_wconf 85' lang='grc' dir='ltr'><strong><em>ῶσαύτως</em></strong></span> 
     </span>
     <span class='ocr_line' id='line_1_19' title="bbox 109 2288 1232 2381; baseline 0.005 -22"><span class='ocrx_word' id='word_1_156' title='bbox 109 2294 167 2360; x_wconf 82' lang='grc' dir='ltr'><strong><em>καί</em></strong></span> <span class='ocrx_word' id='word_1_157' title='bbox 194 2291 213 2358; x_wconf 95' lang='lat'><em>6</em></span> <span class='ocrx_word' id='word_1_158' title='bbox 233 2293 278 2378; x_wconf 88' lang='grc' dir='ltr'><strong><em>μή</em></strong></span> <span class='ocrx_word' id='word_1_159' title='bbox 301 2295 568 2381; x_wconf 75' lang='grc' dir='ltr'><strong><em>προσδεχόμενος</em></strong></span> <span class='ocrx_word' id='word_1_160' title='bbox 588 2293 648 2361; x_wconf 87' lang='grc' dir='ltr'><strong><em>τόν</em></strong></span> <span class='ocrx_word' id='word_1_161' title='bbox 669 2298 899 2380; x_wconf 88' lang='grc' dir='ltr'><strong><em>μετανοοῦντα</em></strong></span> <span class='ocrx_word' id='word_1_162' title='bbox 920 2288 1093 2381; x_wconf 80' lang='grc' dir='ltr'><strong><em>σκορπίζει</em></strong></span> <span class='ocrx_word' id='word_1_163' title='bbox 1109 2295 1151 2363; x_wconf 78' lang='grc' dir='ltr'><strong><em>τό</em></strong></span> <span class='ocrx_word' id='word_1_164' title='bbox 1170 2304 1232 2364; x_wconf 89' lang='grc' dir='ltr'><strong><em>τοῦ</em></strong></span> 
     </span>
     <span class='ocr_line' id='line_1_20' title="bbox 107 2393 1231 2482; baseline 0.004 -20"><span class='ocrx_word' id='word_1_165' title='bbox 107 2398 265 2480; x_wconf 75' lang='grc' dir='ltr'><strong><em>χριστοῦ,</em></strong></span> <span class='ocrx_word' id='word_1_166' title='bbox 288 2396 364 2462; x_wconf 87' lang='grc' dir='ltr'><strong><em>κατ’</em></strong></span> <span class='ocrx_word' id='word_1_167' title='bbox 382 2394 487 2464; x_wconf 82' lang='grc' dir='ltr'><strong><em>αὐτοῦ</em></strong></span> <span class='ocrx_word' id='word_1_168' title='bbox 504 2396 696 2482; x_wconf 75' lang='grc' dir='ltr'><strong><em>γενόμενος·</em></strong></span> <span class='ocrx_word' id='word_1_169' title='bbox 721 2393 766 2473; x_wconf 82' lang='grc' dir='ltr'><strong><em>ῶς</em></strong></span> <span class='ocrx_word' id='word_1_170' title='bbox 782 2395 847 2482; x_wconf 78' lang='grc' dir='ltr'><strong><em>γὰρ</em></strong></span> <span class='ocrx_word' id='word_1_171' title='bbox 863 2396 992 2473; x_wconf 84' lang='grc' dir='ltr'><strong><em>όίκαιός</em></strong></span> <span class='ocrx_word' id='word_1_172' title='bbox 1011 2398 1103 2464; x_wconf 86' lang='grc' dir='ltr'><strong><em>ἐστιν</em></strong></span> <span class='ocrx_word' id='word_1_173' title='bbox 1118 2395 1136 2465; x_wconf 94' lang='lat'><em>6</em></span> <span class='ocrx_word' id='word_1_174' title='bbox 1151 2398 1231 2478; x_wconf 85' lang='grc' dir='ltr'><strong><em>θεός</em></strong></span> 
     </span>
    </p>
   </div>
   <div class='ocr_carea' id='block_1_3' title="bbox 55 2495 1281 2993">
    <p class='ocr_par' dir='ltr' id='par_1_3' title="bbox 55 2495 1281 2993">
     <span class='ocr_line' id='line_1_21' title="bbox 110 2495 1281 2590; baseline 0.004 -27"><span class='ocrx_word' id='word_1_175' title='bbox 110 2497 148 2563; x_wconf 92' lang='grc' dir='ltr'><strong><em>ἐν</em></strong></span> <span class='ocrx_word' id='word_1_176' title='bbox 165 2501 213 2584; x_wconf 75' lang='grc' dir='ltr'><strong><em>τῷ</em></strong></span> <span class='ocrx_word' id='word_1_177' title='bbox 233 2501 364 2582; x_wconf 89' lang='grc' dir='ltr'><strong><em>κρίνειν</em></strong></span> <span class='ocrx_word' id='word_1_178' title='bbox 382 2496 460 2576; x_wconf 89' lang='grc' dir='ltr'><strong><em>τοῦς</em></strong></span> <span class='ocrx_word' id='word_1_179' title='bbox 480 2496 708 2584; x_wconf 78' lang='grc' dir='ltr'><strong><em>ἁμαρτωλούς,</em></strong></span> <span class='ocrx_word' id='word_1_180' title='bbox 731 2495 838 2575; x_wconf 82' lang='grc' dir='ltr'><strong><em>οὕτως</em></strong></span> <span class='ocrx_word' id='word_1_181' title='bbox 860 2497 1012 2584; x_wconf 81' lang='grc' dir='ltr'><strong><em>ἐλεήμων</em></strong></span> <span class='ocrx_word' id='word_1_182' title='bbox 1028 2499 1066 2565; x_wconf 93' lang='grc' dir='ltr'><strong><em>ἐν</em></strong></span> <span class='ocrx_word' id='word_1_183' title='bbox 1083 2504 1131 2590; x_wconf 82' lang='grc' dir='ltr'><strong><em>τῶ</em></strong></span> <span class='ocrx_word' id='word_1_184' title='bbox 1146 2524 1230 2588; x_wconf 88' lang='grc' dir='ltr'><strong><em>προ-</em></strong></span> <span class='ocrx_word' id='word_1_185' title='bbox 1247 2516 1281 2568; x_wconf 82' lang='lat'><strong><em>20</em></strong></span> 
     </span>
     <span class='ocr_line' id='line_1_22' title="bbox 109 2595 1231 2690; baseline 0.005 -26"><span class='ocrx_word' id='word_1_186' title='bbox 109 2599 291 2684; x_wconf 77' lang='grc' dir='ltr'><strong><em>σόέχεσθαι</em></strong></span> <span class='ocrx_word' id='word_1_187' title='bbox 315 2597 394 2677; x_wconf 89' lang='grc' dir='ltr'><strong><em>τοῦς</em></strong></span> <span class='ocrx_word' id='word_1_188' title='bbox 419 2601 697 2688; x_wconf 85' lang='grc' dir='ltr'><strong><em>ἐπιστρέφοντας·</em></strong></span> <span class='ocrx_word' id='word_1_189' title='bbox 729 2603 821 2677; x_wconf 89' lang='grc' dir='ltr'><strong><em>ἐλεος</em></strong></span> <span class='ocrx_word' id='word_1_190' title='bbox 840 2597 905 2686; x_wconf 79' lang='grc' dir='ltr'><strong><em>γὰρ</em></strong></span> <span class='ocrx_word' id='word_1_191' title='bbox 931 2600 988 2667; x_wconf 80' lang='grc' dir='ltr'><strong><em>καί</em></strong></span> <span class='ocrx_word' id='word_1_192' title='bbox 1013 2606 1126 2688; x_wconf 89' lang='grc' dir='ltr'><strong><em>κρίσιν</em></strong></span> <span class='ocrx_word' id='word_1_193' title='bbox 1147 2595 1231 2690; x_wconf 82' lang='grc' dir='ltr'><strong><em>ήῦευ</em></strong></span> 
     </span>
     <span class='ocr_line' id='line_1_23' title="bbox 55 2693 1230 2790; baseline 0.004 -24"><span class='ocrx_word' id='word_1_194' title='bbox 55 2698 204 2788; x_wconf 76' lang='grc' dir='ltr'><strong><em>22αῦτῶ</em></strong></span> <span class='ocrx_word' id='word_1_195' title='bbox 225 2701 243 2740; x_wconf 85' lang='grc'><em>*</em></span> <span class='ocrx_word' id='word_1_196' title='bbox 263 2699 282 2766; x_wconf 91' lang='lat'><em>6</em></span> <span class='ocrx_word' id='word_1_197' title='bbox 301 2700 468 2787; x_wconf 84' lang='grc' dir='ltr'><strong><em>θεοφιλής</em></strong></span> <span class='ocrx_word' id='word_1_198' title='bbox 488 2704 611 2786; x_wconf 83' lang='grc' dir='ltr'><strong><em>Δαβίό.</em></strong></span> <span class='ocrx_word' id='word_1_199' title='bbox 639 2715 643 2783; x_wconf 90' lang='grc' dir='ltr'>Ι</span> <span class='ocrx_word' id='word_1_200' title='bbox 670 2700 731 2787; x_wconf 84' lang='grc' dir='ltr'><strong><em>χρή</em></strong></span> <span class='ocrx_word' id='word_1_201' title='bbox 754 2704 794 2767; x_wconf 82' lang='grc' dir='ltr'><strong><em>θέ</em></strong></span> <span class='ocrx_word' id='word_1_202' title='bbox 812 2718 867 2786; x_wconf 87' lang='grc' dir='ltr'><strong><em>σε,</em></strong></span> <span class='ocrx_word' id='word_1_203' title='bbox 900 2693 927 2766; x_wconf 86' lang='grc' dir='ltr'><strong><em>ῶ</em></strong></span> <span class='ocrx_word' id='word_1_204' title='bbox 958 2705 1136 2788; x_wconf 89' lang='grc' dir='ltr'><strong><em>ἐπίσκοπε,</em></strong></span> <span class='ocrx_word' id='word_1_205' title='bbox 1165 2704 1230 2790; x_wconf 89' lang='grc' dir='ltr'><strong><em>πρό</em></strong></span> 
     </span>
     <span class='ocr_line' id='line_1_24' title="bbox 108 2799 1231 2892; baseline 0.007 -26"><span class='ocrx_word' id='word_1_206' title='bbox 108 2799 301 2887; x_wconf 75' lang='grc' dir='ltr'><strong><em>ὀφθαλμῶν</em></strong></span> <span class='ocrx_word' id='word_1_207' title='bbox 327 2806 417 2886; x_wconf 83' lang='grc' dir='ltr'><strong><em>ἐχειν</em></strong></span> <span class='ocrx_word' id='word_1_208' title='bbox 438 2802 495 2870; x_wconf 82' lang='grc' dir='ltr'><strong><em>καὶ</em></strong></span> <span class='ocrx_word' id='word_1_209' title='bbox 521 2803 562 2869; x_wconf 82' lang='grc' dir='ltr'><strong><em>τὰ</em></strong></span> <span class='ocrx_word' id='word_1_210' title='bbox 582 2802 822 2888; x_wconf 80' lang='grc' dir='ltr'><strong><em>προωθευκότα</em></strong></span> <span class='ocrx_word' id='word_1_211' title='bbox 847 2803 905 2870; x_wconf 84' lang='grc' dir='ltr'><strong><em>καὶ</em></strong></span> <span class='ocrx_word' id='word_1_212' title='bbox 932 2807 1096 2892; x_wconf 89' lang='grc' dir='ltr'><strong><em>ἐμπείρως</em></strong></span> <span class='ocrx_word' id='word_1_213' title='bbox 1119 2804 1231 2885; x_wconf 86' lang='grc' dir='ltr'><strong><em>αύτοίς</em></strong></span> 
     </span>
     <span class='ocr_line' id='line_1_25' title="bbox 107 2901 1230 2993; baseline 0.004 -23"><span class='ocrx_word' id='word_1_214' title='bbox 107 2908 296 2990; x_wconf 75' lang='grc' dir='ltr'><strong><em>κεχρῆσθαι</em></strong></span> <span class='ocrx_word' id='word_1_215' title='bbox 316 2903 399 2990; x_wconf 87' lang='grc' dir='ltr'><strong><em>πρός</em></strong></span> <span class='ocrx_word' id='word_1_216' title='bbox 420 2909 607 2972; x_wconf 85' lang='grc' dir='ltr'><strong><em>νουθεσίαν</em></strong></span> <span class='ocrx_word' id='word_1_217' title='bbox 628 2909 697 2986; x_wconf 85' lang='grc' dir='ltr'><strong><em>τῶν</em></strong></span> <span class='ocrx_word' id='word_1_218' title='bbox 717 2909 909 2972; x_wconf 88' lang='grc' dir='ltr'><strong><em>στυπτικῶν</em></strong></span> <span class='ocrx_word' id='word_1_219' title='bbox 930 2901 953 2991; x_wconf 84' lang='grc' dir='ltr'><strong><em>ή</em></strong></span> <span class='ocrx_word' id='word_1_220' title='bbox 971 2911 1230 2993; x_wconf 88' lang='grc' dir='ltr'><strong><em>παρακλητικῶν</em></strong></span> 
     </span>
    </p>
   </div>
   <div class='ocr_carea' id='block_1_4' title="bbox 168 3069 643 3161">
    <p class='ocr_par' dir='ltr' id='par_1_4' title="bbox 168 3069 643 3161">
     <span class='ocr_line' id='line_1_26' title="bbox 168 3069 643 3161; baseline 0.004 -15"><span class='ocrx_word' id='word_1_221' title='bbox 168 3069 194 3146; x_wconf 81' lang='grc' dir='ltr'><strong><em>ὀ</em></strong></span> <span class='ocrx_word' id='word_1_222' title='bbox 212 3093 267 3161; x_wconf 64' lang='lat' dir='ltr'><strong><em>sap</em></strong></span> <span class='ocrx_word' id='word_1_223' title='bbox 284 3097 314 3158; x_wconf 87' lang='lat'><strong><em>4,</em></strong></span> <span class='ocrx_word' id='word_1_224' title='bbox 334 3094 415 3161; x_wconf 74' lang='grc' dir='ltr'><strong><em>τινι</em></strong></span> <span class='ocrx_word' id='word_1_225' title='bbox 435 3097 529 3148; x_wconf 74' lang='lat' dir='ltr'><strong>psalm</strong></span> <span class='ocrx_word' id='word_1_226' title='bbox 549 3095 609 3160; x_wconf 87' lang='lat'>101,</span> <span class='ocrx_word' id='word_1_227' title='bbox 631 3097 643 3148; x_wconf 93' lang='lat'>1</span> 
     </span>
    </p>
   </div>
   <div class='ocr_carea' id='block_1_5' title="bbox 101 3255 1229 4440">
    <p class='ocr_par' dir='ltr' id='par_1_5' title="bbox 101 3255 1229 4440">
     <span class='ocr_line' id='line_1_27' title="bbox 106 3255 1227 3338; baseline 0.004 -22"><span class='ocrx_word' id='word_1_228' title='bbox 106 3267 123 3316; x_wconf 90' lang='grc'><strong>2</strong></span> <span class='ocrx_word' id='word_1_229' title='bbox 141 3259 265 3334; x_wconf 70' lang='grc' dir='ltr'><strong><em>ἀφίεται</em></strong></span> <span class='ocrx_word' id='word_1_230' title='bbox 283 3283 317 3332; x_wconf 78' lang='lat' dir='ltr'><strong><em>w,</em></strong></span> <span class='ocrx_word' id='word_1_231' title='bbox 335 3255 438 3332; x_wconf 80' lang='grc' dir='ltr'><strong><em>οἷφίετε</em></strong></span> <span class='ocrx_word' id='word_1_232' title='bbox 456 3283 482 3330; x_wconf 82' lang='lat' dir='ltr'><strong><em>x,</em></strong></span> <span class='ocrx_word' id='word_1_233' title='bbox 502 3258 595 3335; x_wconf 82' lang='grc' dir='ltr'><strong><em>όφήτε</em></strong></span> <span class='ocrx_word' id='word_1_234' title='bbox 613 3273 660 3333; x_wconf 78' lang='lat' dir='ltr'><strong><em>yzt</em></strong></span> <span class='ocrx_word' id='word_1_235' title='bbox 675 3268 679 3331; x_wconf 96' lang='grc' dir='ltr'>Ι</span> <span class='ocrx_word' id='word_1_236' title='bbox 695 3269 711 3318; x_wconf 91' lang='grc'><strong>2</strong></span> <span class='ocrx_word' id='word_1_237' title='bbox 728 3258 898 3334; x_wconf 86' lang='grc' dir='ltr'><strong><em>ήμαρτικόσι</em></strong></span> <span class='ocrx_word' id='word_1_238' title='bbox 916 3283 954 3329; x_wconf 79' lang='grc' dir='ltr'><strong><em>ιτ,</em></strong></span> <span class='ocrx_word' id='word_1_239' title='bbox 972 3258 1170 3334; x_wconf 76' lang='grc' dir='ltr'><strong><em>ἡμαρτηκόσιν</em></strong></span> <span class='ocrx_word' id='word_1_240' title='bbox 1185 3285 1203 3321; x_wconf 81' lang='lat' dir='ltr'>x</span> <span class='ocrx_word' id='word_1_241' title='bbox 1222 3268 1227 3338; x_wconf 99' lang='grc' dir='ltr'>Ι</span> 
     </span>
     <span class='ocr_line' id='line_1_28' title="bbox 105 3343 1228 3420; baseline 0.004 -19"><span class='ocrx_word' id='word_1_242' title='bbox 105 3354 122 3401; x_wconf 98' lang='grc'><strong>2</strong></span> <span class='ocrx_word' id='word_1_243' title='bbox 141 3346 291 3416; x_wconf 76' lang='grc' dir='ltr'><strong><em>λήψεσθαι</em></strong></span> <span class='ocrx_word' id='word_1_244' title='bbox 309 3367 333 3402; x_wconf 88' lang='lat' dir='ltr'>w</span> <span class='ocrx_word' id='word_1_245' title='bbox 349 3352 353 3416; x_wconf 94' lang='grc' dir='ltr'>Ι</span> <span class='ocrx_word' id='word_1_246' title='bbox 369 3343 510 3419; x_wconf 76' lang='grc' dir='ltr'><strong><em>ΒήμῶνΖ</em></strong></span> <span class='ocrx_word' id='word_1_247' title='bbox 526 3350 530 3418; x_wconf 97' lang='grc' dir='ltr'>Ι</span> <span class='ocrx_word' id='word_1_248' title='bbox 546 3353 562 3404; x_wconf 84' lang='grc'>3</span> <span class='ocrx_word' id='word_1_249' title='bbox 575 3343 695 3413; x_wconf 79' lang='grc' dir='ltr'><strong><em>ἓαυτοῦς</em></strong></span> <span class='ocrx_word' id='word_1_250' title='bbox 709 3344 859 3419; x_wconf 81' lang='grc' dir='ltr'><strong><em>δεσμεύετε</em></strong></span> <span class='ocrx_word' id='word_1_251' title='bbox 879 3346 1008 3418; x_wconf 74' lang='grc' dir='ltr'><strong><em>λέγοντες</em></strong></span> <span class='ocrx_word' id='word_1_252' title='bbox 1019 3357 1066 3418; x_wconf 73' lang='lat' dir='ltr'><strong><em>yzt</em></strong></span> <span class='ocrx_word' id='word_1_253' title='bbox 1080 3351 1085 3418; x_wconf 98' lang='grc' dir='ltr'>Ι</span> <span class='ocrx_word' id='word_1_254' title='bbox 1099 3353 1116 3404; x_wconf 80' lang='grc'><strong>4</strong></span> <span class='ocrx_word' id='word_1_255' title='bbox 1128 3343 1228 3420; x_wconf 79' lang='grc' dir='ltr'><strong><em>όφιὲν-</em></strong></span> 
     </span>
     <span class='ocr_line' id='line_1_29' title="bbox 104 3427 1229 3508; baseline 0.005 -22"><span class='ocrx_word' id='word_1_256' title='bbox 104 3449 155 3495; x_wconf 86' lang='grc' dir='ltr'><strong><em>τες</em></strong></span> <span class='ocrx_word' id='word_1_257' title='bbox 171 3433 269 3502; x_wconf 70' lang='lat' dir='ltr'>yzt14</span> <span class='ocrx_word' id='word_1_258' title='bbox 287 3428 322 3487; x_wconf 88' lang='grc' dir='ltr'><strong><em>ού</em></strong></span> <span class='ocrx_word' id='word_1_259' title='bbox 339 3437 373 3500; x_wconf 86' lang='grc' dir='ltr'><strong><em>-Ι-</em></strong></span> <span class='ocrx_word' id='word_1_260' title='bbox 391 3438 453 3501; x_wconf 72' lang='grc' dir='ltr'><strong><em>ιΙλ</em></strong></span> <span class='ocrx_word' id='word_1_261' title='bbox 471 3427 576 3489; x_wconf 80' lang='grc' dir='ltr'><strong><em>ἕαῦτόν</em></strong></span> <span class='ocrx_word' id='word_1_262' title='bbox 593 3455 618 3497; x_wconf 83' lang='lat' dir='ltr'><strong><em>x,</em></strong></span> <span class='ocrx_word' id='word_1_263' title='bbox 637 3433 746 3490; x_wconf 87' lang='grc' dir='ltr'><strong><em>οίκείωι</em></strong></span> <span class='ocrx_word' id='word_1_264' title='bbox 764 3454 789 3488; x_wconf 82' lang='lat' dir='ltr'><strong>w</strong></span> <span class='ocrx_word' id='word_1_265' title='bbox 804 3435 808 3504; x_wconf 96' lang='grc' dir='ltr'>Ι</span> <span class='ocrx_word' id='word_1_266' title='bbox 823 3439 839 3486; x_wconf 82' lang='grc'>4</span> <span class='ocrx_word' id='word_1_267' title='bbox 858 3429 1127 3504; x_wconf 81' lang='grc' dir='ltr'><strong><em>ἐναντιωθήσεσθαι</em></strong></span> <span class='ocrx_word' id='word_1_268' title='bbox 1144 3457 1168 3490; x_wconf 81' lang='grc' dir='ltr'><strong><em>τι</em></strong></span> <span class='ocrx_word' id='word_1_269' title='bbox 1188 3439 1193 3508; x_wconf 98' lang='grc' dir='ltr'>Ι</span> <span class='ocrx_word' id='word_1_270' title='bbox 1212 3441 1229 3492; x_wconf 79' lang='grc'>5</span> 
     </span>
     <span class='ocr_line' id='line_1_30' title="bbox 104 3509 1228 3590; baseline 0.004 -18"><span class='ocrx_word' id='word_1_271' title='bbox 104 3511 247 3587; x_wconf 81' lang='grc' dir='ltr'><strong><em>α’φίοντες</em></strong></span> <span class='ocrx_word' id='word_1_272' title='bbox 265 3538 282 3572; x_wconf 89' lang='lat' dir='ltr'>x</span> <span class='ocrx_word' id='word_1_273' title='bbox 297 3521 301 3585; x_wconf 96' lang='grc' dir='ltr'>Ι</span> <span class='ocrx_word' id='word_1_274' title='bbox 317 3523 333 3572; x_wconf 84' lang='grc'>5</span> <span class='ocrx_word' id='word_1_275' title='bbox 351 3515 519 3586; x_wconf 68' lang='grc' dir='ltr'><strong><em>γινώσκεται</em></strong></span> <span class='ocrx_word' id='word_1_276' title='bbox 537 3540 561 3572; x_wconf 88' lang='lat' dir='ltr'>w</span> <span class='ocrx_word' id='word_1_277' title='bbox 575 3523 611 3588; x_wconf 78' lang='lat'><strong><em>{5</em></strong></span> <span class='ocrx_word' id='word_1_278' title='bbox 629 3519 683 3589; x_wconf 74' lang='grc' dir='ltr'><strong><em>γὰρ</em></strong></span> <span class='ocrx_word' id='word_1_279' title='bbox 702 3527 764 3583; x_wconf 72' lang='grc' dir='ltr'><strong><em>ιντλ,</em></strong></span> <span class='ocrx_word' id='word_1_280' title='bbox 783 3509 837 3574; x_wconf 85' lang='grc' dir='ltr'><strong><em>οῦν</em></strong></span> <span class='ocrx_word' id='word_1_281' title='bbox 853 3539 887 3588; x_wconf 77' lang='lat' dir='ltr'><strong><em>yz</em></strong></span> <span class='ocrx_word' id='word_1_282' title='bbox 904 3523 976 3574; x_wconf 72' lang='lat'><strong><em>167</em></strong></span> <span class='ocrx_word' id='word_1_283' title='bbox 995 3518 1149 3590; x_wconf 77' lang='grc' dir='ltr'><strong><em>δεχόμενος</em></strong></span> <span class='ocrx_word' id='word_1_284' title='bbox 1160 3543 1177 3576; x_wconf 85' lang='lat' dir='ltr'>x</span> <span class='ocrx_word' id='word_1_285' title='bbox 1193 3527 1197 3590; x_wconf 96' lang='grc' dir='ltr'>Ι</span> <span class='ocrx_word' id='word_1_286' title='bbox 1212 3527 1228 3577; x_wconf 86' lang='grc'>7</span> 
     </span>
     <span class='ocr_line' id='line_1_31' title="bbox 105 3597 1227 3676; baseline 0.007 -20"><span class='ocrx_word' id='word_1_287' title='bbox 105 3599 217 3672; x_wconf 83' lang='grc' dir='ltr'><strong><em>φονεύς</em></strong></span> <span class='ocrx_word' id='word_1_288' title='bbox 226 3605 278 3657; x_wconf 84' lang='grc' dir='ltr'><strong><em>τοῦ</em></strong></span> <span class='ocrx_word' id='word_1_289' title='bbox 288 3598 419 3671; x_wconf 78' lang='grc' dir='ltr'><strong><em>όόελφοῦ</em></strong></span> <span class='ocrx_word' id='word_1_290' title='bbox 431 3597 520 3659; x_wconf 89' lang='grc' dir='ltr'><strong><em>αότοῦ</em></strong></span> <span class='ocrx_word' id='word_1_291' title='bbox 531 3600 611 3660; x_wconf 59' lang='lat' dir='ltr'><strong><em>&amp;alt</em></strong></span> <span class='ocrx_word' id='word_1_292' title='bbox 626 3613 631 3668; x_wconf 90' lang='grc' dir='ltr'>Ι</span> <span class='ocrx_word' id='word_1_293' title='bbox 646 3601 759 3674; x_wconf 75' lang='grc' dir='ltr'><strong><em>7ἐκηέει</em></strong></span> <span class='ocrx_word' id='word_1_294' title='bbox 769 3602 842 3675; x_wconf 79' lang='grc' dir='ltr'><strong><em>αἷμα</em></strong></span> <span class='ocrx_word' id='word_1_295' title='bbox 852 3625 870 3660; x_wconf 79' lang='lat' dir='ltr'>x</span> <span class='ocrx_word' id='word_1_296' title='bbox 885 3608 888 3672; x_wconf 96' lang='grc' dir='ltr'>Ι</span> <span class='ocrx_word' id='word_1_297' title='bbox 905 3609 920 3658; x_wconf 94' lang='grc'>7</span> <span class='ocrx_word' id='word_1_298' title='bbox 933 3599 991 3674; x_wconf 85' lang='grc' dir='ltr'><strong><em>ό-Ι-</em></strong></span> <span class='ocrx_word' id='word_1_299' title='bbox 1001 3625 1026 3659; x_wconf 83' lang='lat' dir='ltr'><strong>w</strong></span> <span class='ocrx_word' id='word_1_300' title='bbox 1039 3607 1043 3676; x_wconf 88' lang='grc' dir='ltr'>Ι</span> <span class='ocrx_word' id='word_1_301' title='bbox 1058 3603 1136 3661; x_wconf 87' lang='grc' dir='ltr'><strong><em>8τὸν</em></strong></span> <span class='ocrx_word' id='word_1_302' title='bbox 1145 3600 1227 3664; x_wconf 66' lang='lat'><em>6022-</em></span> 
     </span>
     <span class='ocr_line' id='line_1_32' title="bbox 105 3682 1228 3762; baseline 0.005 -21"><span class='ocrx_word' id='word_1_303' title='bbox 105 3682 167 3756; x_wconf 81' lang='grc' dir='ltr'><strong><em>φόν</em></strong></span> <span class='ocrx_word' id='word_1_304' title='bbox 183 3707 217 3756; x_wconf 79' lang='lat' dir='ltr'><strong><em>yz</em></strong></span> <span class='ocrx_word' id='word_1_305' title='bbox 236 3691 241 3755; x_wconf 96' lang='grc' dir='ltr'>Ι</span> <span class='ocrx_word' id='word_1_306' title='bbox 261 3690 279 3742; x_wconf 87' lang='grc'>8</span> <span class='ocrx_word' id='word_1_307' title='bbox 296 3683 387 3742; x_wconf 88' lang='grc' dir='ltr'><strong><em>αῦτοῦ</em></strong></span> <span class='ocrx_word' id='word_1_308' title='bbox 409 3695 485 3759; x_wconf 80' lang='lat' dir='ltr'>prius</span> <span class='ocrx_word' id='word_1_309' title='bbox 502 3693 537 3756; x_wconf 94' lang='lat'>&gt;</span> <span class='ocrx_word' id='word_1_310' title='bbox 553 3699 600 3758; x_wconf 69' lang='grc' dir='ltr'><strong><em>με</em></strong></span> <span class='ocrx_word' id='word_1_311' title='bbox 615 3692 619 3760; x_wconf 99' lang='grc' dir='ltr'>Ι</span> <span class='ocrx_word' id='word_1_312' title='bbox 633 3692 650 3743; x_wconf 89' lang='grc'>8</span> <span class='ocrx_word' id='word_1_313' title='bbox 662 3691 773 3760; x_wconf 78' lang='grc' dir='ltr'><strong><em>βοῶντα</em></strong></span> <span class='ocrx_word' id='word_1_314' title='bbox 785 3711 803 3744; x_wconf 84' lang='lat' dir='ltr'>x</span> <span class='ocrx_word' id='word_1_315' title='bbox 818 3692 821 3762; x_wconf 96' lang='grc' dir='ltr'>Ι</span> <span class='ocrx_word' id='word_1_316' title='bbox 837 3693 853 3744; x_wconf 84' lang='lat'><strong>8</strong></span> <span class='ocrx_word' id='word_1_317' title='bbox 871 3689 921 3744; x_wconf 82' lang='grc' dir='ltr'><strong><em>τόν</em></strong></span> <span class='ocrx_word' id='word_1_318' title='bbox 937 3693 972 3758; x_wconf 92' lang='grc'>&gt;</span> <span class='ocrx_word' id='word_1_319' title='bbox 988 3699 1035 3759; x_wconf 80' lang='lat' dir='ltr'><strong><em>yzt</em></strong></span> <span class='ocrx_word' id='word_1_320' title='bbox 1054 3691 1059 3760; x_wconf 96' lang='grc' dir='ltr'>Ι</span> <span class='ocrx_word' id='word_1_321' title='bbox 1078 3692 1095 3746; x_wconf 83' lang='grc'>9</span> <span class='ocrx_word' id='word_1_322' title='bbox 1114 3685 1228 3762; x_wconf 79' lang='grc' dir='ltr'><strong><em>ἐκόιιιη·</em></strong></span> 
     </span>
     <span class='ocr_line' id='line_1_33' title="bbox 104 3769 1226 3846; baseline 0.004 -18"><span class='ocrx_word' id='word_1_323' title='bbox 104 3772 230 3840; x_wconf 85' lang='grc' dir='ltr'><strong><em>θήσεται</em></strong></span> <span class='ocrx_word' id='word_1_324' title='bbox 248 3793 273 3826; x_wconf 85' lang='lat' dir='ltr'>w</span> <span class='ocrx_word' id='word_1_325' title='bbox 288 3777 293 3840; x_wconf 92' lang='grc' dir='ltr'>Ι</span> <span class='ocrx_word' id='word_1_326' title='bbox 308 3775 325 3826; x_wconf 84' lang='grc'><strong>9</strong></span> <span class='ocrx_word' id='word_1_327' title='bbox 342 3769 397 3842; x_wconf 79' lang='grc' dir='ltr'><strong><em>ηόρ</em></strong></span> <span class='ocrx_word' id='word_1_328' title='bbox 416 3782 478 3841; x_wconf 75' lang='lat' dir='ltr'><strong><em>th,</em></strong></span> <span class='ocrx_word' id='word_1_329' title='bbox 498 3776 598 3829; x_wconf 87' lang='grc' dir='ltr'><strong><em>τοίνυν</em></strong></span> <span class='ocrx_word' id='word_1_330' title='bbox 615 3795 648 3842; x_wconf 78' lang='lat' dir='ltr'><strong><em>yz</em></strong></span> <span class='ocrx_word' id='word_1_331' title='bbox 664 3776 669 3844; x_wconf 95' lang='grc' dir='ltr'>Ι</span> <span class='ocrx_word' id='word_1_332' title='bbox 686 3777 718 3828; x_wconf 90' lang='grc'><strong><em>10</em></strong></span> <span class='ocrx_word' id='word_1_333' title='bbox 735 3778 784 3829; x_wconf 87' lang='grc' dir='ltr'><strong><em>τῶι</em></strong></span> <span class='ocrx_word' id='word_1_334' title='bbox 801 3778 836 3846; x_wconf 90' lang='grc' dir='ltr'><strong><em>-Ι-</em></strong></span> <span class='ocrx_word' id='word_1_335' title='bbox 853 3777 896 3844; x_wconf 74' lang='lat' dir='ltr'><strong><em>w!</em></strong></span> <span class='ocrx_word' id='word_1_336' title='bbox 914 3777 943 3830; x_wconf 93' lang='grc'><strong><em>11</em></strong></span> <span class='ocrx_word' id='word_1_337' title='bbox 962 3773 1071 3838; x_wconf 80' lang='grc' dir='ltr'><strong><em>είόίκως</em></strong></span> <span class='ocrx_word' id='word_1_338' title='bbox 1089 3796 1143 3844; x_wconf 74' lang='lat' dir='ltr'><strong><em>wy,</em></strong></span> <span class='ocrx_word' id='word_1_339' title='bbox 1164 3774 1226 3832; x_wconf 81' lang='grc' dir='ltr'><strong><em>διοί-</em></strong></span> 
     </span>
     <span class='ocr_line' id='line_1_34' title="bbox 103 3856 1226 3930; baseline 0.004 -20"><span class='ocrx_word' id='word_1_340' title='bbox 103 3877 162 3920; x_wconf 80' lang='grc' dir='ltr'><strong><em>κως</em></strong></span> <span class='ocrx_word' id='word_1_341' title='bbox 180 3877 208 3923; x_wconf 85' lang='grc' dir='ltr'><strong><em>τ,</em></strong></span> <span class='ocrx_word' id='word_1_342' title='bbox 227 3862 356 3926; x_wconf 85' lang='grc' dir='ltr'><strong><em>ματαίως</em></strong></span> <span class='ocrx_word' id='word_1_343' title='bbox 374 3869 404 3913; x_wconf 80' lang='lat' dir='ltr'><strong><em>xt</em></strong></span> <span class='ocrx_word' id='word_1_344' title='bbox 422 3867 505 3928; x_wconf 73' lang='lat' dir='ltr'><strong>atque</strong></span> <span class='ocrx_word' id='word_1_345' title='bbox 523 3864 565 3913; x_wconf 73' lang='lat' dir='ltr'><strong><em>ita</em></strong></span> <span class='ocrx_word' id='word_1_346' title='bbox 583 3863 683 3914; x_wconf 79' lang='lat' dir='ltr'><strong>lemma</strong></span> <span class='ocrx_word' id='word_1_347' title='bbox 699 3863 729 3914; x_wconf 88' lang='lat' dir='ltr'><strong><em>in</em></strong></span> <span class='ocrx_word' id='word_1_348' title='bbox 747 3866 872 3930; x_wconf 72' lang='lat' dir='ltr'><strong>margine</strong></span> <span class='ocrx_word' id='word_1_349' title='bbox 890 3864 943 3929; x_wconf 74' lang='lat' dir='ltr'><strong><em>yz!</em></strong></span> <span class='ocrx_word' id='word_1_350' title='bbox 965 3863 995 3914; x_wconf 91' lang='lat'><strong><em>11</em></strong></span> <span class='ocrx_word' id='word_1_351' title='bbox 1014 3856 1068 3930; x_wconf 72' lang='grc' dir='ltr'><strong><em>μέν</em></strong></span> <span class='ocrx_word' id='word_1_352' title='bbox 1086 3864 1164 3927; x_wconf 77' lang='grc'><strong>1112</strong></span> <span class='ocrx_word' id='word_1_353' title='bbox 1183 3856 1226 3916; x_wconf 87' lang='grc' dir='ltr'><strong><em>ἐκ-</em></strong></span> 
     </span>
     <span class='ocr_line' id='line_1_35' title="bbox 103 3937 1227 4014; baseline 0.004 -19"><span class='ocrx_word' id='word_1_354' title='bbox 103 3937 219 4012; x_wconf 74' lang='grc' dir='ltr'><strong><em>βαλλῦν</em></strong></span> <span class='ocrx_word' id='word_1_355' title='bbox 237 3961 271 4008; x_wconf 86' lang='lat' dir='ltr'><strong><em>w,</em></strong></span> <span class='ocrx_word' id='word_1_356' title='bbox 291 3937 419 4010; x_wconf 78' lang='grc' dir='ltr'><strong><em>ἐκβολῶν</em></strong></span> <span class='ocrx_word' id='word_1_357' title='bbox 436 3953 448 3996; x_wconf 77' lang='lat' dir='ltr'>t</span> <span class='ocrx_word' id='word_1_358' title='bbox 463 3947 467 4008; x_wconf 96' lang='grc' dir='ltr'>Ι</span> <span class='ocrx_word' id='word_1_359' title='bbox 485 3948 516 3996; x_wconf 90' lang='grc'><strong>12</strong></span> <span class='ocrx_word' id='word_1_360' title='bbox 533 3937 649 4000; x_wconf 77' lang='grc' dir='ltr'><strong><em>οἷνέτιον</em></strong></span> <span class='ocrx_word' id='word_1_361' title='bbox 667 3965 681 3999; x_wconf 86' lang='grc' dir='ltr'><strong><em>τ</em></strong></span> <span class='ocrx_word' id='word_1_362' title='bbox 697 3948 701 4012; x_wconf 94' lang='grc' dir='ltr'>Ι</span> <span class='ocrx_word' id='word_1_363' title='bbox 719 3948 750 3998; x_wconf 91' lang='grc'><strong><em>12</em></strong></span> <span class='ocrx_word' id='word_1_364' title='bbox 768 3942 873 4014; x_wconf 83' lang='grc' dir='ltr'><strong><em>φονέος</em></strong></span> <span class='ocrx_word' id='word_1_365' title='bbox 890 3965 915 3999; x_wconf 83' lang='lat' dir='ltr'><strong>w</strong></span> <span class='ocrx_word' id='word_1_366' title='bbox 930 3950 934 4011; x_wconf 96' lang='grc' dir='ltr'>Ι</span> <span class='ocrx_word' id='word_1_367' title='bbox 955 3948 983 3998; x_wconf 83' lang='grc'><strong><em>14</em></strong></span> <span class='ocrx_word' id='word_1_368' title='bbox 1001 3937 1198 4014; x_wconf 80' lang='grc' dir='ltr'><strong><em>όγαθωσύνην</em></strong></span> <span class='ocrx_word' id='word_1_369' title='bbox 1208 3965 1227 4012; x_wconf 79' lang='lat' dir='ltr'>y</span> 
     </span>
     <span class='ocr_line' id='line_1_36' title="bbox 104 4022 1227 4100; baseline 0.001 -20"><span class='ocrx_word' id='word_1_370' title='bbox 104 4029 108 4093; x_wconf 93' lang='grc' dir='ltr'>Ι</span> <span class='ocrx_word' id='word_1_371' title='bbox 134 4027 164 4081; x_wconf 85' lang='grc'><strong><em>15</em></strong></span> <span class='ocrx_word' id='word_1_372' title='bbox 182 4024 307 4088; x_wconf 82' lang='grc' dir='ltr'><strong><em>σκοπούς</em></strong></span> <span class='ocrx_word' id='word_1_373' title='bbox 324 4029 381 4082; x_wconf 74' lang='grc' dir='ltr'><strong><em>νῦν</em></strong></span> <span class='ocrx_word' id='word_1_374' title='bbox 397 4025 534 4085; x_wconf 87' lang='grc' dir='ltr'><strong><em>τοιούτων</em></strong></span> <span class='ocrx_word' id='word_1_375' title='bbox 551 4039 620 4098; x_wconf 78' lang='lat' dir='ltr'><strong><em>th,</em></strong></span> <span class='ocrx_word' id='word_1_376' title='bbox 647 4027 688 4093; x_wconf 88' lang='grc' dir='ltr'><strong><em>είς</em></strong></span> <span class='ocrx_word' id='word_1_377' title='bbox 711 4031 783 4085; x_wconf 79' lang='grc' dir='ltr'><strong><em>νοῦν</em></strong></span> <span class='ocrx_word' id='word_1_378' title='bbox 799 4049 833 4098; x_wconf 79' lang='lat' dir='ltr'><strong><em>yz</em></strong></span> <span class='ocrx_word' id='word_1_379' title='bbox 854 4031 858 4100; x_wconf 97' lang='grc' dir='ltr'>Ι</span> <span class='ocrx_word' id='word_1_380' title='bbox 885 4032 916 4084; x_wconf 84' lang='grc'><strong><em>16</em></strong></span> <span class='ocrx_word' id='word_1_381' title='bbox 933 4022 1149 4100; x_wconf 81' lang='grc' dir='ltr'><strong><em>ήταμιόιεροςΖ</em></strong></span> <span class='ocrx_word' id='word_1_382' title='bbox 1170 4031 1175 4098; x_wconf 94' lang='grc' dir='ltr'>Ι</span> <span class='ocrx_word' id='word_1_383' title='bbox 1196 4033 1227 4081; x_wconf 92' lang='grc'><strong><em>17</em></strong></span> 
     </span>
     <span class='ocr_line' id='line_1_37' title="bbox 104 4108 1225 4184; baseline 0 -18"><span class='ocrx_word' id='word_1_384' title='bbox 104 4109 212 4181; x_wconf 79' lang='grc' dir='ltr'><strong><em>φονέας</em></strong></span> <span class='ocrx_word' id='word_1_385' title='bbox 229 4131 254 4166; x_wconf 82' lang='lat' dir='ltr'><strong>w</strong></span> <span class='ocrx_word' id='word_1_386' title='bbox 269 4113 274 4182; x_wconf 99' lang='grc' dir='ltr'>Ι</span> <span class='ocrx_word' id='word_1_387' title='bbox 292 4114 321 4164; x_wconf 87' lang='grc'><strong><em>17</em></strong></span> <span class='ocrx_word' id='word_1_388' title='bbox 340 4108 390 4167; x_wconf 86' lang='grc' dir='ltr'><strong><em>τόν</em></strong></span> <span class='ocrx_word' id='word_1_389' title='bbox 403 4123 482 4181; x_wconf 82' lang='lat' dir='ltr'>wyzt,</span> <span class='ocrx_word' id='word_1_390' title='bbox 496 4117 554 4168; x_wconf 87' lang='grc' dir='ltr'><strong><em>τῶν</em></strong></span> <span class='ocrx_word' id='word_1_391' title='bbox 565 4135 582 4168; x_wconf 84' lang='lat' dir='ltr'>x</span> <span class='ocrx_word' id='word_1_392' title='bbox 597 4115 602 4184; x_wconf 99' lang='grc' dir='ltr'>Ι</span> <span class='ocrx_word' id='word_1_393' title='bbox 624 4118 654 4169; x_wconf 87' lang='grc'><strong><em>17</em></strong></span> <span class='ocrx_word' id='word_1_394' title='bbox 672 4109 842 4184; x_wconf 83' lang='grc' dir='ltr'><strong><em>όπορριπων</em></strong></span> <span class='ocrx_word' id='word_1_395' title='bbox 860 4136 874 4168; x_wconf 87' lang='grc' dir='ltr'><strong><em>τ</em></strong></span> <span class='ocrx_word' id='word_1_396' title='bbox 895 4116 900 4184; x_wconf 95' lang='grc' dir='ltr'>Ι</span> <span class='ocrx_word' id='word_1_397' title='bbox 922 4117 953 4168; x_wconf 83' lang='grc'><strong><em>18</em></strong></span> <span class='ocrx_word' id='word_1_398' title='bbox 970 4109 1037 4176; x_wconf 86' lang='grc' dir='ltr'><strong><em>τοῦς</em></strong></span> <span class='ocrx_word' id='word_1_399' title='bbox 1054 4115 1225 4182; x_wconf 82' lang='grc' dir='ltr'><strong><em>μετανοοῦν-</em></strong></span> 
     </span>
     <span class='ocr_line' id='line_1_38' title="bbox 103 4187 1225 4270; baseline 0.001 -21"><span class='ocrx_word' id='word_1_400' title='bbox 103 4215 156 4259; x_wconf 90' lang='grc' dir='ltr'><strong><em>τας</em></strong></span> <span class='ocrx_word' id='word_1_401' title='bbox 171 4204 220 4264; x_wconf 77' lang='lat' dir='ltr'><strong><em>yzt</em></strong></span> <span class='ocrx_word' id='word_1_402' title='bbox 233 4195 241 4267; x_wconf 98' lang='grc' dir='ltr'>Ι</span> <span class='ocrx_word' id='word_1_403' title='bbox 256 4197 289 4250; x_wconf 83' lang='grc'><strong><em>18</em></strong></span> <span class='ocrx_word' id='word_1_404' title='bbox 307 4198 434 4264; x_wconf 75' lang='grc' dir='ltr'><strong><em>σκοπίζει</em></strong></span> <span class='ocrx_word' id='word_1_405' title='bbox 446 4203 480 4252; x_wconf 89' lang='lat' dir='ltr'>W</span> <span class='ocrx_word' id='word_1_406' title='bbox 496 4201 500 4266; x_wconf 93' lang='grc' dir='ltr'>Ι</span> <span class='ocrx_word' id='word_1_407' title='bbox 514 4201 549 4252; x_wconf 91' lang='grc'><strong>20</strong></span> <span class='ocrx_word' id='word_1_408' title='bbox 566 4193 775 4270; x_wconf 63' lang='grc' dir='ltr'><strong><em>ἁμαρτωλούς]</em></strong></span> <span class='ocrx_word' id='word_1_409' title='bbox 790 4203 794 4270; x_wconf 97' lang='grc' dir='ltr'>Ι</span> <span class='ocrx_word' id='word_1_410' title='bbox 808 4204 840 4254; x_wconf 87' lang='grc'><strong>21</strong></span> <span class='ocrx_word' id='word_1_411' title='bbox 862 4197 941 4254; x_wconf 81' lang='grc' dir='ltr'><strong><em>ἔλεον</em></strong></span> <span class='ocrx_word' id='word_1_412' title='bbox 953 4219 1011 4266; x_wconf 77' lang='lat' dir='ltr'><strong><em>wyz</em></strong></span> <span class='ocrx_word' id='word_1_413' title='bbox 1027 4202 1030 4266; x_wconf 96' lang='grc' dir='ltr'>Ι</span> <span class='ocrx_word' id='word_1_414' title='bbox 1046 4201 1077 4252; x_wconf 92' lang='grc'><strong><em>21</em></strong></span> <span class='ocrx_word' id='word_1_415' title='bbox 1097 4187 1168 4266; x_wconf 81' lang='grc' dir='ltr'><strong><em>ήδιν</em></strong></span> <span class='ocrx_word' id='word_1_416' title='bbox 1186 4205 1225 4265; x_wconf 83' lang='lat' dir='ltr'><strong><em>xt,</em></strong></span> 
     </span>
     <span class='ocr_line' id='line_1_39' title="bbox 102 4269 1224 4353; baseline -0.002 -17"><span class='ocrx_word' id='word_1_417' title='bbox 102 4277 186 4336; x_wconf 73' lang='grc' dir='ltr'><strong><em>οἶδεν</em></strong></span> <span class='ocrx_word' id='word_1_418' title='bbox 204 4301 236 4344; x_wconf 86' lang='lat' dir='ltr'><strong><em>w,</em></strong></span> <span class='ocrx_word' id='word_1_419' title='bbox 255 4274 327 4336; x_wconf 80' lang='grc' dir='ltr'><strong><em>όόει-</em></strong></span> <span class='ocrx_word' id='word_1_420' title='bbox 339 4301 373 4350; x_wconf 81' lang='lat' dir='ltr'><strong><em>yz</em></strong></span> <span class='ocrx_word' id='word_1_421' title='bbox 388 4287 392 4349; x_wconf 91' lang='grc' dir='ltr'>Ι</span> <span class='ocrx_word' id='word_1_422' title='bbox 408 4286 441 4336; x_wconf 90' lang='grc'><strong><em>22</em></strong></span> <span class='ocrx_word' id='word_1_423' title='bbox 459 4283 509 4338; x_wconf 85' lang='grc' dir='ltr'><strong><em>καί</em></strong></span> <span class='ocrx_word' id='word_1_424' title='bbox 526 4285 560 4353; x_wconf 83' lang='grc' dir='ltr'><strong><em>-Ι-</em></strong></span> <span class='ocrx_word' id='word_1_425' title='bbox 576 4304 610 4352; x_wconf 80' lang='lat' dir='ltr'><strong><em>yz</em></strong></span> <span class='ocrx_word' id='word_1_426' title='bbox 632 4291 636 4352; x_wconf 94' lang='grc' dir='ltr'>Ι</span> <span class='ocrx_word' id='word_1_427' title='bbox 656 4291 688 4340; x_wconf 90' lang='grc'><strong><em>22</em></strong></span> <span class='ocrx_word' id='word_1_428' title='bbox 707 4303 737 4340; x_wconf 83' lang='grc' dir='ltr'><strong><em>σε</em></strong></span> <span class='ocrx_word' id='word_1_429' title='bbox 755 4290 790 4353; x_wconf 96' lang='grc'>&gt;</span> <span class='ocrx_word' id='word_1_430' title='bbox 807 4290 868 4352; x_wconf 76' lang='grc' dir='ltr'><strong><em>Υτι,</em></strong></span> <span class='ocrx_word' id='word_1_431' title='bbox 887 4303 935 4339; x_wconf 88' lang='grc' dir='ltr'><strong><em>σαι</em></strong></span> <span class='ocrx_word' id='word_1_432' title='bbox 953 4303 976 4336; x_wconf 91' lang='lat' dir='ltr'><strong>w</strong></span> <span class='ocrx_word' id='word_1_433' title='bbox 992 4285 996 4352; x_wconf 97' lang='grc' dir='ltr'>Ι</span> <span class='ocrx_word' id='word_1_434' title='bbox 1011 4287 1044 4335; x_wconf 89' lang='grc'><strong><em>22</em></strong></span> <span class='ocrx_word' id='word_1_435' title='bbox 1062 4269 1085 4335; x_wconf 77' lang='grc' dir='ltr'><strong><em>τό</em></strong></span> <span class='ocrx_word' id='word_1_436' title='bbox 1101 4284 1135 4347; x_wconf 92' lang='grc'>&gt;</span> <span class='ocrx_word' id='word_1_437' title='bbox 1152 4290 1200 4349; x_wconf 78' lang='lat' dir='ltr'><strong><em>yzt</em></strong></span> <span class='ocrx_word' id='word_1_438' title='bbox 1219 4282 1224 4350; x_wconf 97' lang='grc' dir='ltr'>Ι</span> 
     </span>
     <span class='ocr_line' id='line_1_40' title="bbox 101 4365 769 4440; baseline 0.007 -20"><span class='ocrx_word' id='word_1_439' title='bbox 101 4369 137 4420; x_wconf 82' lang='grc'><strong>23</strong></span> <span class='ocrx_word' id='word_1_440' title='bbox 154 4365 353 4434; x_wconf 80' lang='grc' dir='ltr'><strong><em>προοόευκότα</em></strong></span> <span class='ocrx_word' id='word_1_441' title='bbox 370 4385 421 4430; x_wconf 79' lang='lat' dir='ltr'><strong><em>wx,</em></strong></span> <span class='ocrx_word' id='word_1_442' title='bbox 440 4365 635 4440; x_wconf 72' lang='grc' dir='ltr'><strong><em>προειληφότοι</em></strong></span> <span class='ocrx_word' id='word_1_443' title='bbox 651 4389 686 4439; x_wconf 79' lang='lat' dir='ltr'><strong><em>yz</em></strong></span> <span class='ocrx_word' id='word_1_444' title='bbox 765 4389 769 4399; x_wconf 93' lang='lat'>·</span> 
     </span>
    </p>
   </div>
   <div class='ocr_carea' id='block_1_6' title="bbox 0 0 1530 4974">
    <p class='ocr_par' dir='ltr' id='par_1_6' title="bbox 0 0 1530 4974">
     <span class='ocr_line' id='line_1_41' title="bbox 0 0 1530 4974; baseline 0 2"><span class='ocrx_word' id='word_1_445' title='bbox 0 0 1530 4974; x_wconf 95' lang='lat' dir='ltr'><strong><em> </em></strong></span> 
     </span>
    </p>
   </div>
  </div>
 </body>
</html>
