3160 4976
1382 368 1431 440 13

241 541 294 606 διὰ
322 549 372 612 τλν
397 539 597 606 διδασκαλίαν
622 549 678 612 τῆς
700 540 870 625 εὐσεβείας.
900 547 933 604 τό
958 548 1096 630 μὲνγὰρ
1126 541 1290 628 σάββατον
1314 546 1433 627 εἴπομεν

242 651 446 738 δημιουργίας
469 656 579 738 τρόπον
602 653 701 736 ἔχειν,
723 658 777 721 την
794 649 827 714 δὲ
843 658 986 738 κυριακὴν
1007 653 1222 725 ἀναστάσεως.
1247 656 1310 724 Τὴν
1333 658 1433 739 μεγά-

242 760 296 834 λην
318 758 484 845 ἑβδομάδα
509 769 614 824 πᾶσαν
631 765 682 823 καί
697 767 751 830 τὴν
768 757 832 843 μετ’
846 764 941 834 αὐτὴν
959 764 1152 848 ἀργείτωσαν
1169 765 1198 824 οί
1213 761 1330 842 δοῦλοι,
1355 765 1434 836 ὄτιὴ

242 876 297 954 μέν
319 869 448 942 πάθους
469 872 565 951 ἐστίν,
592 873 611 942 ἡ
636 868 670 932 δὲ
694 873 909 950 ἀναστάσεως,
930 876 982 934 καί
997 875 1089 955 χρεία
1112 869 1325 951 διδασκαλίας,
1351 877 1397 942 τίς
1418 874 1434 935 ό

178 1039 179 1044 ,
213 979 360 1042 επαθὼν
381 981 434 1042 καί
456 981 598 1050 ἀναστάς
621 982 641 1049 ἢ
661 985 708 1050 τίς
729 979 975 1064 όσυγχωρὴσας
989 982 1041 1042 καί
1057 983 1250 1052 ἀναστήσας.
1274 981 1337 1050 Τὴν
1355 981 1435 1042 ἀνά-

242 1088 332 1170 ληψιν
360 1089 554 1174 ἀργείτωσαν
580 1085 632 1150 διά
655 1090 690 1150 τό
713 1092 813 1173 πέρας
833 1097 891 1160 τῆς
914 1090 994 1151 κατά
1018 1093 1142 1175 χριστόν
1165 1088 1347 1171 οἰκονομίας.
1372 1091 1435 1160 Τὴν

243 1205 445 1271 πεντηκοστὴν
475 1199 668 1282 ἀμγείτωσαν
696 1182 749 1259 δίά
775 1203 830 1268 τὴν
857 1198 1029 1282 παρουσίαν
1057 1207 1110 1260 τοῦ
1142 1200 1233 1283 ἁγίου
1263 1201 1437 1278 πνεύματος

243 1313 297 1378 τὴν
315 1297 464 1369 δοθεῖσαν
481 1313 546 1376 τοῖςΙ
561 1311 756 1369 πιστεύσασιν
773 1307 817 1377 είς
831 1309 967 1391 χριστόν.
992 1308 1055 1376 Τὴν
1072 1315 1131 1369 τῶν
1149 1305 1314 1391 γενεθλίων
1331 1308 1437 1390 ἑορτὴν

246 1418 439 1501 ἀργείτωσαν
457 1411 508 1477 διὰ
524 1417 559 1476 τό
575 1419 605 1475 ἐν
622 1416 700 1495 αὐτῇ
714 1413 943 1499 ἀπροσδόκητον
957 1419 1049 1501 χάριν
1067 1422 1130 1487 τοῖς
1147 1416 1328 1502 ἀνθρώποις
1347 1412 1436 1478 δεδό-

202 1551 228 1590 εο
246 1525 343 1604 σθαι,
373 1522 563 1608 γεννηθῆναι
584 1527 635 1585 τόν
658 1532 712 1585 τοῦ
733 1523 811 1587 θεοῦ
833 1523 922 1608 λόγον
945 1527 976 1586 έκ
998 1525 1126 1610 Μαρίας
1141 1535 1197 1596 τῆς
1214 1523 1374 1609 παρθένον
1391 1525 1439 1586 ίπί

247 1638 386 1718 σωτηρίᾳ
405 1639 460 1694 τοῦ
482 1634 607 1713 κόσμου.
633 1634 695 1703 Τὴν
719 1639 780 1695 τῶν
802 1631 980 1720 θεορανίων
1003 1635 1108 1718 ἑορτὴν
1125 1636 1318 1718 ἀργείτωσαν
1336 1630 1388 1694 διά
1404 1637 1437 1695 τδ

247 1745 277 1806 έν
301 1744 380 1823 αὐτῇ
408 1734 559 1814 ἀνάδειξιν
590 1741 781 1825 γεγενῆσθαι
809 1751 866 1813 τῆς
888 1749 941 1804 τοῦ
969 1750 1097 1828 χριστοῦ
1121 1742 1291 1820 θεότητος,
1316 1762 1438 1826 μαρτυ-

246 1859 400 1940 ρήσαντος
421 1853 505 1929 αὐτῷ
529 1857 583 1912 τοῦ
606 1853 725 1934 πατρός
747 1851 777 1911 ίν
800 1857 844 1929 τῷ
868 1846 1063 1934 βαπτίσματι
1085 1857 1135 1914 καί
1162 1857 1216 1913 τοῦ
1240 1849 1438 1935 παρακλητσυ

248 1965 278 2024 έν
302 1958 371 2024 είδει
395 1966 577 2044 περιστερᾶς
599 1953 813 2032 ὑποδείξαντος
835 1966 901 2030 τοῖς
924 1968 1098 2044 παρεστῶσι
1115 1963 1166 2022 τόν
1183 1958 1438 2044 μαρτυρηθέντα.

205 2095 230 2136 ιε
248 2071 338 2141 ιΤὰς
364 2072 485 2153 ἡμέρας
512 2075 573 2130 τῶν
603 2065 780 2130 ἀποστόλων
811 2069 1016 2153 ἀργείτωσαν.
1050 2066 1225 2131 διδάσκαλοι
1258 2071 1320 2152 γάρ
1354 2069 1439 2148 ὑμῶν

248 2182 291 2251 είς
321 2181 444 2263 χριστδν
473 2181 664 2246 κατέστησαν
695 2181 745 2238 καί
775 2181 949 2259 πνεύματος
975 2181 1059 2260 ὑμᾶς
1081 2175 1216 2252 ἠξίωσαν
1241 2178 1344 2262 ἁγίου.
1375 2159 1439 2246 Τὴν

168 2348 174 2356 ,
247 2292 365 2373 ἡμέραν
389 2287 548 2373 Στεφάνου
572 2292 625 2348 τοῦ
653 2289 916 2372 πρωτομάρτυρος
940 2287 1134 2373 ἀργείτωσαν
1158 2291 1209 2348 καί
1239 2293 1302 2346 τῶν
1326 2280 1439 2347 λοιπῶν

249 2399 346 2483 ἁγίων
370 2399 547 2480 μαρτύρων,
577 2401 639 2456 τῶν
671 2397 925 2479 προτιμησάντων
957 2396 1081 2480 χριστόν
1112 2403 1169 2467 τῆς
1198 2395 1317 2458 ἑαυτῶν
1341 2392 1437 2467 ζωῆς.
1560 2447 1561 2494 ,

249 2503 303 2568 22.
320 2504 432 2590 Εύχάς
454 2500 611 2566 έπετελείτε
633 2501 751 2587 ὄρθρου
774 2509 824 2565 καί
846 2507 931 2588 τρίτῃ
954 2505 1024 2587 ὥρᾳ
1044 2508 1094 2565 καί
1113 2503 1181 2583 έκτη
1198 2507 1249 2564 καί
1264 2502 1372 2582 ίννάτρ
1389 2505 1439 2562 καί

203 2635 231 2674 νο
249 2616 383 2699 ἑσπέρας
410 2617 461 2675 καί
488 2609 763 2696 ἀλεκτοροφωνίας.
800 2610 918 2695 όρθρου
947 2617 1023 2694 μὲν,
1059 2612 1105 2672 ὅτι
1133 2613 1278 2698 έρώτισεν
1308 2611 1394 2690 ἡμᾶς
1424 2608 1439 2669 ό

248 2729 360 2809 κύριος,
385 2725 585 2806 παραγαγὼν
608 2725 661 2790 την
685 2725 777 2783 νύκτα
794 2724 843 2781 καί
863 2722 1034 2804 έπαγαγὼν
1054 2699 1108 2790 την
1131 2723 1260 2804 ἡμέραν.
1285 2722 1370 2802 τρίτῃ
1395 2713 1440 2795 δέ,

248 2831 293 2892 ότι
317 2832 346 2891 έν
372 2831 450 2911 αὐτῇ
475 2830 630 2916 ἀπόρασιν
655 2831 716 2892 ἀπό
739 2827 872 2892 Πιλάτου
897 2826 1006 2911 ἔλαβεν
1031 2830 1046 2891 ό
1069 2832 1182 2913 κύριος.
1216 2827 1285 2910 ἕκτη
1312 2823 1365 2904 δέ,
1396 2825 1440 2886 σ’τι

249 2942 279 3002 ίν
304 2941 383 3021 αὐτῇ
407 2936 597 3022 ἐσταυρώθη
618 2938 787 3023 όχριστός.
812 2940 940 3021 έννάτρ,
966 2939 1010 2999 ότι
1033 2939 1292 3006 πάντα-κεκίνηκε
1314 2941 1367 2996 τοῦ
1389 2928 1441 2995 δε·
1560 2999 1561 3022 ,

250 3052 362 3111 σπότου
386 3049 624 3132 σταυρουμένου,
642 3050 804 3133 ρρίττοντα
820 3051 874 3117 την
890 3045 1004 3125 τόλμαν
1021 3054 1082 3107 τῶν
1100 3041 1261 3127 δυσσεβῶν
1281 3039 1441 3104 Ἰουδαίων
1560 3023 1561 3050 ³

205 3176 233 3218 νε
252 3151 334 3243 [καί]
360 3161 403 3237 μὴ
428 3158 559 3241 φέροντα
582 3159 636 3224 τὴν
665 3162 720 3217 τοῦ
742 3163 845 3240 κυρίου
874 3151 974 3238 ὓβριν.
1007 3150 1056 3241 ἐρ’
1087 3156 1221 3237 έσπέρας
1250 3148 1283 3213 δέ
1313 3153 1442 3234 εὐχαρι-

251 3271 392 3334 στοῦντες
407 3263 451 3324 ότι
467 3267 538 3347 ημῖν
562 3260 671 3326 ἔδωκεν
695 3266 869 3327 ἀνάπαυσιν
893 3263 1112 3346 καθημερινῶν
1135 3263 1236 3322 κόπων
1260 3264 1315 3329 τὴν
1337 3263 1441 3322 νίνκτα.

251 3371 456 3457 ἀλεκτρυόνων
493 3368 526 3434 δέ
563 3380 683 3456 κραυγῇ
724 3368 776 3432 διὰ
812 3374 846 3432 τό
882 3375 935 3441 την
972 3351 1057 3457 ὥραν
1093 3366 1351 3453 εὐαγγελίζεσθαι
1388 3371 1442 3436 τὴν

251 3503 265 3558 ὁ
285 3507 322 3558 κθ
339 3507 425 3559 κανὼν
443 3509 491 3567 τῆς
509 3502 536 3557 έν
555 3501 708 3571 Λαοδικείᾳ,
727 3505 785 3577 περί
804 3501 833 3557 δί
852 3499 901 3566 τῆς
919 3498 1046 3577 κνριακῆς
1070 3505 1142 3568 ζὴτεε
1159 3505 1213 3555 τῶν
1231 3498 1380 3572 βασιλικῶν
1398 3514 1444 3550 νο-

253 3597 339 3667 μίμων
357 3593 465 3667 βεβλίσν
485 3597 510 3660 ζ,
527 3593 616 3647 τίτλον
636 3596 671 3658 ιζ,
691 3593 836 3665 κεφάλαιον
863 3595 894 3646 ιθ
919 3596 962 3647 καί
988 3597 1035 3646 τοῦ
1058 3591 1194 3660 βασιλέως
1217 3591 1308 3665 κυρίου
1334 3589 1444 3648 Λίοντος

251 3688 347 3760 νεαρὰν
364 3685 404 3750 νδ,
424 3687 607 3749 θεσπίζουσαν
627 3685 698 3758 παρὰ
718 3685 823 3738 πάντων
843 3682 1010 3744 ἀδιαστόλως
1021 3685 1153 3753 τιμᾶσθαι
1166 3684 1213 3744 τἠν
1226 3681 1305 3750 ἁγίαν
1317 3681 1444 3752 κυριακὴν

251 3778 360 3851 ἡμέραν.
370 3807 402 3818 -
411 3782 440 3842 α)
453 3778 527 3840 ζὴτει
534 3777 582 3839 τὴν
592 3795 627 3837 πη
636 3775 733 3847 νεαρὰν
744 3777 792 3827 τοῦ
804 3772 939 3846 βασιλέως
948 3775 1040 3848 κυρίου
1050 3773 1161 3833 Λίοντες
1170 3774 1305 3826 τνποῦσαν
1313 3770 1445 3840 τιμᾶσθαι

252 3870 361 3930 καὶτὰς
379 3871 482 3938 μνήμας
497 3871 550 3921 τῶν
563 3867 646 3919 θείειν
664 3864 782 3937 πατέρων
801 3867 845 3918 καί
865 3863 1035 3919 διδασκάλων
1053 3869 1100 3925 τῆς
1117 3862 1258 3926 ἐκκλησίας
1276 3861 1444 3914 Ἀθανασίευ

252 3959 296 4014 καί
309 3959 453 4013 Βασιλείου
465 3961 513 4011 τοῦ
524 3957 656 4028 μεγάλου,
676 3957 823 4030 Γρηγορίου
840 3959 887 4009 τοῦ
906 3956 1036 4025 θεολόγον
1049 3956 1093 4008 καὶ
1106 3954 1253 4026 Γρηγορίου
1266 3954 1313 4004 τοῦ
1325 3951 1442 4013 Νύσσης,

256 4051 380 4106 Ἰωάννου
391 4051 438 4102 τοῦ
451 4049 647 4122 χρυσοστόμου,
668 4046 803 4120 Κυρίλλου
816 4049 859 4100 καί
878 4045 1044 4118 Ἐπιρανίου.

308 4172 319 4209 1
331 4167 419 4221 είενεμεν
428 4177 454 4209 ιν
464 4164 513 4209 OV·
523 4187 550 4197 -
560 4167 573 4206 2
584 4162 649 4219 λόγον
661 4175 704 4216 pro
713 4163 791 4220 τρόπον
801 4163 850 4207 ov.
858 4185 886 4195 -
897 4161 921 4205 όί
931 4174 980 4219 μεγ.
991 4162 1040 4205 OV.
1051 4183 1079 4194 ·-·
1091 4162 1105 4204 ό
1117 4171 1214 4216 συγχινρ.
1224 4160 1261 4202 κεί
1274 4157 1367 4206 ἀναστάς
1376 4163 1407 4202 εί.
1420 4183 1445 4192 -

254 4243 310 4296 Θχρ.
317 4236 457 4283 ἀναστάσεως
463 4237 491 4279 Ι.
498 4239 545 4278 -8
554 4233 694 4291 δωρηδεῖσπν
703 4248 743 4289 pro
753 4234 855 4278 δοθεῖσαν
861 4237 943 4278 OV.-
950 4247 986 4291 χρ.
997 4231 1083 4287 Ἰησοῦν
1092 4231 1141 4274 OV.
1149 4234 1202 4274 -9,
1211 4234 1237 4274 1⁰
1243 4245 1265 4288 χ.
1272 4230 1317 4274 διδ.
1326 4230 1388 4288 ίινδρ.
1395 4231 1445 4275 OV.

254 4333 282 4344 -
290 4315 317 4354 10
326 4313 362 4354 καί
370 4322 427 4366 γενν.
438 4307 486 4351 OV.
497 4331 524 4340 -
533 4306 598 4363 λόγον
607 4307 694 4363 Ἰησοῦν
703 4307 739 4351 τόν
749 4306 840 4364 Χριστόν
850 4306 875 4349 δι
884 4308 933 4351 OV.
940 4329 968 4339 -
977 4309 1002 4348 11
1012 4305 1058 4348 τῶν
1068 4302 1203 4361 Ἐπεριενίων
1213 4303 1296 4348 OV.-
1305 4307 1332 4347 1⁶
1340 4301 1446 4348 κατεστό-

253 4383 325 4440 όηεεν
334 4382 384 4426 OV.
394 4403 422 4414 -
436 4385 462 4424 10
472 4383 538 4435 εεμίίί
547 4383 574 4422 22
583 4384 727 4434 praemittunt
736 4381 777 4424 Οἵ
786 4383 900 4424 rubricam
914 4375 968 4435 Περί
983 4375 1070 4434 Εὺχιῖνν.
1090 4399 1117 4410 -
1130 4379 1158 4418 20
1174 4375 1213 4430 μέν
1222 4373 1399 4433 είιχεριστοῦντετ
1412 4372 1448 4418 ότι

254 4471 279 4514 γε
289 4456 325 4512 έφ.
336 4456 386 4500 OV.
401 4454 454 4510 ἡμῖν
468 4465 510 4507 pro
524 4453 582 4510 ἡμᾶς
591 4453 658 4507 „11⁸⁸
666 4455 775 4498 Fabricii.
786 4473 813 4484 -
831 4455 858 4494 ἣν
873 4449 980 4507 ἀπόφασις
989 4452 1020 4502 Μ,
1036 4447 1142 4504 ἀπόφασιν
1151 4447 1174 4490 ίν
1184 4445 1238 4505 αὐτῇ
1249 4444 1288 4490 ὑπό
1298 4445 1348 4492 Πιλ.
1360 4449 1409 4491 OV.
1420 4469 1447 4480 -

255 4531 282 4572 2³
292 4528 304 4572 ό
313 4539 339 4570 ιν
349 4528 397 4571 OV.
408 4548 435 4559 -
445 4525 486 4568 ίνν.
498 4525 530 4578 δέ,
541 4521 576 4570 ότι
585 4524 607 4568 ίν
617 4523 672 4584 αὐτῇ
682 4523 709 4568 τὰ
718 4524 786 4566 πάντα
797 4523 846 4567 OV.
857 4547 884 4556 -
893 4527 921 4567 βό
932 4523 985 4578 [καί]
995 4534 1022 4564 τυ
1031 4520 1105 4565 MOV.
1116 4543 1143 4553 -
1153 4520 1193 4576 τὴν
1203 4525 1255 4574 pout
1263 4520 1339 4577 κυρίου
1350 4521 1397 4564 OV.
1410 4518 1444 4576 ίρ’

154 4623 158 4630 ·
255 4613 281 4644 ιω
291 4599 340 4644 OV.
350 4621 378 4631 -
386 4601 413 4640 2⁶
422 4596 518 4642 δέδωκεν
528 4598 577 4642 OV.
592 4619 620 4630 -
634 4595 668 4640 όν.
685 4595 731 4640 τῶν
745 4593 900 4657 μεθημερινῶν
910 4595 959 4638 0V.
970 4595 1043 4639 Cobet
1051 4597 1128 4639 εετίεε
1137 4597 1245 4638 laeuone·
1255 4607 1278 4648 ρ.
1288 4595 1337 4637 281.
