3160 4976
1411 397 1460 468 59

268 571 461 658 διακειμίνας
477 577 495 646 ἢ
513 587 549 655 τῇ
568 573 703 659 τραπέζῃ
727 583 764 655 τῇ
782 574 860 658 ἁγίᾳ
876 573 1056 658 προσελθεῖν
1073 579 1092 647 ἤ
1110 585 1163 637 τού
1181 578 1325 657 σώματος
1342 579 1392 636 και·
1410 583 1462 634 τοῦ

266 687 401 766 αίματος
424 693 551 768 χριστοῦ
576 682 821 768 προσάψασθαι.
856 681 925 744 ούδί
953 687 1016 767 γὰρ
1044 687 1063 756 η
1092 689 1146 754 τὴν
1175 681 1349 754 δωδεκαετὴ
1378 684 1463 768 ῥύσιν

265 795 385 876 ἔχουσα
412 797 490 878 πρός
512 798 565 862 τὴν
589 794 669 856 ίασιν
692 787 900 876 [σπεύδουσα]
926 791 1032 874 ἔθιγεν
1049 792 1161 870 αὐτοῦ,
1191 789 1270 854 ἀλλὰ
1293 794 1388 867 μόνου
1410 799 1464 852 τοῦ

265 899 450 986 κρασπίδου.
467 900 699 986 προσεύχεσθαι
716 905 771 982 μίν
787 904 861 984 γάρ,
880 903 964 970 ὅπως
986 902 1024 962 ἂν
1042 901 1100 985 ἔχῃ
1119 919 1177 979 τις,
1198 908 1260 977 καί,
1278 900 1322 971 ὡς
1339 900 1377 961 ἂν
1392 897 1463 960 διοί-

234 1025 247 1064 5
265 1029 371 1088 κειται,
394 1010 576 1092 μεμνῆσθαι
594 1018 647 1074 τού
664 1005 811 1072 δεσπότου
827 1015 878 1072 καί
895 1003 1020 1071 δεῖσθαι
1037 1007 1195 1092 βοηθείας
1212 1019 1334 1092 τυχεῖν,
1357 1013 1462 1072 ἀνεπί-

265 1116 404 1203 φθονον·
422 1120 466 1187 τίς
483 1115 517 1178 δί
532 1121 572 1178 τὰ
589 1119 668 1200 ἅγια
684 1123 735 1178 καί
751 1122 793 1178 τοὶ
810 1119 887 1200 ἅγιοι
904 1127 965 1180 τῶν
983 1119 1080 1200 ἁγίων
1105 1118 1121 1180 ό
1138 1122 1181 1199 μὴ
1197 1122 1298 1187 πάντη
1315 1117 1463 1201 καθαρός

265 1232 315 1286 καί
332 1226 418 1308 ψυχρ
435 1230 485 1286 καί
499 1229 624 1306 σώματι
640 1230 799 1309 προσιέναι
814 1223 1042 1295 κωλυθησεται.

265 1335 459 1419 αΑύτοίρκεις
480 1331 513 1394 δλ
532 1339 582 1394 καί
599 1336 627 1394 οί
642 1336 854 1417 γεγαμηκότες
870 1336 990 1396 ίαυτῶν
1008 1331 1175 1419 ὀφείλουσιν
1191 1333 1267 1396 εἶναι
1283 1332 1393 1416 κριταί.
1418 1334 1462 1394 ότι
1482 1354 1501 1413 γ

265 1445 326 1526 γὰρ
345 1441 526 1524 ἀπέχεσθαι
543 1452 693 1524 προσηκον
711 1439 849 1512 ἀλλήλων
866 1443 897 1502 ἐκ
914 1443 1081 1527 συμφώνου
1097 1443 1174 1524 πρός
1190 1445 1306 1525 καιρόν,
1322 1443 1371 1502 ίνα
1385 1460 1463 1524 σχο-

220 1566 246 1602 1⁰
264 1547 382 1612 λοίσωσι
406 1560 443 1630 τῇ
470 1561 627 1634 προσευχῇ
652 1556 702 1612 καί
718 1548 808 1612 πάλιν
826 1552 874 1612 ἐπί
898 1552 932 1611 τό
962 1551 1037 1612 αύτδ
1055 1549 1141 1630 ὦσιν,
1174 1554 1321 1621 ἀκηκόασι
1337 1547 1462 1611 Παύλου

267 1663 455 1743 γράφοντος.

263 1763 326 1828 ³01
354 1765 388 1828 δὲ
418 1768 448 1827 ὲν
482 1768 700 1851 ἀπροαιρίτῳῐ
734 1775 886 1851 νυκτερινῄ
922 1766 1005 1852 ῥύσει
1034 1769 1188 1850 γενόμενοι
1221 1771 1273 1828 καί
1303 1764 1385 1828 ούτοι
1417 1760 1501 1844 τῷδ

263 1873 329 1955 ίδίῳ
353 1875 500 1938 συνειδότι
528 1873 898 1946 κατακολουθησάτωσαν
927 1881 977 1937 καί
1007 1878 1137 1947 ίαυτούς
1169 1878 1228 1938 εἴτε
1257 1873 1460 1961 διακρίνονται

263 1989 329 2068 περί
354 1989 462 2045 τούτου
487 1989 545 2046 εἴτε
568 1991 610 2067 μὴ
636 1989 862 2046 σκοπείτωσαν·
889 1984 933 2055 ὡς
955 1986 1002 2045 ε’πί
1024 1993 1085 2046 τῶν
1111 1981 1290 2070 βρωμάτων
1308 1985 1323 2045 ό
1341 1983 1460 2067 διακρι-

220 2104 245 2144 ¹⁵
263 2097 405 2174 νόμενος,
436 2097 547 2177 μησίν,
573 2095 626 2155 ἐὰν
643 2097 747 2178 φάγῃ,
771 2070 994 2177 κατακίκριται.
1018 2097 1174 2156 ταῦτα’σύ
1190 2099 1245 2175 μὲν
1262 2099 1357 2176 τιμῶν
1374 2097 1459 2174 ἡμᾶς

263 2198 403 2287 (οὐγὰρ
428 2199 589 2285 ἀγνοῶν),
622 2202 783 2285 ἀγαπητί,
808 2205 848 2262 τὰ
873 2206 1022 2283 πύσματα
1046 2206 1117 2284 ἡμῖν
1142 2207 1358 2287 προσήγαγες,
1383 2204 1459 2283 όμό-

262 2329 380 2395 ρρονας
404 2313 489 2392 ἡμᾶς
514 2309 636 2394 (ὥσπερ
661 2310 712 2372 ούν
729 2307 837 2393 ἐσμέν)
862 2316 912 2372 καί
929 2309 1098 2391 ίσοψύχους
1115 2317 1235 2388 σεαυτῷ
1256 2313 1459 2394 παρασκευα-

263 2418 335 2490 ζων.
362 2419 424 2500 ἐγὼ
450 2415 483 2479 δὲ
507 2420 566 2502 ούχ
590 2418 634 2488 ὡς
658 2416 862 2492 διδάσκαλος,
894 2415 959 2480 ἀλλ’
975 2419 1027 2488 Ιὡς
1056 2421 1135 2500 μετὰ
1159 2421 1264 2489 πόσης
1287 2415 1459 2487 ἁπλότητος

261 2535 411 2609 προσῆκον
436 2529 522 2606 ἡμᾶς
545 2523 687 2596 ἀλληλοις
702 2523 922 2607 δεαλίγεσθαι,
947 2531 990 2595 είς
1012 2528 1108 2586 κοινόν
1126 2533 1179 2594 την
1197 2523 1334 2587 διάνοιαν
1359 2527 1459 2607 ίμαυ-

218 2653 246 2690 ιο
261 2641 315 2693 τοῦ
338 2627 491 2705 ίξίθηιια,
514 2635 551 2704 ἦν
568 2635 722 2719 ἐπικρίνας
744 2636 796 2695 καί
821 2640 876 2712 σύ,
901 2636 1094 2696 συνετώτατί
1116 2655 1175 2715 μου
1192 2635 1254 2710 υίί,
1280 2635 1339 2694 ὅτι
1358 2635 1396 2694 ἄν
1413 2653 1458 2694 σοι

263 2751 345 2826 φανῇ
370 2738 489 2822 βίλτιον
510 2744 596 2811 ηκαί
614 2743 711 2812 ούτως
726 2745 815 2825 ,ἔχειν
841 2739 1014 2823 δοκιμάζεις
1039 2746 1105 2825 περί
1125 2743 1227 2804 αὐτῶν
1252 2740 1457 2826 ἀντιγραύῃς.

262 2847 425 2931 ίρρύσθαί
449 2869 497 2920 σε,
523 2851 735 2933 ἀγαπητλυίί
758 2869 835 2930 μου,
860 2851 890 2910 λν
915 2851 1015 2934 είρήνη
1040 2846 1275 2934 λειτουργοῦντα
1300 2855 1344 2927 τῷ
1368 2854 1460 2933 κυρίῳ

263 2959 407 3040 εὔχομαι.

351 3153 385 3223 α)
405 3149 570 3221 ἀναγίνωσκε
583 3151 627 3205 καί
639 3152 684 3204 τόν
698 3170 709 3204 ε
722 3154 765 3204 καί
780 3172 806 3221 ιγ
819 3153 918 3205 κανόνα
929 3156 977 3205 τοῦ
990 3150 1068 3221 ἁγίου
1083 3151 1229 3220 Τιμοθίου.

337 3291 341 3298 ,
352 3241 387 3314 β)
408 3241 435 3296 ίν
454 3247 484 3313 τῇ
504 3243 568 3316 πρός
589 3245 751 3316 Κορινθίους
772 3263 790 3295 α
810 3245 856 3314 [vii
876 3245 915 3314 ⁵]-
941 3243 1010 3316 Ὅρα
1028 3244 1072 3295 καὶ
1091 3243 1135 3295 τόν
1154 3240 1181 3313 ιβ
1200 3243 1298 3294 κανόνα
1316 3245 1363 3294 τού
1382 3240 1460 3309 ἁγίου

264 3331 407 3401 Τιμοθίου.

352 3425 381 3490 γ)
405 3419 470 3474 Ὗετδ
483 3423 533 3495 γὰρ
546 3427 593 3475 τού
607 3422 758 3484 συνειδότος
771 3421 908 3493 ι’λίγχιταί
921 3440 961 3483 τις
974 3421 1022 3476 κᾶν
1035 3439 1061 3475 τι
1073 3421 1191 3491 ι’μιεαθίς
1203 3423 1291 3492 γίγονε
1302 3424 1330 3475 τό
1341 3422 1460 3476 ἐνύπνιον

261 3509 309 3564 κόν
322 3525 349 3565 τε
364 3511 392 3564 ίιι
405 3513 508 3581 φθόνου
522 3512 666 3582 δαιμόνων.
688 3517 732 3567 καί
750 3517 778 3566 τό
797 3517 843 3582 μίν
863 3512 981 3582 imm
1000 3513 1097 3566 κωλύει
1115 3517 1163 3566 τοῦ
1182 3517 1220 3582 μὴ
1238 3511 1461 3584 μεταλαμβάνειν,

262 3601 308 3656 ίδιν
324 3603 392 3672 [cod.
406 3602 446 3672 τό]
462 3602 490 3656 δλ
504 3604 547 3656 καί
559 3603 756 3672 ἀγωνιζομίνου
766 3605 835 3664 τινός
845 3606 889 3656 καί
900 3605 1017 3676 παντοίῳ
1027 3605 1116 3676 τρόπῳ
1133 3605 1316 3674 γυλόισσοντος
1332 3601 1459 3673 ίξαίρνης

259 3694 365 3762 γίνηται
378 3696 407 3746 τό
422 3691 546 3756 δηλωθλν
560 3692 689 3760 ίνύπνιον,
708 3689 786 3756 οὗτος
799 3697 865 3764 μετὰ
878 3694 986 3757 ίλπίδος
998 3695 1102 3756 τελείας
1116 3695 1310 3769 προσερχίσθω
1324 3681 1362 3764 τῷ
1375 3695 1459 3768 κυρίῳ

261 3787 304 3837 καὶ
317 3789 370 3838 τοῖιν
385 3787 559 3854 αγεασμόιτων
572 3784 655 3838 αὐτοῦ
668 3785 904 3858 μεταλαμβανίτω.

345 3965 411 4006 ὶτού
425 3961 464 4019 Χρ.
481 3967 523 4016 Rp.
539 3985 566 3996 -
581 3967 594 4006 3
609 3962 682 4006 σεεύδ.
699 3965 719 4006 R
733 3963 815 4006 εδίοείί
829 3970 935 4016 sequutus
950 3966 1011 4006 bodl.
1023 3967 1057 4016 26,
1071 3967 1105 4016 86,
1121 3967 1169 4006 025.
1185 3985 1212 3994 -
1227 3967 1240 4005 6
1254 3966 1291 4006 καί
1301 3963 1327 4006 τό
1337 3959 1458 4020 όγιατυρο.

263 4038 325 4078 bodl.
335 4039 370 4086 86,
382 4039 430 4079 825.
439 4039 488 4078 -8
499 4036 519 4079 σί
529 4034 682 4095 γεγηρακότες,
695 4036 713 4078 ί.
725 4051 748 4089 p,
759 4040 799 4079 εοεί
812 4039 924 4080 bodleiani
940 4045 1025 4090 εερεειπ
1040 4045 1062 4079 σε
1075 4049 1087 4077 ι
1104 4049 1153 4080 eum
1164 4039 1186 4078 M
1196 4040 1322 4078 εσιιεΙιιυαό.
1333 4057 1360 4068 ·-
1370 4039 1383 4078 ⁹
1394 4035 1460 4088 ἀλλή-

263 4108 310 4149 λων
324 4111 441 4162 προσὴεον,
458 4109 481 4150 δι
496 4109 624 4163 συμφωνίας
645 4107 682 4150 ῑνα
702 4110 753 4162 πρός
774 4109 848 4164 καιρόν
869 4122 904 4166 σγ.
920 4111 1198 4161 ρ.εοιίδσό1.οεεο--δί.
1220 4109 1244 4151 ίι
1259 4109 1379 4164 συμφώνου
1393 4111 1459 4150 etlam

263 4183 324 4222 ύοιΙΙ.
341 4183 388 4222 15⁸.
404 4184 475 4232 πεδί,
491 4183 534 4221 nm
544 4183 603 4232 quod
614 4185 724 4237 προσῆκον
735 4179 783 4223 ἀλλ.
794 4185 909 4225 εετίοίίιιτ.
925 4205 951 4213 -
965 4186 987 4223 8.
1003 4185 1016 4222 9
1031 4195 1064 4237 σγ.
1080 4183 1107 4240 τῇ
1123 4183 1212 4237 νηστείᾳ
1226 4183 1262 4224 καί
1277 4183 1304 4240 τῇ
1319 4193 1380 4236 τερος.
1397 4183 1458 4222 bodl,

261 4255 310 4294 025.
327 4271 353 4283 -·
368 4255 394 4293 12
408 4251 435 4294 Ολ
449 4251 469 4293 δ’
484 4251 506 4294 ίν
521 4255 563 4304 Rp.
579 4275 606 4284 -
621 4257 648 4296 1³
661 4253 952 4307 τατακολιιυδείτωαανΒρ.
968 4277 994 4286 -
1011 4255 1036 4294 ιδ
1050 4255 1086 4296 ταί
1102 4253 1135 4296 ίτί
1150 4267 1172 4306 p.
1185 4251 1337 4301 ὥςιιαίίπίι.
1354 4275 1381 4285 -
1395 4255 1458 4294 nom.

263 4327 301 4366 τίν
316 4327 350 4366 2³.
366 4343 392 4354 -
413 4327 438 4366 15
460 4331 510 4366 επεε
530 4325 599 4367 ταῦτα
613 4328 658 4377 Bp:
681 4329 717 4368 ταί
732 4327 754 4369 ίν
769 4325 856 4382 τούτοις
876 4325 1026 4380 εύσυνείόητος
1041 4325 1100 4368 {nm
1114 4329 1150 4369 καί
1166 4325 1351 4382 εύπαρρηείαστος
1365 4324 1422 4366 κατὰ
1435 4325 1460 4365 τό

262 4396 318 4438 ίδιον
332 4395 436 4450 ίνδύριιον
451 4398 492 4444 κός
506 4398 518 4440 ό
531 4395 630 4453 προσιών
649 4399 682 4454 τῷ
702 4397 760 4454 Θεῷ,
783 4421 807 4432 -
829 4402 851 4440 ίῑ
873 4399 959 4454 σεαυτῷ
980 4403 1045 4441 nunu
1065 4403 1127 4441 ΙισεΙΙ.
1144 4405 1188 4441 tm
1206 4405 1229 4441 εε
1243 4412 1267 4448 ε,
1288 4397 1361 4452 ίειυτῷ
1376 4399 1418 4448 Rp.
1435 4419 1460 4426 -

263 4473 288 4511 18
302 4467 430 4515 διδάσκαλος
445 4469 522 4521 καλός,
543 4469 591 4512 ἀλλ’
610 4473 722 4513 bodleiani
737 4475 794 4522 duo;
816 4471 882 4517 καλός
897 4473 1009 4522 adultum,
1030 4474 1070 4514 εειί
1086 4485 1129 4514 non
1144 4473 1460 4523 nl1brmeipno,eunmin

263 4545 323 4583 ml.
340 4545 387 4585 ⁶25.
411 4565 438 4574 ·-
459 4545 487 4584 δυ
507 4541 604 4598 ίξὴδηαα
618 4545 645 4584 R.
668 4565 693 4574 -
716 4547 740 4585 εει
761 4543 843 4586 δίκαιον
862 4545 898 4585 καί
918 4551 967 4586 επιο
984 4541 1042 4596 βίλτ.
1059 4547 1160 4587 ίειεετιεπε
1175 4547 1236 4587 bodl.
1252 4547 1296 4586 σεο
1311 4549 1332 4584 εί
1347 4555 1382 4594 με,
1397 4544 1461 4583 une-h

263 4617 345 4656 ίποίιιε.
363 4618 430 4657 etlam
445 4617 472 4657 B.
491 4638 517 4647 -
531 4619 556 4658 21
573 4615 691 4673 δοιιμύζης
706 4619 749 4668 Rp.
764 4639 790 4648 -
805 4613 942 4672 ἀντιγράφοις
956 4629 993 4670 tp.
1241 4625 1247 4636 ¹
