3120 4980
1350 282 1424 336 XXI

241 453 283 516 74
308 463 345 516 21
374 454 1423 545 δοκῇτιάσὺμφομονλέγειν,ἀ.11101).ἀσύμφορα,οπετοριιοιγμιωι.

307 570 347 624 27
375 564 502 650 δευτέρα
520 564 569 627 δὲ·
594 568 647 650 ἀγ.
665 586 741 628 nam
761 566 897 652 δεύτερον
914 541 1071 666 <hiim
1091 573 1147 628 est.

307 679 347 733 30
372 680 518 746 ποιὴσεις.
536 675 620 736 τοῦτ’
636 676 696 736 έοτι
714 674 759 737 δέ·
775 676 901 758 δμισεῖς
917 674 999 753 ἄλλῳ
1016 677 1050 737 ον’
1066 679 1212 746 ποιήσεις.
1229 679 1343 736 τούτοιν
1361 676 1421 736 κτέ.

240 778 281 843 75
331 789 358 842 1.
376 788 393 840 2
412 803 511 867 πορν,
529 786 562 845 οδ
578 782 854 871 παιδομθομήσεις,
879 785 912 846 οὐ
930 804 1041 869 γαμμ,
1062 785 1096 847 ον’
1112 788 1286 866 μαγεύσεις,
1305 786 1338 845 οδ
1355 803 1421 870 μον.

329 896 347 950 3
374 893 426 952 οὐκ
441 891 643 974 ἐπιθυμήσεις
660 897 699 954 τὰ
712 901 765 954 τοῦ
781 891 905 961 πλησίον
922 912 987 970 σου,
1005 895 1057 954 οδκ
1073 895 1269 977 ἐπιορκήσεις,
1287 895 1320 954 ον’
1336 889 1422 973 ψευδ.

334 1006 351 1058 6
376 1019 435 1084 pro
452 1003 613 1085 ὑποκριτὴς
630 996 653 1066 S
670 999 943 1086 πμοσωπολὴπτης.
961 1037 1003 1046 -
1022 1002 1054 1061 οὐ
1071 997 1163 1082 λήψῃ.

309 1113 346 1167 12
373 1105 401 1170 δ.
419 1111 560 1192 ἐριστικὸν
583 1105 679 1172 st?
701 1117 843 1194 praestat
864 1111 1003 1180 ωεστ
1027 1128 1084 1193 pro
1102 1109 1251 1179 ναιέμεν
1270 1104 1421 1170 scribere.

308 1221 346 1275 16
370 1217 567 1299 ἠέπιθνμία.
591 1225 622 1279 et
648 1224 685 1277 17
711 1216 873 1280 ἀπόλλυσιν
890 1219 932 1284 είς
950 1219 1002 1288 οὓς
1018 1216 1202 1300 εἰσέρχεται·
1227 1213 1308 1287 δδδς.

311 1329 349 1384 18
376 1337 454 1407 σχῇ,
480 1327 523 1396 ὡς
539 1327 640 1405 έαντῷ
656 1324 806 1388 πλατύνει.

309 1440 349 1492 22
375 1437 418 1505 εἰς
435 1436 513 1518 έμγα
530 1438 659 1518 πονημά.

306 1547 346 1601 23
373 1546 487 1604 ονοντά
503 1563 557 1603 τινι
575 1547 664 1605 κατὰ.
683 1579 723 1588 —-
748 1544 903 1628 έπιτμέψῃ.

306 1655 345 1709 20
372 1662 426 1713 τοῦ
443 1651 623 1736 ἀνθρώπου.

239 1755 280 1819 76
328 1765 345 1819 3
371 1765 455 1843 γίνου
472 1761 665 1844 δμιίμαντις,
688 1757 789 1829 ἐπειδὴ
808 1763 921 1844 ἀπάγει
939 1779 971 1821 σε
992 1767 1079 1820 τοῦτο
1095 1763 1181 1844 πρὸς.

329 1873 356 1926 6.
376 1874 406 1927 9.
427 1874 463 1927 11
491 1863 651 1951 γίνονταιῗ

307 1981 345 2034 10
370 1973 487 2061 βλασμ.
506 1978 520 2037 ὁ
537 1980 726 2060 γογγυσμὸς,
744 1986 831 2060 μήτε.
850 2013 892 2022 -
911 1975 1059 2048 αὐθάδης
1076 1983 1107 2036 et
1123 1996 1170 2037 vs.
1193 1983 1227 2034 11
1248 1976 1348 2060 πραΰς
1371 1978 1421 2054 †.

308 2082 584 2171 mmmmm
1366 2097 1368 2102 ’

308 2199 346 2252 10
372 2197 418 2255 σοί
434 2221 471 2273 ιν,
496 2191 557 2255 nisi
572 2215 605 2279 p.
623 2193 728 2257 224
748 2190 843 2296 Ὑί(
862 2185 933 2294 νβ
957 2188 1172 2255 scribendum.

306 2308 344 2361 19
368 2309 422 2372 τὴν
439 2305 468 2364 έν
486 2309 605 2387 χριστῷ
622 2301 791 2390 σφραγῖδα,
813 2297 871 2365 sed
887 2323 933 2363 vs.
951 2307 990 2362 21
1011 2323 1036 2362 τ.
1052 2298 1084 2362 δέ
1103 2303 1192 2362 αὐτὸν
1210 2301 1254 2373 ὡς
1270 2307 1319 2365 τὸν
1335 2301 1420 2364 θεόν.

305 2415 357 2470 23.
375 2415 417 2470 24
443 2414 556 2474 αὐτῶν.
581 2411 767 2493 κολλώμενος
783 2415 843 2496 γὰρ
862 2412 961 2494 ἁγίοις
978 2411 1171 2494 ἀγιασθὴσῃ.
1195 2432 1255 2494 τιμ.
1270 2409 1302 2472 δέ
1319 2414 1421 2473 αὐτὸν.

305 2525 344 2579 31
371 2526 505 2592 ποιήσεις
521 2525 574 2602 μέν
592 2529 697 2604 σχίσμ.
716 2557 758 2566 -
775 2526 824 2581 καί
841 2530 957 2605 κρινεῖς.

304 2633 343 2686 32
369 2622 487 2711 ἐλέγξαι
505 2631 577 2690 ὄντα
595 2631 625 2690 ἐν
642 2634 884 2715 παραπτώματι.

304 2742 344 2795 33
369 2738 462 2821 κυρίῳ
480 2735 548 2798 οὐδὲ
565 2734 655 2814 ἀξίας
672 2733 737 2824 [vel
754 2732 905 2822 ἐξουσίας]
922 2737 1069 2822 προκρίνει
1087 2734 1167 2798 οιίδέ.

234 2842 274 2904 77
327 2849 336 2904 1
367 2845 469 2924 ἔσται,
494 2851 544 2906 ναί
565 2848 584 2914 ἦ
603 2847 646 2908 οὗ.
664 2866 740 2907 mox
755 2865 801 2907 vs.
820 2851 838 2904 2
862 2852 915 2915 τὴν
932 2851 1022 2930 χείμά
1040 2865 1103 2906 σον.

326 2957 356 3012 2.
376 2959 393 3014 3
419 2956 472 3016 έδιν
490 2957 565 3040 ἔχῃς
581 2957 611 3016 ἐν
627 2961 715 3040 χερσί
732 2975 802 3032 σου,
828 2954 935 3027 δώσεις
961 2950 1045 3057 [Q
1062 2950 1082 3013 2
1099 2949 1204 3014 scribe
1220 2947 1312 3038 οσον]
1336 2951 1419 3036 λὺτμ.

323 3067 341 3122 3
367 3082 422 3124 σου
440 3061 509 3125 ον’δέ
526 3062 678 3136 διστάσεις
695 3061 811 3126 διδόναι
833 3061 901 3125 οὐδὲ
919 3061 1001 3134 δοὺς.

321 3167 343 3232 4
366 3175 399 3233 τὸ
415 3181 468 3233 τοῦ
484 3193 518 3254 μ.
536 3192 590 3233 σον
606 3171 695 3234 καλὸν
713 3169 933 3253 ἀνταπόδομα,
958 3167 1017 3232 nisi
1033 3168 1114 3232 forte
1137 3169 1301 3238 βω
1322 3166 1422 3230 voluit

366 3276 526 3342 librarius.
548 3301 580 3365 p.
598 3287 669 3383 Q
685 3275 706 3342 5
723 3275 798 3364 Syr.
814 3250 1058 3348 ΔίδιΙοιδιιδν
1078 3274 1291 3340 scribendum.

325 3393 342 3447 6
370 3391 399 3450 έν
417 3399 480 3460 τοῖς
503 3389 692 3459 ἀθανάτοις.

303 3503 339 3556 11
367 3515 398 3582 p.
412 3505 484 3600 Q
503 3494 544 3558 12
561 3493 727 3598 [mJQ
737 3517 797 3558 scr.
815 3515 890 3557 mox
909 3500 947 3554 12
966 3496 1091 3581 γίνεσθε
1106 3497 1285 3579 νομοθέται,
1303 3500 1421 3558 έαντῶν

370 3606 494 3689 γίνεσθε
512 3604 607 3690 σύμβ.
627 3609 691 3689 ἀγ,
716 3604 849 3668 διδακτοὶ
865 3609 952 3688 παρὰ
969 3614 1022 3666 τοῦ
1038 3606 1127 3668 θεοῦ.
1153 3605 1220 3692 μνλ.

278 3711 422 3798 sequitur
444 3734 476 3800 p.
494 3722 565 3817 Q
591 3713 631 3777 16
653 3711 736 3776 liber
757 3721 875 3775 sextus.
898 3733 1016 3798 graece

256 3821 276 3886 9
325 3830 340 3883 7
365 3821 524 3909 praemitt.
548 3824 647 3888 verba
668 3822 787 3908 βιβλίον
812 3835 872 3886 τῶν
889 3835 941 3886 τοῦ
958 3824 1130 3907 Κλήμεντος
1150 3826 1243 3886 ἕκτον.
1274 3819 1421 3896 Διάταέις

375 3929 450 4020 [hoo
471 3930 532 4020 -'-].
568 3936 785 3996 έπισκόπωνιυ.

322 4051 338 4100 0
364 4045 450 4126 κάγὼ
467 4051 539 4128 post
555 4065 660 4105 καναν.
679 4041 816 4128 ponitur.
842 4050 915 4128 post
931 4045 998 4125 ὑμῖν
1019 4039 1092 4103 add.
1112 4041 1136 4102 ὦ
1154 4043 1316 4102 ἐπίσκοποι.

301 4157 340 4211 10
365 4154 524 4223 ἐπίσκοπος
541 4149 669 4213 additur
688 4164 762 4213 ante
779 4156 846 4214 ὑπὸ.

302 4267 340 4319 12
365 4268 414 4322 καί
430 4257 519 4345 prius
535 4287 570 4318 ω.
589 4296 630 4305 -
651 4257 690 4322 δι’
707 4262 841 4343 ἀνάγκην
868 4269 899 4322 et
920 4280 995 4321 mox
1011 4258 1176 4343 καταλάβῃ
1196 4263 1296 4337 αδτδν,
1320 4257 1375 4320 sod
1393 4285 1418 4322 κ.

364 4365 621 4454 impersonaliter
644 4376 808 4455 acceptum
834 4366 875 4430 H.
895 4363 1006 4454 steph.
1025 4365 1075 4432 IV
1095 4367 1190 4432 1118.
1217 4389 1289 4430 nam
1310 4385 1427 4471 a&

366 4475 524 4560 συνέβαινε
547 4473 623 4539 Luc.
642 4476 717 4538 xxiv
743 4476 783 4539 14
814 4475 898 4540 Petr.
919 4500 938 4538 α
960 4477 991 4538 iv
1016 4476 1057 4540 12
1079 4477 1101 4562 β
1126 4474 1146 4538 ii
1171 4475 1213 4540 22
1236 4474 1367 4540 Isocrat.
1387 4475 1420 4539 in
