3160 4976
675 564 766 638 XII.

198 668 308 741 Βιβλίαν
325 668 476 744 Κλήμεντος
492 673 594 739 πρῶτον
607 671 636 722 τό
650 669 809 738 καλούμενον
827 669 944 733 διαθήκη
963 674 1010 724 τοῦ
1020 673 1120 742 κυρίου
1136 671 1212 739 ἡμῶν
1229 670 1320 732 Ἰησοῦ

126 763 253 832 χριστοῦ·
275 759 300 810 οί
319 759 394 826 λόγοι
412 754 458 818 οὓς
476 759 541 828 μετὰ
560 761 589 812 τό
609 758 754 822 ἀναστῆναι
774 757 853 814 αὐτόν
873 759 901 812 έκ
919 765 1015 832 νεκρῶν
1035 761 1150 824 έλὰλησε
1169 765 1223 821 τοῖς
1236 761 1321 829 ἁγίοις

126 849 286 908 ἀποστόλοις
300 847 392 901 αὐτοῦ.

125 942 176 991 Καὶ
190 937 287 1008 ἐγένετο
308 939 372 1007 μετὰ
390 941 419 990 τό
437 937 583 1000 ἀναστῆναι
603 941 646 991 τόν
660 939 749 1012 κύριον
762 940 837 1008 ἡμῶν
852 939 879 992 έκ
892 945 990 1012 νεκρῶν
1008 942 1052 991 καὶ
1066 939 1183 1010 όρθήναι
1202 939 1321 1008 ἡμῖνκαὶ

126 1025 333 1101 βηλαρισθῆναι
353 1025 403 1080 ύπό
425 1029 510 1096 Θωμόι
532 1032 575 1081 καί
599 1032 742 1083 Ματθαίου
762 1031 805 1083 καὶ
826 1031 949 1084 Ἰωάννου
969 1034 1012 1083 καί
1032 1033 1174 1092 πεισθῆναι
1194 1031 1264 1099 ἡμᾶς
1282 1030 1321 1083 ὅτι
1354 1031 1368 1068 ⁵

127 1119 223 1182 ἀνίστη
237 1118 353 1182 ἀληθῶς
367 1119 380 1170 ό
396 1117 557 1178 διδάσκαλος
574 1119 650 1187 ἡμῶν
664 1119 692 1172 έκ
708 1125 821 1192 νεκρῶνε
845 1123 966 1180 πεσόντες
986 1120 1029 1173 ε’πέ
1047 1122 1081 1172 τόι
1098 1123 1228 1193 πρόσωπα
1246 1121 1322 1189 ἡμῶν

125 1209 290 1279 ηύλογούμεν
306 1211 350 1261 τόν
370 1210 470 1277 κόσμου
490 1210 599 1262 καινού’
613 1211 712 1282 πατέρα
730 1213 793 1264 θεόν
811 1211 856 1263 τόν
869 1209 913 1264 διὰ
932 1211 1022 1272 Ἰησοῦ
1039 1216 1152 1282 χριστοῦ
1165 1215 1212 1264 τού
1230 1214 1321 1284 κυρίου

125 1299 200 1367 ἡμῶν
214 1299 362 1370 ῥυσάμενον
380 1298 450 1368 ἡμᾶς
467 1301 510 1351 καί
524 1297 550 1350 έν
565 1297 640 1370 φόβῳ
655 1300 746 1370 πολλῷ
759 1301 820 1352 λίαν
833 1301 966 1372 τρέμοντες
987 1300 1122 1370 ἐμένομεν
1140 1299 1321 1372 βεβλημένοι·

127 1387 164 1449 ὡς
177 1390 253 1441 τέκνα
271 1387 373 1460 ἅρωνοι.
394 1386 496 1448 έπιᾶεές
516 1387 543 1441 δὲ
561 1393 608 1451 τὴν
628 1395 710 1462 χεῖρα
728 1389 765 1442 ε’νῖ
785 1389 888 1459 ἑκάστῳ
902 1391 977 1458 ἡμῶν
991 1388 1004 1440 ό
1019 1391 1107 1462 κύριος
1125 1391 1200 1458 ήμῶν
1218 1390 1322 1452 Ἰησοῦς

126 1477 234 1541 ἔστησεν
248 1478 318 1547 ἡμᾶς
336 1479 434 1547 λέγων·
452 1476 519 1531 ένατῖ
533 1477 619 1539 ούτως
637 1475 756 1544 ἐξέπεσεν
773 1479 900 1552 ἡκαρόία
919 1478 993 1548 ύμών
1012 1483 1056 1532 καί
1074 1480 1177 1551 σρόόρα
1195 1481 1322 1548 ι’πλήγητε
1342 1489 1369 1525 10

126 1567 244 1640 θάμβεις
266 1565 312 1620 οὐκ
326 1566 414 1621 οἴδατε
428 1566 467 1620 ότι
481 1565 591 1620 δύναται
605 1569 618 1620 ό
633 1568 792 1628 ἀποστείλας
811 1588 842 1638 με
854 1570 1002 1638 θαυμαστὰ
1016 1575 1126 1630 ποιῆσαι
1139 1570 1176 1628 εές
1190 1572 1323 1642 σωτηρίαν

126 1664 179 1711 τῶν
193 1659 220 1711 έκ
239 1657 349 1730 καρδίας
370 1659 578 1712 πεπιστευκότων
592 1657 629 1717 εἰς
649 1657 744 1724 αύτόνς
769 1663 804 1726 μὴ
819 1653 865 1710 ούν
880 1658 964 1719 οὕτως
979 1656 1016 1718 ὡς
1037 1659 1103 1712 ένιοί
1117 1659 1267 1729 αἰδούμενοι
1280 1662 1324 1712 καῖ

128 1747 262 1808 όκνούντις
281 1754 371 1810 στῆτε,
392 1745 499 1808 ἀλλ’όις
521 1746 574 1800 υίοὶ
594 1751 681 1818 ρωτός
700 1748 797 1802 αἰτεῖτε
821 1751 893 1821 παρὰ
915 1752 962 1802 τού
982 1750 1079 1820 πατρός
1095 1767 1146 1817 μου
1165 1753 1212 1800 τού
1225 1748 1251 1802 έν
1270 1753 1325 1807 τοῖς

128 1836 248 1909 οὐρανοῖς
267 1839 295 1890 τό
316 1840 419 1904 πνεύμα
431 1843 477 1899 τῆς
497 1835 578 1902 δόξης
597 1841 641 1889 καὶ
660 1842 707 1898 τῆς
725 1838 886 1899 τελειότητος
899 1838 943 1890 καί
957 1837 1084 1906 ἐμπλήσει
1099 1835 1167 1908 ὑμᾶς
1181 1837 1325 1906 πνεύματος

129 1926 206 1995 ἁγίου
220 1930 264 1980 καὶ
277 1927 358 1980 δώσει
372 1925 432 1995 ύμῖν
446 1926 504 1995 μετ’
513 1925 578 1994 ε’μού
592 1921 656 1979 εἶναι
670 1927 707 1987 είς
721 1929 764 1978 τόν
778 1927 873 1980 αἰῶνα.
951 1982 957 1988 ,
1346 1945 1372 1982 ιο

89 2021 109 2062 ss
130 2019 183 2069 Καὶ
197 2015 376 2088 ἀπεκρίᾶημιν
395 2017 528 2084 λέγοντες·
548 2017 619 2088 κύριε
637 2017 727 2084 ἡμῶν,
748 2019 773 2070 τί
787 2017 841 2070 ἔστι
860 2019 889 2070 τό
903 2017 979 2086 ἅγιον
993 2021 1096 2085 πνεῦμα
1113 2017 1131 2092 ᾖ
1150 2017 1190 2077 τίς
1210 2013 1326 2088 [Qlel

129 2105 239 2176 δύναμις
252 2107 348 2167 αύτού,
369 2107 402 2168 ἣν
416 2104 485 2166 εἶπες
502 2107 564 2174 ἡμῖν
578 2105 675 2173 αἰτεῐνρ
698 2110 742 2160 καί
761 2105 830 2162 εἶπεν
848 2107 938 2175 ἡμῖνό
958 2106 1047 2178 κύριος
1065 2107 1155 2175 ἡμῶν·
1174 2104 1243 2175 ἀμὴν
1256 2106 1325 2173 λέγω

129 2195 190 2264 ὑμῖν
205 2195 244 2248 ότι
258 2195 304 2248 ούκ
324 2194 417 2248 ἔσεσθε
431 2194 484 2248 υίοί
503 2197 604 2266 φωτός,
625 2197 647 2248 εί
659 2200 696 2266 μὴ
709 2196 754 2250 ez&
768 2201 814 2248 τοῦ
827 2197 905 2265 ἁγίου
918 2197 1071 2264 πνεύματος.
1091 2199 1135 2250 καὶ
1148 2196 1326 2268 ἀπικρίθημεν

128 2286 202 2356 αὐτῷ
215 2290 259 2339 καί
273 2285 389 2354 εἴπομεν·
409 2287 481 2358 κύριε
493 2287 577 2354 ἡμῶν,
590 2285 636 2347 όός
648 2288 711 2356 ἡμῖν
727 2287 815 2340 έκεῖνο.
834 2290 878 2340 καί
892 2286 995 2348 εὐθέως
1008 2287 1168 2357 ἐνεφύσησεν
1181 2285 1216 2346 εές
1228 2285 1326 2354 ἡμᾰςέ

133 2377 235 2439 Ἰησοῦς
256 2377 283 2448 [ό
297 2377 387 2448 κύριος
404 2376 512 2447 ἡμῶυΓ
527 2379 571 2428 καὶ
589 2378 653 2444 μετὰ
671 2379 700 2428 τό
720 2375 813 2448 λαβεῖν
827 2377 897 2446 ημᾶς
913 2379 942 2430 τό
955 2377 1030 2450 ᾄγιον
1043 2379 1145 2446 πνεῦμα
1163 2374 1231 2430 εἶπεν
1249 2377 1326 2446 ήμῖν·
1345 2390 1373 2428 ευ

128 2467 198 2535 ἀμὴν
212 2468 280 2536 ἀμὴν
294 2466 363 2536 λέγω
378 2465 439 2536 ύμῖν
453 2466 491 2518 ότι
506 2464 577 2535 ὑμεῖς
588 2466 613 2518 οί
626 2468 837 2534 μαθητευθέντες
850 2473 881 2538 τῇ
894 2465 1021 2537 βασιλείᾳ
1034 2471 1086 2517 τῶν
1098 2465 1217 2539 οὐρανῶν
1224 2469 1246 2528 ’,
1261 2465 1286 2518 οί
1299 2464 1326 2518 έν

128 2557 224 2630 καρδίᾳ
243 2561 279 2625 μὴ
299 2557 470 2628 μεμερισμένη
490 2556 677 2616 πιστεύσαντες
697 2555 733 2616 είς
752 2555 797 2624 ε’μί
818 2555 862 2607 καί
881 2555 1114 2617 ἀκολουθήσαντές
1134 2575 1178 2624 μοι
1201 2553 1327 2624 μετ’έμού

128 2645 231 2699 ἔσεσθε·
250 2649 294 2699 καί
308 2649 400 2705 πάντες
414 2645 439 2697 οέ
458 2643 572 2712 δι’ύμῶν
585 2647 775 2713 γιγνώσκοντες
788 2647 831 2696 καί
845 2648 977 2704 ποιούντες
995 2647 1024 2697 τό
1038 2645 1146 2714 ,θέλημα
1164 2649 1211 2697 τού
1230 2645 1327 2716 πατρός

128 2755 178 2805 μου
197 2736 240 2788 καί
258 2740 399 2808 τηροῦντες
418 2737 477 2795 τούς
498 2735 595 2804 λόγους
614 2753 664 2803 μου
685 2737 729 2786 καί
749 2734 935 2804 γιγνώσκοντες
955 2736 988 2787 τόι
1002 2737 1149 2802 παθήματά
1167 2751 1232 2802 μου,
1253 2727 1326 2786 οὗτοι

128 2825 342 2897 ἁγιασθήσονται
360 2827 404 2878 καὶ
422 2823 449 2876 έν
467 2830 522 2886 ταῖς
541 2830 635 2892 μονοιῖς
652 2829 698 2877 τού
716 2825 814 2896 πατρός
833 2843 884 2893 μου
900 2824 1038 2887 οίκήσουσι
1054 2827 1098 2878 καί
1112 2827 1284 2886 σωθήσονται
1298 2822 1326 2875 έκ
1346 2837 1373 2876 ευ

127 2921 180 2968 τῶν
193 2916 298 2987 ἡμερῶν
311 2920 364 2967 τῶν
377 2920 497 2986 πονηρῶν
510 2919 563 2967 τῶν
576 2914 731 2983 μελλουσῶν
746 2912 876 2985 ἔρχεσθαι
889 2917 933 2968 καὶ
947 2915 1040 2982 ἔσομαι
1058 2914 1112 2983 μετ’
1127 2914 1224 2974 αὐτῶν.
1247 2931 1326 2984 μανε-

128 3010 182 3076 ρύιν
196 3004 287 3065 αύτοῖς
299 3007 347 3064 τὰς
361 3004 439 3064 όόούς
452 3024 512 3073 μου,
534 3003 560 3056 έν
578 2997 619 3064 αἷς
638 3006 773 3066 ζήσονται.

87 3081 112 3163 β
127 3093 302 3166 Ἐρωτήματα
314 3099 366 3148 τῶν
381 3094 537 3148 ἀποστόλων
551 3095 615 3165 πρός
628 3095 671 3146 τόν
685 3094 772 3164 κύριον
785 3093 861 3162 ἡμῶν
875 3097 936 3166 περὶ
955 3095 1002 3145 τού
1014 3093 1114 3154 τέλους.

130 3190 182 3240 Καί
202 3184 335 3257 ὑπέλαβον
354 3185 449 3257 Πέτρος
468 3188 510 3238 καί
529 3184 655 3244 Ἰωάννης
674 3187 718 3236 καὶ
738 3181 808 3237 εέπον
827 3182 914 3253 αύτῷ·
940 3185 1011 3256 κύριε
1031 3184 1121 3252 ἡμῶν,
1142 3182 1196 3236 είπέ
1212 3183 1275 3251 ἡμῖν
1293 3183 1327 3233 τὰ

130 3279 226 3344 σημεῖα
244 3281 289 3328 τού
307 3277 398 3336 τέλους
418 3278 461 3328 καί
480 3275 617 3328 πάντατὰ
637 3276 831 3345 πράγματατὰ
850 3276 975 3344 γινόμενα
993 3275 1049 3326 τότε
1068 3273 1096 3326 έν
1115 3272 1189 3342 αύτῷ
1210 3270 1261 3324 ύπό
1274 3275 1326 3324 τῶν
1345 3284 1374 3322 ee

129 3367 270 3418 οἰκούντων
284 3365 311 3417 έν
325 3369 362 3434 τῷ
374 3366 465 3434 κόσμῳ
478 3365 580 3433 τούτῳ,
603 3363 646 3417 ίνα
658 3367 702 3417 καί
715 3365 790 3433 ἡμεῖς
807 3366 978 3436 γνωρίσωμεν
991 3369 1046 3424 τοῖς
1066 3363 1234 3416 πιστεύουσιν
1247 3361 1285 3422 είς
1297 3362 1327 3414 τό

129 3457 211 3525 ὄνομά
225 3473 272 3508 σου
287 3456 314 3508 έν
328 3461 393 3508 πᾶσι
405 3460 460 3514 τοῖς
474 3454 586 3516 ἔθνεσιν,
608 3454 650 3506 ἵνα
663 3458 801 3527 τηρὴσωσι
814 3457 858 3508 καί
876 3457 995 3518 ζήσωσιν
1015 3453 1044 3506 αί
1057 3454 1139 3524 γαλαῖ
1153 3447 1240 3506 αύται.
1265 3449 1327 3504 ὑπέ-

128 3545 195 3618 λαβε
215 3545 244 3598 δὲ
263 3545 275 3598 ό
290 3545 393 3606 Ἰησοῦς
407 3544 450 3597 καί
464 3542 547 3598 εἶπεν·
567 3543 630 3614 οὐχί
644 3547 692 3617 πρό
705 3549 752 3596 τοῦ
766 3563 796 3612 με
810 3547 907 3596 παθεῖν
922 3542 987 3616 ὑπὲρ
1005 3548 1057 3595 τῶν
1072 3543 1214 3594 οίκούντων
1228 3541 1269 3594 ἐπὶ
1282 3546 1328 3602 τῆς

128 3645 176 3706 γῆς
195 3635 265 3690 είπον
286 3635 347 3706 ὑμῖν
367 3655 425 3688 τινα
442 3637 499 3708 περί
517 3638 563 3686 τού
582 3635 687 3699 τίλουςς
711 3637 753 3688 καὶ
768 3633 945 3706 ἀπεκρίθημεν
959 3633 1003 3686 καί
1016 3633 1137 3700 εἴπομεν·
1157 3631 1227 3703 κύριε
1241 3631 1326 3695 ἡμῶν,

129 3728 199 3780 ἀλλὰ
218 3732 263 3781 νῦν·
285 3725 401 3796 δεόμεθα
421 3723 462 3777 ἵνα
479 3729 580 3792 γνῶμεν
599 3725 632 3775 τὰ
645 3727 786 3795 πράγματα
803 3727 887 3776 ταῦτα
905 3729 957 3776 τῶν
977 3724 1093 3791 σημείων
1111 3728 1159 3784 τῆς
1177 3719 1328 3778 συντελείας
1346 3732 1374 3773 ³5

128 3822 174 3871 τού
188 3820 288 3888 κόσμου
301 3819 409 3878 τούτου,
430 3815 500 3887 εἴπερ
512 3816 591 3886 κρίνει
609 3815 622 3865 ό
642 3815 731 3885 κύριος
743 3815 817 3882 ἡμῶν
832 3815 972 3886 συμφέρειν
991 3814 1053 3882 ἡμῖν
1074 3811 1115 3866 ἵνα
1127 3817 1229 3881 γνῶμεν
1242 3813 1327 3870 τοῦτο,

128 3911 191 3979 ἡμῖν
204 3928 231 3961 τε
245 3912 356 3968 καὶτοῖς
370 3906 555 3979 ἀκροωμένοις.

93 4010 112 4070 γ
130 4004 191 4071 Περὶ
204 4004 257 4052 τῶν
272 4000 388 4066 σημείων
407 4001 453 4049 τού
467 3996 568 4055 τέλους.

134 4089 261 4160 ῑΥπίλαβε
275 4087 303 4140 dl
323 4088 336 4140 ό
355 4087 458 4149 Ἰησοῦς
471 4085 514 4138 καί
529 4083 611 4138 εἶπεν·
635 4085 661 4138 έν
680 4087 726 4154 μὲν
744 4089 781 4154 τῷ
801 4089 884 4156 καιρῷ
904 4103 954 4152 μου
975 4085 1023 4154 πρό
1043 4085 1090 4134 τού
1110 4080 1279 4145 όοξασὲῆναί
1298 4099 1328 4148 με

129 4177 200 4233 εἶπον
216 4177 276 4246 ύμῖν
289 4179 321 4229 τὰ
335 4181 431 4245 σημεῖα
445 4173 482 4236 ὡς
496 4174 652 4243 ε’γγιζούσης
673 4173 716 4245 [η]
731 4180 777 4235 τῆς
792 4173 942 4233 συντελείας
958 4171 1043 4232 ούτως
1057 4170 1095 4222 ότι
1109 4169 1212 4222 ἔσονται
1226 4167 1268 4221 έπέ
1282 4173 1328 4228 τῆς
1347 4181 1374 4217 εν

211 4307 222 4344 Ιί
238 4305 314 4343 *nole
327 4305 421 4354 plurelle
437 4306 460 4342 ln
474 4305 574 4342 oratione
589 4305 677 4350 ryrlece
695 4303 754 4342 haud
770 4303 817 4341 scio
833 4313 859 4340 οτι
877 4301 979 4361 delenda·
989 4300 1026 4338 sil.
1042 4309 1092 4336 nem
1106 4297 1242 4337 adlecrivum
1257 4295 1330 4338 καινός

129 4380 237 4430 pluralem
249 4377 368 4416 excludere
378 4378 489 4424 videatur,
499 4385 565 4424 quum
577 4377 615 4414 unl
626 4377 696 4414 veter!
707 4373 793 4413 foederi
805 4383 873 4412 unum
883 4377 967 4411 lentum
979 4381 1061 4410 ιιονιιιιι
1074 4369 1154 4408 reedue
1162 4368 1244 4417 epponi
1254 4371 1328 4416 queat.

129 4455 153 4491 ut
168 4449 284 4490 redderem
299 4459 356 4498 quae
375 4450 398 4487 ln
413 4449 489 4487 codice
509 4448 597 4494 syriaco
618 4451 681 4495 sunt,
704 4444 794 4497 κόσμων
810 4448 845 4485 vel
861 4441 949 4484 τίύινων
964 4440 1045 4481 καινῶν
1059 4451 1143 4491 ponere
1158 4439 1275 4480 debelrem.
1297 4441 1327 4476 cr.

129 4521 250 4562 Tlsclrend.
258 4523 299 4558 ecl.
308 4523 379 4570 apost.
388 4529 492 4569 epoche.
503 4519 548 4558 169.
561 4539 586 4547 -
596 4520 608 4557 8
619 4514 632 4542 *
643 4521 672 4557 er.
684 4519 762 4556 llateh.
774 4519 813 4556 vill
825 4519 838 4556 6
848 4518 894 4557 leb.
906 4525 982 4564 ιιοεορ.
993 4515 1034 4554 284
1044 4515 1080 4554 ed.
1091 4514 1165 4553 llelm.
1176 4533 1203 4541 -
1212 4512 1238 4550 20
1248 4510 1261 4538 ⁸
1272 4521 1329 4560 quae

131 4593 193 4632 uncle
204 4591 292 4636 ίιιοίιιεί,
305 4593 327 4627 ln
338 4591 414 4629 eedlee
425 4591 511 4636 eyrleco
523 4599 535 4626 ιι
545 4589 643 4626 secunda
653 4597 718 4626 ιιιοιιιι
729 4593 779 4627 eunt
791 4591 848 4626 luler
860 4597 938 4626 rereue
949 4587 1041 4635 scripte.
1052 4605 1077 4614 -
1089 4586 1113 4624 lll
1126 4583 1139 4612 ³
1149 4581 1228 4622 Μεειίι.
1240 4583 1279 4622 xlll
1293 4583 1327 4622 52.
