2994 4972
102 403 210 454 ³⁷-0
1166 413 1225 474 119

95 567 210 652 Ἀχίας
229 567 270 635 τά
292 565 384 652 παρά
405 571 467 632 τοῦ
483 563 669 652 Ἱεροβοάμ·
700 571 732 634 ελ
751 569 788 634 δὲ
812 569 849 634 ολ
866 573 927 634 τοῦ
946 570 1033 636 θεοῦ
1054 575 1225 656 προφῆται

99 669 143 734 τά
165 669 258 754 παρά
283 673 352 736 τοῖν
378 666 512 752 ἀσεβοδν
536 666 577 734 οὐ
599 669 814 755 κροσήκαντο
842 671 950 753 ξένια,
983 672 1118 737 δίκαιον
1140 673 1223 756 μηδὲ

98 769 207 854 ὑμᾶς,
229 761 257 836 ιδ
280 770 468 837 ἐπίσκοποι.
507 768 593 836 ἀλλὰ
616 770 674 836 καί
699 762 816 854 Σίμων
838 767 856 837 ό
877 772 983 856 μάγος
1006 773 1080 856 ἐμοὶ
1102 773 1222 860 Πέτρῳ

98 873 160 938 καὶ
188 871 328 958 Ἰωάννῃ
357 873 508 956 χρήματα
536 870 774 956 προσενεγκὼν
806 873 964 960 ἐπειρᾶτο
997 871 1132 960 οιύητιΙν
1159 873 1223 959 τήν

98 972 265 1058 ἀτίμητον
291 974 390 1058 χάριν
421 973 605 1058 λη’γεσθαι·
644 972 730 1060 άπερ
764 973 809 1059 μή
841 976 1093 1061 προσηκάμενοι
1113 975 1258 1063 ἀραῖςε

99 1079 254 1151 αἰωνίοις
278 1073 383 1142 αὐτόν
406 1075 618 1160 ἐδησάμεθα,
645 1073 695 1140 ότι
717 1073 780 1160 ιιΙυ
804 1075 937 1161 δωρεάν
964 1081 1026 1144 τοῦ
1046 1081 1133 1145 θεοῦ
1161 1075 1225 1144 οόιι

99 1175 222 1264 εὐνοίᾳ
244 1179 287 1262 τῇ
309 1177 392 1260 πρὸς
417 1184 436 1232 *.
461 1179 547 1242 θεὸν
573 1174 659 1242 ἀλλά
688 1177 868 1263 χρημάτων
890 1178 1060 1265 ἐναλλαγῇ
1088 1179 1223 1263 ἐνόμισε

99 1276 306 1364 κτήσασθαι.
340 1279 482 1364 φεύγετε
505 1267 568 1344 οὖν
590 1277 648 1354 τὰς
666 1278 954 1364 δυσσυνειδήτους
974 1284 1021 1358 είς
1042 1279 1080 1346 τὸ
1097 1288 1222 1347 θυσια-

47 1401 84 1441 m
98 1379 246 1466 στήριον
271 1383 333 1444 τοῦ
356 1384 443 1446 θεοῦ
468 1380 642 1465 εἰσφοράς·
672 1379 774 1465 ἄπεχε
793 1381 874 1465 γάρ,
905 1387 1028 1466 φησίν,
1057 1381 1124 1448 ἀπὸ
1147 1381 1224 1448 ἀδί-

62 1495 184 1563 stov,
212 1483 269 1547 καὶ
291 1477 332 1546 ού
353 1481 537 1567 φοβηθήση
567 1481 624 1546 καὶ
646 1481 768 1566 τρόμος
795 1480 857 1548 οὐκ
888 1482 995 1567 ἐγγιεῖ
1017 1501 1081 1548 σοι.
1110 1485 1113 1568 Ι
1145 1482 1222 1548 ἀλλ’
1244 1500 1277 1552 10

99 1582 166 1649 ἐὰν
195 1583 313 1667 λέγητε
341 1581 391 1648 ότι
415 1584 462 1648 Os
483 1582 635 1659 διδόντες
661 1581 721 1660 τὰς
751 1583 979 1668 ἐλεημοσύνας
1001 1573 1098 1649 οὗτοί
1126 1587 1222 1668 εἰσιν,

98 1679 170 1750 κάν
190 1681 236 1769 μή
257 1684 415 1768 λάβωμεν
438 1683 518 1770 παρ’
542 1682 672 1767 αὐτῶν,
700 1683 810 1750 πόθεν
833 1687 871 1751 αλ
887 1689 987 1770 χῆραι
1008 1682 1224 1772 ὑπηρετηθή-

97 1805 222 1854 σονται
245 1790 262 1827 *
282 1784 339 1852 καὶ
358 1786 395 1851 ολ
414 1785 540 1863 ἐνδεεῖς
560 1789 622 1852 τοῦ
648 1790 733 1851 λαοῦ
750 1793 783 1864 *3
810 1784 1001 1852 ἀκούσεσθε
1024 1785 1105 1870 παρ’
1127 1784 1224 1871 ἡμύν

99 1888 153 1954 ὅτι
165 1885 238 1954 Διά
251 1891 350 1952 τοῦτο
363 1886 500 1970 ἐλάβετε
516 1887 817 1974 δόματαΛευιτῶν,
836 1888 898 1972 τὴν
915 1893 1153 1974 καρποφορίαν
1164 1893 1225 1954 τοῦ

100 1992 142 2056 ἐν
170 1987 256 2073 ύμῖν
271 1991 367 2070 λαοῦ,
385 1987 432 2054 ἵν’
456 1987 622 2074 ἐπαρκῆτε
645 1989 702 2054 καί
723 1991 855 2066 ἑαυτοῖς
877 1989 934 2056 καὶ
955 2002 1024 2067 τοῖς
1042 1990 1224 2074 δεομένοις,
1248 2007 1277 2058 ιο

99 2091 159 2158 καὶ
180 2089 226 2175 μή
248 2090 361 2175 ἐνδείᾳ
381 2091 599 2174 συνεχόμενοι
619 2089 710 2174 παρά
726 2095 887 2175 πονηρῶν
907 2090 1109 2175 λαμβάνητε.
1145 2095 1176 2158 εί
1189 2093 1225 2157 δὲ

99 2191 212 2270 οὕτως
231 2189 420 2275 ἀποροῦσιν
440 2192 479 2256 αἱ
494 2191 684 2276 ἐκκλησίαι,
707 2196 878 2258 λυσιτελεῖ
895 2202 912 2240 *
934 2195 1185 2278 διαφθαρῆναι,
1204 2188 1228 2276 ἦ

99 2293 196 2380 παρά
221 2293 356 2377 ἐχθροῖν
377 2292 438 2357 τού
457 2293 543 2358 θεοῦ
561 2295 679 2376 λαβεῖν
698 2317 731 2358 τι
756 2292 811 2378 ἐφ’
836 2291 933 2377 ὕβρει
954 2293 1012 2359 καὶ
1033 2294 1135 2378 χλεύη
1158 2297 1227 2359 τοῖν

100 2393 212 2464 αὐτοῦ
231 2398 358 2480 φίλων·
382 2392 459 2479 περὶ
476 2393 541 2478 γάρ
554 2397 623 2460 τοῖν
641 2392 805 2460 τοιούτων
827 2395 883 2460 καὶ
906 2391 924 2460 ὁ
944 2395 1119 2480 προφήτης
1139 2395 1227 2477 λέγει

88 2497 262 2564 Ἐλάιον*
278 2493 479 2580 ἀμαρτωλοῦ
489 2493 533 2581 μιΙ
551 2495 722 2562 λιπανάτοι
737 2495 799 2580 τήν
814 2495 967 2580 κεφαλήν
978 2518 1055 2579 μον.
1087 2497 1227 2578 δοκιμα-
1244 2513 1278 2566 20

100 2597 182 2666 σταὶ
202 2587 267 2664 οὖν
288 2601 427 2681 γίνεσθε
453 2595 721 2664 τῶντοιούτων·
752 2598 809 2664 καὶ
836 2594 927 2682 παρά
954 2599 1018 2680 μὲν
1038 2601 1107 2662 τῶν
1129 2593 1228 2674 ὁσίας

100 2699 385 2786 περιπατούντων
412 2699 599 2783 λαμβάνετε
627 2699 683 2764 καὶ
712 2711 781 2775 τοῖς
801 2699 1018 2783 θλιβομένοις
1038 2709 1226 2784 χορηγεῖτε,

100 2799 198 2888 παρὰ
220 2801 258 2866 δὲ
280 2798 558 2883 ἀποσυναγύγων
578 2798 622 2884 μή
641 2799 839 2884 λαμβάνετε,
861 2798 944 2886 πρὶν
962 2795 1007 2865 ἀν
1025 2804 1083 2885 τῆς
1105 2800 1227 2885 ἐκκλη-

99 2906 182 2980 σίας
205 2897 292 2968 εἶναι
314 2901 396 2986 μέλη
422 2891 687 2980 καταξιωθεδσιν.
733 2905 766 2968 εί
783 2903 821 2968 δέ
845 2903 994 2968 ἐπιλίποι
1014 2893 1118 2987 δόμα,
1141 2923 1227 2986 προ-

102 3005 271 3089 σάγγελλε
285 3016 355 3080 τοῖς
368 3001 539 3088 ἀδελφοῖς,
562 3003 618 3069 καί
634 3003 668 3082 ἐξ
684 3001 798 3070 αὐτῶν
814 3000 984 3087 συλλογὴν
1005 3002 1229 3087 ποιησάμενος
1245 3021 1278 3070 25

64 3118 84 3178 9
102 3105 259 3174 διακόνει
273 3117 344 3183 τοῖς
356 3103 520 3190 ὀρφανοῖς
537 3103 592 3170 καὶ
611 3116 681 3180 ταῖς
702 3103 819 3190 χήραις
835 3103 874 3169 ἐν
887 3103 1098 3188 δικαιοσύνη.
1124 3105 1126 3186 Ι
1153 3103 1228 3186 λέγε

102 3209 143 3274 δὲ
166 3211 212 3294 τῷ
232 3205 299 3272 ύπδ
316 3207 354 3272 σὲ
368 3210 438 3294 λαῷ
462 3203 484 3270 δι’
503 3205 558 3272 καὶ
577 3203 742 3289 Σολομῶν
762 3202 780 3269 ό
797 3202 903 3291 σοφός
927 3207 1012 3288 Τίμα
1032 3202 1093 3269 τόν
1110 3203 1229 3288 κύριον

176 3363 193 3414 ο
211 3367 263 3415 κει
280 3362 311 3426 ε,
332 3361 364 3414 18
378 3365 383 3428 Ι
398 3363 415 3414 ο
432 3363 488 3428 ιιι]
507 3363 549 3426 ει,
570 3363 602 3412 ιι
617 3365 621 3427 ι
637 3361 671 3411 20
688 3351 781 3412 Ρειιει
801 3361 859 3423 ιιι,
877 3361 893 3411 5
908 3359 913 3426 Ι
929 3361 961 3410 27
979 3361 1051 3412 Prov
1069 3360 1095 3423 3,
1113 3359 1139 3414 ο.
1160 3359 1191 3410 ιο

105 3519 119 3568 1
141 3507 249 3582 άχαίας
265 3515 320 3581 γτΙ
342 3516 354 3566 l
374 3508 408 3568 τά
425 3516 460 3579 >
476 3531 510 3582 γε
531 3515 536 3579 1
559 3514 569 3564 l
591 3509 619 3568 εί
636 3531 653 3566 ιι
672 3520 827 3566 correctore
846 3531 877 3574 w,
898 3507 1016 3578 0111711
1033 3513 1045 3564 l
1065 3511 1228 3580 προφῆτεε

103 3605 121 3652 2
142 3594 212 3667 μήτε
230 3607 278 3668 γιῖ
292 3601 297 3665 Ι
313 3601 330 3652 3
347 3594 430 3666 ὑμεῖς
449 3617 472 3650 w
494 3597 497 3666 Ι
518 3601 534 3651 5
552 3589 684 3668 ἀτίμιιον
702 3617 719 3650 x
734 3595 739 3664 Ι
754 3599 770 3648 5
787 3591 826 3666 μὴ
846 3604 922 3664 xyst,
942 3586 977 3649 ού
995 3615 1018 3648 w
1034 3598 1068 3661 Ιλ
1087 3591 1138 3648 τόν
1154 3597 1187 3665 -Ι-
1206 3615 1230 3648 w

107 3702 112 3755 Ι
134 3678 312 3752 λέναλλαγη
331 3691 398 3748 πει,
419 3683 565 3750 καταβολή
582 3701 616 3750 γε
638 3685 642 3748 Ι
662 3683 677 3731 7
697 3675 817 3749 ἐνόμησε
837 3700 868 3742 w,
888 3673 1020 3748 ἐνόμισεν
1038 3699 1054 3732 x
1074 3684 1078 3744 1
1098 3681 1115 3730 8
1133 3682 1227 3734 κτίσα-

106 3771 182 3824 σθαι
202 3771 248 3832 W,
268 3768 397 3821 κτάσθαι
414 3777 462 3836 γει
476 3767 481 3834 Ι
496 3768 512 3818 8
531 3761 756 3836 δνσννειδήτοος
773 3784 808 3832 γε
823 3765 827 3833 Ι
842 3765 859 3816 9
877 3756 986 3832 ἀπέχου
1003 3771 1051 3832 yzt
1065 3763 1070 3831 Ι
1085 3766 1101 3816 9
1120 3770 1161 3832 φῖη
1180 3783 1203 3816 w
1224 3767 1227 3830 Ι

109 3857 143 3906 10
160 3847 328 3922 φοβηθήσει
347 3872 370 3904 w
390 3854 395 3914 Ι
418 3853 500 3906 10.11
521 3843 584 3905 ἀλλ’
608 3844 661 3904 ἐάν
678 3859 747 3916 ut,
772 3843 824 3903 ἐάν
849 3844 880 3902 δέ
898 3868 931 3916 γε
953 3851 957 3914 Ι
979 3851 1009 3900 ll
1033 3844 1089 3901 εἰσί
1105 3848 1175 3916 γιῖΙ
1198 3849 1229 3899 12

105 3934 246 4008 λάβοιμεν
258 3947 306 4004 γει
321 3941 325 4001 Ι
344 3937 374 3989 13
386 3928 456 4002 παρ’
468 3928 550 4004 ἡμῶν
561 3937 595 4004 -Ι-
604 3943 652 4002 γει
666 3937 671 4000 Ι
688 3937 720 3988 13
732 3933 780 3987 καλ
794 3943 856 3998 th,
875 3923 896 4002 ἢ
911 3951 945 4000 γε
961 3936 966 3998 Ι
984 3935 1014 3986 13
1033 3931 1231 3999 διατραφῶαιν

106 4025 143 4090 -Ι-
159 4033 206 4088 yzt
225 4023 230 4090 Ι
252 4024 284 4075 13
301 4013 483 4076 ἀκούσεσθαι
501 4040 524 4074 w
546 4025 549 4086 Ι
576 4023 607 4072 14
627 4015 703 4088 δόμα
721 4029 767 4087 γει
791 4018 796 4087 Ι
825 4020 854 4070 14
873 4018 991 4071 λευῖτσδν
1009 4023 1088 4084 xyzt,
1109 4015 1158 4068 ἵνα
1177 4033 1200 4066 w
1224 4013 1228 4079 Ι

109 4109 143 4160 15
159 4101 231 4176 η’μίν
249 4125 273 4156 w
294 4105 298 4173 Ι
323 4107 351 4158 15
371 4097 413 4158 ἶν’
430 4108 465 4172 >
483 4125 520 4170 w,
547 4105 596 4158 ίνα
614 4113 625 4156 t
644 4109 649 4172 Ι
671 4108 702 4158 16
720 4098 820 4158 ἐνδεία
840 4121 893 4162 wx,
912 4094 1022 4168 ἀπορία
1038 4119 1088 4166 γε,
1112 4093 1144 4152 ἐν
1161 4089 1231 4150 ἀπο-

108 4195 159 4257 ρία
178 4199 215 4254 ιι
237 4192 268 4242 17
287 4179 326 4242 ἀν
342 4190 376 4258 -Ι-
394 4209 417 4241 w
442 4195 446 4256 Ι
475 4192 505 4242 18
522 4183 592 4256 παρ’
611 4198 658 4256 γει
677 4193 682 4254 Ι
707 4191 740 4242 20
759 4185 839 4242 ἐλεον
856 4206 873 4253 γ
894 4191 898 4253 Ι
919 4189 953 4238 20
972 4182 1003 4238 δε
1022 4201 1104 4252 super
1120 4199 1229 4236 versum

107 4276 143 4340 -Ι-
159 4277 247 4341 5120
265 4267 430 4342 άμαρτολοό
446 4293 464 4342 γ
485 4277 489 4341 Ι
508 4275 543 4326 20
560 4267 721 4328 λειπανάτοι
739 4273 775 4336 xl
795 4275 828 4324 24
847 4266 988 4324 ἐπιλείποι
1006 4288 1023 4321 x
1039 4267 1044 4335 Ι
1058 4270 1100 4322 24.
1113 4269 1146 4319 25
1163 4283 1230 4332 προ-

108 4357 230 4428 εάγγελι
249 4367 286 4412 ιιι
