2998 4972
87 426 103 490 δ
116 424 220 478 29-32
1144 433 1204 498 211

44 593 183 680 3δχήρᾳ.
204 597 209 676 Ι
227 591 293 677 τήν
313 590 543 678 άναστάσιμαν
563 595 627 659 τοῦ
644 596 766 678 κυρίου
785 587 931 679 ήμέραν,
956 590 1021 678 τήν
1041 597 1208 680 κυριακήν

87 717 218 779 φαμεν,
251 695 459 779 συνέρχεσθε
486 693 724 778 ἀδιαλείπτως,
759 693 1033 780 εὐχαριστοῦντες
1064 699 1111 783 τῷ
1136 699 1209 784 θεῷ

87 795 144 860 καί
167 795 469 880 ἐξομολογούμενοι
498 793 553 883 ἐφ’
576 788 626 873 οἷς
649 794 872 882 εὐηργέτησεν
896 792 984 883 ἡμᾶς
1010 799 1027 837 *
1048 795 1129 874 θεὸς
1150 796 1207 864 διά

85 902 227 982 χριστοῦ
248 898 438 982 ῥυσάμενος
456 896 609 982 ἀγνοίας,
638 898 783 984 πλάνης,
812 899 962 984 δεσμιύν,
991 897 1080 975 ὅπως
1102 897 1208 983 ἀμεμ-

87 1021 170 1074 ιττος
189 995 211 1083 ή
230 1003 339 1065 θυσία
358 995 455 1084 ύμιύν
474 989 569 1086 ήκαί
591 997 804 1086 εὐανάφορος
821 1005 894 1088 θεῷ
916 1004 964 1086 τῷ
986 1000 1114 1066 είιτύντι
1130 1001 1241 1087 περίτι

85 1105 144 1185 τῆς
167 1103 404 1186 οίκουμευικής
423 1099 529 1168 αὐτοῦ
550 1100 729 1186 ἐκκλησίας
746 1101 796 1168 ὅτι
814 1100 868 1167 Ἰδν
889 1103 990 1168 παντὶ
1006 1101 1098 1190 τύπω
1123 1125 1208 1188 προ-

87 1203 334 1288 σενεχθήσεταί
344 1226 401 1287 μοι
415 1208 572 1288 θυμίαμα
587 1203 644 1270 καὶ
660 1208 768 1271 θυσία
781 1204 934 1291 καθαρά·
961 1203 1012 1270 ὄτι
1025 1205 1127 1288 μέγας
1143 1208 1206 1291 βα-

86 1303 203 1382 σιλεύς
222 1304 288 1388 ε’γιύ
308 1308 391 1389 είμι,
421 1305 509 1390 λέγει
532 1305 648 1388 κύριος
670 1305 929 1392 παντοκράτωρ,
954 1304 1011 1372 καὶ
1038 1304 1077 1372 τὸ
1102 1304 1208 1391 ὄνομά

43 1412 75 1473 31
86 1430 157 1492 μου
176 1405 377 1492 θαυμαστύν
394 1406 433 1472 ἐν
448 1419 520 1484 τοῖς
538 1411 687 1475 ἔθνεσιν.
708 1419 713 1488 Ι
733 1411 994 1493 προχειρίσασθε
1010 1409 1048 1475 δὲ
1070 1408 1208 1475 ἐπισκύ-

86 1531 174 1586 πους
193 1507 308 1587 ἀξίους
333 1512 395 1574 τοῦ
420 1514 545 1592 κυρίου
573 1510 630 1576 καί
651 1510 902 1596 πρεσβυτέρους
930 1509 986 1576 καί
1016 1510 1206 1594 διακόνους,
1226 1530 1260 1583 1ο

86 1609 217 1695 ἄνδρας
237 1606 400 1694 εὐλαβεῖς,
419 1612 583 1694 δικαίους,
607 1623 740 1698 πραεῖς,
762 1609 1033 1696 άφιλαργύρους,
1064 1613 1207 1698 φιλαλή-

85 1719 172 1794 θεις,
196 1712 514 1796 δεδοκιμασμένους,
537 1710 667 1795 ὁσίους,
689 1706 1038 1799 άπροσωπολήπτους,
1061 1715 1208 1799 δυναμέ-

86 1837 171 1890 νους
190 1813 366 1880 διδάσκειν
382 1811 442 1880 τὸν
464 1814 568 1898 λύγον
594 1819 654 1898 τῆς
675 1812 855 1899 εὐσεβείας,
878 1811 1148 1900 ὐρθοτομούντας
1170 1816 1209 1884 έν

86 1927 158 1991 τοῖς
183 1918 247 1980 τοῦ
275 1919 398 2001 κυρίου
421 1915 596 2000 δόγμασιν.
646 1913 742 2002 ὑμεῖς
763 1917 801 1982 δὲ
824 1921 842 1958 *
863 1921 979 2001 τιμᾶτε
1000 1915 1142 1996 τούτους
1164 1915 1209 1997 ὥς

86 2018 244 2101 πατέρας,
267 2040 312 2094 ις
326 2021 477 2105 κυρίους,
501 2011 545 2095 ιδς
558 2015 741 2104 εὐεργέτας,
763 2014 808 2094 ἀς
825 2021 886 2084 τοῦ
908 2009 947 2084 εὐ
962 2015 1049 2086 είναι
1070 2023 1206 2100 αἰτίους.
1228 2039 1259 2090 15

87 2117 240 2203 ἐλέγχετε
264 2119 302 2184 δὲ
328 2117 512 2203 ἀλλήλους,
546 2117 590 2204 μή
615 2119 653 2186 ἐν
677 2116 778 2206 ὀργῇ,
812 2117 887 2186 ἀλλ’
919 2120 958 2186 ἐν
989 2127 1209 2210 μακροθυμίᾳ

86 2218 171 2305 μετά
199 2220 421 2306 χρηστύτητος
448 2219 505 2286 καί
534 2222 677 2308 εἰρήνης.
730 2221 840 2288 πάντα
864 2220 906 2287 τά
938 2225 1208 2308 προστεταγμένα

85 2317 169 2406 ὑμῖν
189 2317 259 2388 ὐπδ
279 2321 340 2388 τοῦ
355 2327 477 2406 κυρίου
500 2323 680 2408 φυλάξατε.
725 2335 922 2408 γρηγορεῖτε
940 2321 1026 2408 ὐκὲρ
1045 2329 1105 2408 τῆς
1126 2329 1209 2412 ζωής

86 2419 195 2507 ὐμῶν.
245 2426 395 2491 ἔστωσαν
431 2425 470 2490 αί
499 2422 625 2511 ὀσφύες
656 2423 752 2509 ύμοῑν
791 2425 1049 2511 περιεζωσμέναι
1084 2425 1141 2492 καλ
1177 2428 1213 2492 οί

87 2525 208 2609 λύχνοι
229 2525 419 2610 καιόμενοι,
442 2523 499 2592 καὶ
519 2523 614 2611 ὐμεῖς
633 2525 741 2612 ὐμοιοι
764 2524 962 2609 ἀνθρώποις
982 2528 1208 2612 προσδεχομέ-
1225 2544 1259 2595 20

86 2651 161 2704 νοις
182 2625 243 2692 τὸν
262 2627 384 2712 κύριον
407 2625 537 2694 έαυτων
557 2629 637 2694 πότε
658 2627 745 2712 ἥξει,
772 2628 914 2712 ἑσπέρας
934 2625 957 2713 ή
978 2628 1066 2715 πρωί
1085 2625 1108 2715 ή
1130 2627 1209 2696 ἀλε-

87 2733 323 2816 κτοροφωνίας
345 2723 370 2815 ή
393 2734 632 2815 μεσονυκτίου·
660 2721 684 2816 ᾖ
709 2728 773 2815 γάρ
799 2728 871 2818 άρᾳ
898 2727 940 2796 οὐ
961 2732 1209 2817 προσδοκῶσιν,

88 2831 263 2898 ἐλεύσεται
285 2828 303 2896 ὁ
325 2831 457 2916 κύριος,
488 2831 545 2899 καλ
568 2830 630 2898 ἐάν
649 2829 740 2920 αὐτῷ
766 2825 963 2916 ἀνοίξωσιν,
990 2833 1149 2919 μακάριοι
1177 2836 1215 2900 οί

87 2933 207 2998 δοῦλοι
229 2931 369 3016 έκεῖνοι,
392 2933 442 3000 ὅτι
461 2929 653 3018 εὑρέθησαν
672 2933 934 3019 γρηγοροῦντες·
959 2934 1009 3000 ὄτι
1031 2935 1209 3020 περιζώσε-

86 3058 143 3100 ται
162 3031 221 3100 καδ
236 3031 415 3101 ἀνακλινεῖ
427 3033 550 3111 αὐτούς
572 3034 644 3120 [καὶ
661 3033 843 3120 παρελθύν
857 3035 1053 3120 διακονήσει
1068 3032 1207 3120 αύτοῖς].
1226 3051 1259 3102 25

86 3136 214 3221 νήφετε
238 3125 302 3201 οὐν
324 3135 381 3203 καὶ
402 3135 634 3222 προσεύχεσθε
654 3136 697 3222 μή
724 3135 879 3203 ύπνῦσαι
902 3139 949 3215 είς
968 3135 1137 3202 θάνατον·
1168 3133 1209 3201 οὐ

86 3237 153 3323 γάρ
187 3233 302 3322 ἀνήσει
333 3234 419 3322 ὐμάς
446 3237 487 3304 τά
519 3239 665 3324 πρότερα
696 3237 959 3324 κατορθώματα,
996 3234 1057 3303 ἐάν
1089 3240 1135 3315 είς
1168 3236 1209 3303 τά

37 3343 76 3405 32
88 3343 212 3423 ἐσχατα
234 3335 329 3424 ὑμῶν
350 3338 613 3425 ἀποπλανηθῆτε
642 3343 699 3425 τῆς
728 3344 870 3416 πίστεως
889 3343 947 3424 τής
966 3337 1125 3423 ἀληθοῦς.
1145 3349 1150 3420 1
1171 3338 1210 3405 έν

87 3439 154 3526 γάρ
180 3451 254 3517 ταῖς
282 3439 434 3526 ἐσχάταις
459 3438 598 3528 ἡμέραις
624 3441 929 3526 πληθυνθήσονται
955 3441 993 3506 οί
1016 3442 1210 3526 ψευδοπρο-

87 3547 193 3628 φῆται
216 3541 274 3608 καὶ
289 3543 325 3607 οί
336 3549 478 3628 φθορεῖς
497 3543 693 3628 τοῦλόγου,
718 3543 774 3610 καὶ
789 3543 1040 3630 στραφήσονται
1061 3541 1102 3607 τά
1124 3543 1211 3628 πρό-
1227 3557 1261 3609 30

156 3715 306 3768 ὐΜαΙεοὴ
324 3715 349 3780 1,
369 3715 410 3769 ll.
430 3717 461 3768 14
477 3715 481 3782 Ι
499 3716 530 3769 13
547 3717 607 3768 Tim
626 3715 644 3784 β
661 3717 686 3782 2,
708 3717 739 3768 15
760 3714 765 3783 Ι
787 3715 818 3766 13
836 3716 929 3783 Ephos
946 3715 971 3780 6,
994 3716 1024 3767 14
1043 3713 1048 3783 Ι
1067 3717 1101 3767 22
1119 3717 1209 3768 ΜεῖτΙτ

155 3802 200 3862 24,
219 3799 322 3864 30126
339 3800 431 3852 ΡεκΙω
453 3801 493 3866 13,
510 3803 528 3852 4

90 3969 102 4020 1
121 3975 210 4036 eaput
227 3969 262 4030 κζ
277 3976 404 4021 numerat
421 3976 448 4032 t,
473 3986 553 4036 quem
572 3972 684 4037 saepius
701 3971 743 4022 ἰίε
761 3972 918 4023 turbantem
937 3971 1084 4022 emendare
1103 3969 1177 4020 soleo
1204 3969 1207 4031 Ι

89 4053 104 4103 3
121 4047 311 4121 εὐεργέτησεν
327 4072 345 4106 x
359 4050 364 4120 Ι
380 4053 396 4106 3
413 4046 490 4121 ὐμάς
506 4061 554 4120 yzt
569 4053 573 4122 Ι
588 4055 604 4107 3
622 4047 638 4107 δ
655 4054 689 4121 ή-
700 4063 746 4121 yzt
760 4053 765 4123 Ι
780 4058 805 4107 4.
819 4057 836 4106 5
853 4046 1007 4122 ἀμειττοςε
1023 4055 1057 4117 15
1075 4041 1094 4121 ή
1113 4044 1209 4119 anter}

89 4137 183 4192 θυσία
200 4145 249 4206 γτῖ
268 4144 273 4202 Ι
292 4138 317 4190 6.
332 4140 347 4188 7
365 4153 414 4204 μοι
433 4135 696 4206 προσενεχθήσεται
713 4146 760 4206 yzt
781 4141 785 4206 Ι
805 4139 859 4191 28
877 4131 1009 4208 βασιλεὺς
1025 4133 1114 4205 μέγας
1131 4141 1179 4200 522
1202 4133 1206 4202 Ι

88 4223 105 4274 3
122 4219 226 4276 ἔθνεσι
243 4228 292 4288 γκῖ
307 4222 343 4291 Ι9
361 4217 393 4275 δέ
410 4224 446 4287 >
462 4226 484 4274 Υ
500 4229 505 4282 Ι
521 4225 550 4276 11
571 4216 697 4292 εὐσεβεῖς
714 4231 774 4290 γτῖ,
795 4219 827 4278 έν
844 4217 920 4276 ἀλλα
938 4215 1068 4289 εὐλαβεῖς
1086 4235 1181 4286 margo
1198 4224 1210 4269 t

91 4309 121 4360 11
139 4303 173 4360 οί
188 4303 434 4374 προχειριζύμετοι
451 4307 485 4375 -Ι-
502 4325 537 4375 ys
557 4311 562 4374 Ι
584 4309 615 4361 18
632 4309 791 4378 γρηγορῆτι
808 4326 826 4360 x
850 4309 854 4373 Ι
876 4308 908 4359 19
924 4301 1005 4375 ὐμάν
1022 4307 1097 4372 prius
1114 4304 1148 4368 >
1166 4321 1182 4355 x
1203 4302 1207 4370 Ι

88 4394 117 4444 21
134 4384 288 4457 εὐτέραει
303 4389 309 4459 Ι
323 4393 357 4446 23
368 4383 504 4458 ἀνοίξασι
515 4399 562 4460 χεῖ
576 4396 581 4460 Ι
595 4392 654 4462 23[
673 4393 759 4460 ]>x
773 4392 779 4461 Ι
793 4393 827 4444 23
839 4379 984 4455 οὐν>Υτ
1000 4392 1004 4454 Ι
1019 4389 1054 4441 23
1065 4383 1120 4456 γάρ
1132 4389 1166 4454 >
1176 4405 1209 4454 γε

944 4473 1008 4543 14*
