3128 4972
659 455 871 515 „22-

165 621 399 686 celebrandum
427 642 500 685 esse
529 621 748 686 contenderit.
796 620 895 687 Quod
923 629 1061 705 apparet
1087 643 1105 685 e
1129 622 1253 701 verbis,
1287 643 1371 706 quae

164 742 389 826 proferentem
404 739 608 825 Hippolytus
633 740 853 805 adversarium
877 765 971 805 suum
993 739 1089 804 facit:
1120 736 1162 802 διὸ
1185 735 1259 819 κάμὲ
1276 743 1321 803 δοῖ
1338 736 1372 802 ὃν

163 858 273 942 τρόπω
289 857 305 922 ὁ
322 855 419 938 κύριος
436 856 564 937 ἐποίησεν
578 854 652 921 οὕτω
665 867 761 922 ποιεῖν.
793 859 930 924 Putavit
942 860 1029 924 enim
1041 860 1109 939 ille,
1128 861 1306 925 Dominum
1317 861 1370 926 die

165 979 425 1065 quartodecimo
448 955 571 1063 pasolm
594 980 790 1044 celebrasse.
823 980 948 1044 Contra
963 979 1167 1065 Hippolytus
1185 981 1370 1060 contendit,

163 1098 342 1163 Dominum
358 1097 503 1177 minime,
529 1107 705 1183 antequam
721 1106 862 1163 mortem
879 1099 1016 1178 subiret,
1039 1099 1091 1163 die
1108 1107 1224 1184 quarto
1241 1099 1370 1165 decimo

164 1219 288 1302 paseha
317 1217 434 1282 edisse.
484 1219 598 1302 Ipsum
628 1218 715 1282 enim
743 1218 846 1284 fuisse
873 1241 988 1283 verum
1015 1242 1138 1303 agnum
1166 1220 1368 1304 paschalem,

165 1337 221 1423 qui
242 1337 276 1416 τῇ
300 1333 438 1418 ὡρισμένῃ
460 1334 552 1419 ἡμέρᾳ
575 1340 609 1402 h.
628 1359 657 1402 e.
683 1338 735 1402 die
752 1338 1013 1422 quartodecimo
1037 1345 1186 1403 mortuus
1203 1336 1258 1400 sit.
1291 1337 1370 1400 Non

165 1463 282 1542 quarto
318 1455 422 1540 igitur
457 1457 514 1522 sed
545 1458 646 1522 tertio
679 1457 805 1524 deoimo
838 1457 891 1522 die
923 1479 1057 1522 eoenam
1096 1479 1170 1523 eum
1202 1456 1369 1521 habuisse.

166 1577 276 1641 Quare
300 1576 478 1642 adversarii
500 1577 599 1641 ritum
622 1577 851 1657 fundamento,
876 1601 939 1661 quo
963 1577 1101 1657 nitatur,
1126 1599 1247 1642 oarere.

251 1695 410 1781 Ejusdem
439 1697 569 1781 generis
601 1696 805 1762 adversarios
835 1696 1045 1782 impugnavit
1072 1699 1303 1762 Anomusnws
1335 1694 1370 1758 in

166 1817 252 1881 libro
276 1838 335 1880 suo
354 1808 483 1896 περὶτοῦ
500 1814 611 1896 πάσχα,
631 1817 724 1900 eujus
746 1819 828 1881 haec
852 1824 986 1881 exstant
1008 1817 1211 1900 fragmenta:

253 1940 283 2000 1.
308 1927 393 1996 Εἰσὶι
417 1931 510 1996 τοίνυν
528 1930 554 1996 oi
571 1931 603 1994 δι’
624 1929 741 2013 άγνοιαν
758 1938 945 2014 φιλονεικοῦσι
962 1927 1026 2015 περὶ
1043 1932 1167 2009 τούτων,
1193 1929 1372 2015 συγγνωστὸν

166 2062 287 2142 πρᾶγμα
305 2058 499 2129 πεπονθότες·
523 2056 623 2141 ῶγνοια
641 2057 695 2143 γάρ
717 2058 750 2124 οὗ
768 2060 941 2144 κατηγορίαν
959 2058 1139 2145 ἀναδέχεται,
1162 2058 1240 2124 tatu
1257 2064 1372 2141 διδαχῆς

167 2191 343 2270 προσδεῖται·
361 2181 409 2249 καὶ
427 2186 552 2270 λέγουσιν
570 2183 612 2250 ὅτι
629 2191 663 2268 τῇ
680 2187 714 2251 ιδ’
731 2186 765 2251 τὸ
778 2188 927 2272 πρόβατον
943 2188 1016 2270 μετὰ
1034 2195 1091 2252 τῶν
1107 2193 1250 2270 μαθητῶν
1268 2187 1373 2270 ἔφαγεν

167 2314 183 2379 ὁ
202 2313 312 2395 κύριος,
335 2317 368 2394 τῇ
387 2309 416 2377 δὲ
434 2313 543 2397 μεγάλῃ
566 2314 658 2399 ἡμέρᾳ
675 2318 731 2379 τῶν
756 2315 870 2396 ἀζύμων
894 2315 982 2388 αὐτὸς
999 2317 1126 2392 ἔπαθεν,
1149 2311 1198 2380 καὶ
1215 2320 1373 2398 διηγοῦνται

169 2447 332 2506 Ματθαΐον
355 2437 429 2504 οὕτω
452 2443 536 2524 λέγειν
558 2443 599 2515 ῶς
616 2442 789 2524 νενοήκασι-ν·
812 2441 884 2508 ὅθεν
902 2443 1077 2525 άσάμφωυὸς
1094 2471 1125 2508 τε
1142 2443 1219 2525 νόμῳ
1241 2444 1259 2525 ip
1276 2443 1373 2524 νόησις

168 2569 263 2633 αὐτῶν
281 2563 330 2632 καὶ
347 2569 509 2644 στασιάζειν
527 2575 604 2634 δοκεῖ
618 2569 680 2634 κατ’
701 2571 808 2642 αὐτοὺς
825 2569 861 2634 τὰ
881 2571 1037 2655 εὐαγγέλια.

256 2705 285 2764 2.
308 2697 352 2760 ‘H
365 2695 398 2759 ιδ
417 2695 450 2760 τὸ
470 2695 608 2779 ἀληθινὸν
625 2702 676 2762 τοῦ
693 2699 790 2781 κυρίου
808 2700 918 2782 πάσχα,
940 2701 957 2781 ἡ
976 2699 1069 2764 θυσία
1093 2701 1110 2782 ἡ
1128 2700 1245 2782 μεγάλη,
1272 2699 1288 2763 ὁ
1308 2693 1371 2762 ἀντὶ

168 2828 220 2888 τοῦ
238 2823 330 2906 ἀμνοῦ
348 2834 418 2896 παῖς
435 2829 524 2900 θεοῦ,
547 2826 562 2888 ὁ
581 2819 678 2897 δεθείς
694 2824 710 2889 ὁ
728 2825 818 2906 δήσας
835 2826 884 2890 τὸν
902 2827 1029 2911 ἰσχυρόν,
1052 2823 1101 2891 καὶ
1119 2828 1135 2892 ὁ
1152 2823 1263 2911 κριθείς
1278 2826 1374 2909 κριτὴς

170 2951 281 3028 ζώντων
303 2947 352 3016 καὶ
373 2955 493 3034 νεκρῶν,
518 2946 566 3016 καὶ
589 2952 606 3016 ὁ
626 2949 810 3035 παραδοθεὶς
833 2954 873 3025 εἰς
887 2964 986 3038 χεῖρας
1004 2955 1198 3038 ἁμαρτωλῶν,
1221 2951 1268 3018 ἵνα
1286 2979 1372 3018 σταυ-

169 3084 269 3164 ρωθῇ,
290 3080 307 3144 ὁ
323 3075 459 3164 ὑψωθεὶς
476 3075 522 3145 ἐπὶ
539 3080 667 3164 κεράτων
683 3081 893 3162 μουοκέρωπος,
917 3078 965 3147 καὶ
989 3082 1067 3164 ὁτίγν
1085 3083 1169 3166 ἁγίαν
1185 3079 1311 3162 πλευρὰν
1328 3081 1371 3142 ε’κ-

169 3209 330 3288 κεντηθιίς,
353 3210 369 3273 ὁ
387 3209 486 3292 ἐκχέας
505 3208 534 3272 ἐκ
552 3215 602 3290 τῆς
620 3211 747 3292 πλευρᾶς
765 3209 856 3274 αὐτοῦ
873 3209 910 3274 τὰ
928 3212 979 3275 δύο
999 3211 1085 3275 πάλιν
1101 3208 1271 3290 καθάρσια,
1293 3205 1371 3290 ὕδωρ

169 3331 218 3399 καὶ
237 3333 324 3415 αἷμα,
343 3336 426 3416 λόγον
444 3333 493 3401 καὶ
510 3340 636 3418 πνεῦμα,
658 3331 707 3401 καὶ
725 3336 742 3402 ὁ
761 3334 862 3420 ταφάς
879 3337 907 3400 ἐν
924 3339 1016 3423 ἡμέρᾳ
1034 3343 1067 3422 τῇ
1080 3341 1132 3402 τοῦ
1149 3337 1265 3421 πάσχα,
1283 3336 1371 3400 ἔπιτε-

169 3463 274 3534 θέντος
291 3465 331 3540 τῷ
348 3462 473 3544 μνήματι
490 3470 540 3527 τοῦ
558 3463 654 3528 λίθου.

256 3575 307 3638 Ex
344 3576 396 3639 his
433 3577 616 3661 Apolinarii
652 3579 761 3644 verbis
798 3586 876 3644 ante
913 3579 1022 3643 omnia
1058 3580 1271 3643 menifestum
1307 3584 1372 3657 est,

170 3695 374 3761 adversarios
406 3696 476 3780 ejus
509 3696 641 3762 minime
672 3698 775 3762 luisse
805 3697 956 3762 homines
980 3717 1152 3781 perversos
1184 3720 1202 3759 a
1234 3695 1372 3760 salutari

171 3814 334 3900 evangelii
363 3814 515 3880 doetriua
545 3816 709 3900 delapsos.
755 3818 873 3899 Neque
906 3815 992 3878 enim
1023 3813 1143 3877 falsam
1174 3813 1371 3894 doctrinam,

171 3935 228 3999 sed
242 3935 277 3999 id
292 3943 422 3999 tantum
438 3934 478 3998 iis
495 3935 622 4000 urimini
638 3937 706 4016 dat,
732 3935 820 4020 quod
842 3940 1002 4019 „propter
1023 3933 1271 4018 ignorantiam“
1294 3956 1372 3998 oon·

258 4237 268 4270 ¹
293 4245 510 4302 Hmsuuunuu
536 4235 728 4315 (Ροεσδοιδν.
754 4260 784 4318 p.
807 4239 884 4315 255)
908 4257 966 4319 pro
995 4234 1045 4305 εἰσὶ
1068 4241 1162 4300 habet
1185 4237 1261 4311 ἔνιοι,
1287 4239 1372 4316 quod

170 4328 251 4386 uude
266 4330 424 4407 repetierit
439 4328 548 4387 neseio.
