<?xml version="1.0" encoding="UTF-8"?>
<!DOCTYPE html PUBLIC "-//W3C//DTD XHTML 1.0 Transitional//EN"
    "http://www.w3.org/TR/xhtml1/DTD/xhtml1-transitional.dtd">
<html xmlns="http://www.w3.org/1999/xhtml" xml:lang="en" lang="en">
 <head>
  <title>
</title>
<meta http-equiv="Content-Type" content="text/html;charset=utf-8" />
  <meta name='ocr-system' content='tesseract 3.04.00' />
  <meta name='ocr-capabilities' content='ocr_page ocr_carea ocr_par ocr_line ocrx_word'/>
</head>
<body>
  <div class='ocr_page' id='page_1' title='image "./decontroversiis00schgoog_0490.png"; bbox 0 0 3160 4976; ppageno 0'>
   <div class='ocr_carea' id='block_1_1' title="bbox 126 355 176 424">
    <p class='ocr_par' dir='ltr' id='par_1_1' title="bbox 126 355 176 424">
     <span class='ocr_line' id='line_1_1' title="bbox 126 355 176 424; baseline 0 0"><span class='ocrx_word' id='word_1_1' title='bbox 126 355 176 424; x_wconf 83' lang='lat'><em>40</em></span> 
     </span>
    </p>
   </div>
   <div class='ocr_carea' id='block_1_2' title="bbox 118 528 1361 1691">
    <p class='ocr_par' dir='ltr' id='par_1_2' title="bbox 118 528 1361 1691">
     <span class='ocr_line' id='line_1_2' title="bbox 123 528 1317 616; baseline 0 -24"><span class='ocrx_word' id='word_1_2' title='bbox 123 535 173 592; x_wconf 87' lang='grc' dir='ltr'><em>καί</em></span> <span class='ocrx_word' id='word_1_3' title='bbox 205 528 416 594; x_wconf 67' lang='grc' dir='ltr'><em>ἀνανεοῦσθαι</em></span> <span class='ocrx_word' id='word_1_4' title='bbox 448 530 558 616; x_wconf 78' lang='grc' dir='ltr'><em>ὀφείλει</em></span> <span class='ocrx_word' id='word_1_5' title='bbox 589 531 605 592; x_wconf 94' lang='grc' dir='ltr'><em>ό</em></span> <span class='ocrx_word' id='word_1_6' title='bbox 637 535 713 616; x_wconf 86' lang='grc' dir='ltr'><em>πρός</em></span> <span class='ocrx_word' id='word_1_7' title='bbox 752 535 805 600; x_wconf 89' lang='grc' dir='ltr'><em>τῆν</em></span> <span class='ocrx_word' id='word_1_8' title='bbox 839 530 995 601; x_wconf 88' lang='grc' dir='ltr'><em>ἐκκλησίαν</em></span> <span class='ocrx_word' id='word_1_9' title='bbox 1026 532 1109 602; x_wconf 82' lang='grc' dir='ltr'><em>κενός</em></span> <span class='ocrx_word' id='word_1_10' title='bbox 1137 533 1317 616; x_wconf 77' lang='grc' dir='ltr'><em>ἐρχόμενος,</em></span> 
     </span>
     <span class='ocr_line' id='line_1_3' title="bbox 123 635 1318 722; baseline 0 -26"><span class='ocrx_word' id='word_1_11' title='bbox 123 638 172 698; x_wconf 88' lang='grc' dir='ltr'><em>ίνα</em></span> <span class='ocrx_word' id='word_1_12' title='bbox 190 639 250 698; x_wconf 86' lang='grc' dir='ltr'><em>ἐσω</em></span> <span class='ocrx_word' id='word_1_13' title='bbox 269 635 319 698; x_wconf 88' lang='grc' dir='ltr'><em>διά</em></span> <span class='ocrx_word' id='word_1_14' title='bbox 336 647 398 698; x_wconf 82' lang='grc' dir='ltr'><em>τῶν</em></span> <span class='ocrx_word' id='word_1_15' title='bbox 417 639 513 720; x_wconf 88' lang='grc' dir='ltr'><em>άγίων</em></span> <span class='ocrx_word' id='word_1_16' title='bbox 531 637 689 720; x_wconf 62' lang='grc' dir='ltr'><em>άγιασθῆ.</em></span> <span class='ocrx_word' id='word_1_17' title='bbox 716 641 891 721; x_wconf 86' lang='grc' dir='ltr'><em>γέγραπται</em></span> <span class='ocrx_word' id='word_1_18' title='bbox 915 643 989 722; x_wconf 87' lang='grc' dir='ltr'><em>γάρ·</em></span> <span class='ocrx_word' id='word_1_19' title='bbox 1015 640 1097 720; x_wconf 88' lang='grc' dir='ltr'><em>άγιοι</em></span> <span class='ocrx_word' id='word_1_20' title='bbox 1121 639 1249 712; x_wconf 72' lang='grc' dir='ltr'><em>ἔσεσθε,</em></span> <span class='ocrx_word' id='word_1_21' title='bbox 1273 640 1318 697; x_wconf 82' lang='grc' dir='ltr'><em>ὅτι</em></span> 
     </span>
     <span class='ocr_line' id='line_1_4' title="bbox 121 743 1316 828; baseline 0.002 -25"><span class='ocrx_word' id='word_1_22' title='bbox 121 745 184 826; x_wconf 86' lang='grc' dir='ltr'><em>ἐγὼ</em></span> <span class='ocrx_word' id='word_1_23' title='bbox 202 745 292 826; x_wconf 83' lang='grc' dir='ltr'><em>ἅγιός</em></span> <span class='ocrx_word' id='word_1_24' title='bbox 309 745 379 825; x_wconf 89' lang='grc' dir='ltr'><em>είμι,</em></span> <span class='ocrx_word' id='word_1_25' title='bbox 404 743 482 826; x_wconf 92' lang='grc' dir='ltr'><em>λέγει</em></span> <span class='ocrx_word' id='word_1_26' title='bbox 506 749 626 828; x_wconf 79' lang='grc' dir='ltr'><em>κύριος·</em></span> <span class='ocrx_word' id='word_1_27' title='bbox 653 747 703 806; x_wconf 86' lang='grc' dir='ltr'><em>ίνα</em></span> <span class='ocrx_word' id='word_1_28' title='bbox 724 751 775 806; x_wconf 86' lang='grc' dir='ltr'><em>καί</em></span> <span class='ocrx_word' id='word_1_29' title='bbox 803 747 850 806; x_wconf 91' lang='grc' dir='ltr'><em>ἐπί</em></span> <span class='ocrx_word' id='word_1_30' title='bbox 872 743 970 828; x_wconf 81' lang='grc' dir='ltr'><em>πλάνη</em></span> <span class='ocrx_word' id='word_1_31' title='bbox 990 743 1194 827; x_wconf 74' lang='grc' dir='ltr'><em>βουκοληθείς</em></span> <span class='ocrx_word' id='word_1_32' title='bbox 1220 747 1249 805; x_wconf 89' lang='grc' dir='ltr'><em>ἐν</em></span> <span class='ocrx_word' id='word_1_33' title='bbox 1271 751 1316 822; x_wconf 83' lang='grc' dir='ltr'><em>τῷ</em></span> 
     </span>
     <span class='ocr_line' id='line_1_5' title="bbox 120 850 1314 934; baseline -0.003 -20"><span class='ocrx_word' id='word_1_34' title='bbox 120 851 237 920; x_wconf 69' lang='grc' dir='ltr'><em>ἀληθεῖ</em></span> <span class='ocrx_word' id='word_1_35' title='bbox 250 856 300 912; x_wconf 89' lang='grc' dir='ltr'><em>καί</em></span> <span class='ocrx_word' id='word_1_36' title='bbox 316 852 550 929; x_wconf 84' lang='grc' dir='ltr'><em>ἐκκλησιαστικῷ</em></span> <span class='ocrx_word' id='word_1_37' title='bbox 568 850 761 934; x_wconf 80' lang='grc' dir='ltr'>βαπτίσματι</span> <span class='ocrx_word' id='word_1_38' title='bbox 786 861 836 914; x_wconf 91' lang='grc' dir='ltr'><em>καί</em></span> <span class='ocrx_word' id='word_1_39' title='bbox 852 855 928 915; x_wconf 82' lang='grc' dir='ltr'><em>αδτό</em></span> <span class='ocrx_word' id='word_1_40' title='bbox 945 862 1034 916; x_wconf 91' lang='grc' dir='ltr'><em>τοῦτο</em></span> <span class='ocrx_word' id='word_1_41' title='bbox 1052 850 1251 928; x_wconf 86' lang='grc' dir='ltr'><em>ἀποδῦσεται,</em></span> <span class='ocrx_word' id='word_1_42' title='bbox 1270 853 1314 912; x_wconf 85' lang='grc' dir='ltr'><em>ότι</em></span> 
     </span>
     <span class='ocr_line' id='line_1_6' title="bbox 121 957 1361 1043; baseline -0.004 -24"><span class='ocrx_word' id='word_1_43' title='bbox 121 963 198 1043; x_wconf 89' lang='grc' dir='ltr'><em>πρός</em></span> <span class='ocrx_word' id='word_1_44' title='bbox 218 958 293 1020; x_wconf 68' lang='grc' dir='ltr'><em>θεὸν</em></span> <span class='ocrx_word' id='word_1_45' title='bbox 312 961 478 1042; x_wconf 75' lang='grc' dir='ltr'><em>ἐρχόμενος</em></span> <span class='ocrx_word' id='word_1_46' title='bbox 494 957 731 1042; x_wconf 67' lang='grc' dir='ltr'><em>ἄνθρωποςκαὶ</em></span> <span class='ocrx_word' id='word_1_47' title='bbox 748 961 830 1042; x_wconf 87' lang='grc' dir='ltr'><em>ίερέα</em></span> <span class='ocrx_word' id='word_1_48' title='bbox 846 959 996 1034; x_wconf 78' lang='grc' dir='ltr'><em>ἐπιζητῶν</em></span> <span class='ocrx_word' id='word_1_49' title='bbox 1013 963 1043 1020; x_wconf 90' lang='grc' dir='ltr'><em>ἐν</em></span> <span class='ocrx_word' id='word_1_50' title='bbox 1060 959 1159 1041; x_wconf 80' lang='grc' dir='ltr'><em>πλάνῃ</em></span> <span class='ocrx_word' id='word_1_51' title='bbox 1177 959 1315 1041; x_wconf 66' lang='grc' dir='ltr'><em>εὑρεθείς</em></span> <span class='ocrx_word' id='word_1_52' title='bbox 1346 975 1361 1014; x_wconf 80' lang='lat'>⁵</span> 
     </span>
     <span class='ocr_line' id='line_1_7' title="bbox 120 1059 1312 1150; baseline -0.001 -24"><span class='ocrx_word' id='word_1_53' title='bbox 120 1063 263 1149; x_wconf 74' lang='grc' dir='ltr'><em>ἱεροσύλῳ</em></span> <span class='ocrx_word' id='word_1_54' title='bbox 279 1059 511 1150; x_wconf 88' lang='grc' dir='ltr'><em>προσέπεσε[ν].</em></span> <span class='ocrx_word' id='word_1_55' title='bbox 530 1062 701 1146; x_wconf 77' lang='grc' dir='ltr'><em>δοκιμάζειν</em></span> <span class='ocrx_word' id='word_1_56' title='bbox 719 1069 781 1149; x_wconf 87' lang='grc' dir='ltr'><em>γάρ</em></span> <span class='ocrx_word' id='word_1_57' title='bbox 795 1068 858 1127; x_wconf 86' lang='grc' dir='ltr'><em>ἐστι</em></span> <span class='ocrx_word' id='word_1_58' title='bbox 871 1069 904 1126; x_wconf 88' lang='grc' dir='ltr'><em>τό</em></span> <span class='ocrx_word' id='word_1_59' title='bbox 916 1076 977 1128; x_wconf 86' lang='grc' dir='ltr'><em>τιῦν</em></span> <span class='ocrx_word' id='word_1_60' title='bbox 996 1070 1152 1149; x_wconf 84' lang='grc' dir='ltr'><em>αἰρετυιῶν</em></span> <span class='ocrx_word' id='word_1_61' title='bbox 1174 1071 1224 1128; x_wconf 85' lang='grc' dir='ltr'><em>καί</em></span> <span class='ocrx_word' id='word_1_62' title='bbox 1241 1085 1312 1150; x_wconf 91' lang='grc' dir='ltr'><em>σχι-</em></span> 
     </span>
     <span class='ocr_line' id='line_1_8' title="bbox 121 1171 1313 1257; baseline 0 -23"><span class='ocrx_word' id='word_1_63' title='bbox 121 1184 276 1255; x_wconf 82' lang='grc' dir='ltr'><em>σματικιῦν</em></span> <span class='ocrx_word' id='word_1_64' title='bbox 294 1171 459 1255; x_wconf 80' lang='grc' dir='ltr'><em>βάπτισμα</em></span> <span class='ocrx_word' id='word_1_65' title='bbox 472 1178 505 1234; x_wconf 86' lang='grc' dir='ltr'><em>τό</em></span> <span class='ocrx_word' id='word_1_66' title='bbox 517 1172 703 1236; x_wconf 79' lang='grc' dir='ltr'><em>συνευδοκεῖν</em></span> <span class='ocrx_word' id='word_1_67' title='bbox 713 1183 776 1245; x_wconf 86' lang='grc' dir='ltr'><em>τοῖς</em></span> <span class='ocrx_word' id='word_1_68' title='bbox 793 1171 843 1236; x_wconf 78' lang='grc' dir='ltr'><em>ὑπ’</em></span> <span class='ocrx_word' id='word_1_69' title='bbox 856 1176 973 1236; x_wconf 87' lang='grc' dir='ltr'><em>ἐκείνων</em></span> <span class='ocrx_word' id='word_1_70' title='bbox 987 1173 1259 1257; x_wconf 78' lang='grc' dir='ltr'><em>βεβαπτισμένοις.</em></span> <span class='ocrx_word' id='word_1_71' title='bbox 1278 1175 1313 1234; x_wconf 85' lang='grc' dir='ltr'><em>οιί</em></span> 
     </span>
     <span class='ocr_line' id='line_1_9' title="bbox 119 1280 1313 1367; baseline -0.003 -24"><span class='ocrx_word' id='word_1_72' title='bbox 119 1287 182 1367; x_wconf 88' lang='grc' dir='ltr'><em>γάρ</em></span> <span class='ocrx_word' id='word_1_73' title='bbox 201 1280 332 1344; x_wconf 85' lang='grc' dir='ltr'><em>δῦναται</em></span> <span class='ocrx_word' id='word_1_74' title='bbox 348 1284 378 1343; x_wconf 92' lang='grc' dir='ltr'><em>ἐν</em></span> <span class='ocrx_word' id='word_1_75' title='bbox 396 1282 479 1367; x_wconf 90' lang='grc' dir='ltr'><em>μέρει</em></span> <span class='ocrx_word' id='word_1_76' title='bbox 496 1286 699 1366; x_wconf 86' lang='grc' dir='ltr'><em>ῦπερισχόειν.</em></span> <span class='ocrx_word' id='word_1_77' title='bbox 724 1285 750 1344; x_wconf 90' lang='grc' dir='ltr'><em>εί</em></span> <span class='ocrx_word' id='word_1_78' title='bbox 766 1281 905 1354; x_wconf 68' lang='grc' dir='ltr'><em>ἐδυνῆθη</em></span> <span class='ocrx_word' id='word_1_79' title='bbox 934 1280 1098 1364; x_wconf 89' lang='grc' dir='ltr'><em>βαπείοαι,</em></span> <span class='ocrx_word' id='word_1_80' title='bbox 1127 1286 1236 1366; x_wconf 80' lang='grc' dir='ltr'><em>ἴσχυσε</em></span> <span class='ocrx_word' id='word_1_81' title='bbox 1263 1288 1313 1344; x_wconf 86' lang='grc' dir='ltr'><em>καί</em></span> 
     </span>
     <span class='ocr_line' id='line_1_10' title="bbox 121 1387 1312 1473; baseline -0.001 -21"><span class='ocrx_word' id='word_1_82' title='bbox 121 1390 209 1473; x_wconf 82' lang='grc' dir='ltr'><em>ἅγιον</em></span> <span class='ocrx_word' id='word_1_83' title='bbox 233 1399 354 1471; x_wconf 89' lang='grc' dir='ltr'><em>πνεῦμα</em></span> <span class='ocrx_word' id='word_1_84' title='bbox 387 1387 505 1453; x_wconf 89' lang='grc' dir='ltr'><em>δοῦναι.</em></span> <span class='ocrx_word' id='word_1_85' title='bbox 530 1392 556 1451; x_wconf 90' lang='grc' dir='ltr'><em>εί</em></span> <span class='ocrx_word' id='word_1_86' title='bbox 580 1392 632 1452; x_wconf 84' lang='grc' dir='ltr'><em>οιίκ</em></span> <span class='ocrx_word' id='word_1_87' title='bbox 663 1388 820 1470; x_wconf 65' lang='grc' dir='ltr'><em>ἐδννῆθη,</em></span> <span class='ocrx_word' id='word_1_88' title='bbox 852 1396 896 1454; x_wconf 83' lang='grc' dir='ltr'><em>ὅτι</em></span> <span class='ocrx_word' id='word_1_89' title='bbox 921 1390 978 1467; x_wconf 83' lang='grc' dir='ltr'><em>ἐξω</em></span> <span class='ocrx_word' id='word_1_90' title='bbox 1003 1395 1045 1453; x_wconf 87' lang='grc' dir='ltr'><em>ὢν</em></span> <span class='ocrx_word' id='word_1_91' title='bbox 1072 1401 1194 1472; x_wconf 89' lang='grc' dir='ltr'><em>πνεῦμα</em></span> <span class='ocrx_word' id='word_1_92' title='bbox 1226 1393 1312 1472; x_wconf 84' lang='grc' dir='ltr'><em>ἅγιον</em></span> 
     </span>
     <span class='ocr_line' id='line_1_11' title="bbox 118 1495 1358 1583; baseline 0 -25"><span class='ocrx_word' id='word_1_93' title='bbox 118 1499 170 1560; x_wconf 85' lang='grc' dir='ltr'><em>οῦκ</em></span> <span class='ocrx_word' id='word_1_94' title='bbox 185 1500 260 1582; x_wconf 85' lang='grc' dir='ltr'><em>ἐχει,</em></span> <span class='ocrx_word' id='word_1_95' title='bbox 285 1502 320 1560; x_wconf 89' lang='grc' dir='ltr'><em>οῦ</em></span> <span class='ocrx_word' id='word_1_96' title='bbox 337 1496 466 1560; x_wconf 86' lang='grc' dir='ltr'><em>δόναται</em></span> <span class='ocrx_word' id='word_1_97' title='bbox 483 1503 534 1560; x_wconf 88' lang='grc' dir='ltr'><em>τόν</em></span> <span class='ocrx_word' id='word_1_98' title='bbox 551 1499 715 1583; x_wconf 78' lang='grc' dir='ltr'><em>ἐρχόμενον</em></span> <span class='ocrx_word' id='word_1_99' title='bbox 738 1497 902 1582; x_wconf 78' lang='grc' dir='ltr'><em>βαπτίσει,</em></span> <span class='ocrx_word' id='word_1_100' title='bbox 931 1502 997 1570; x_wconf 85' lang='grc' dir='ltr'><em>ίνός</em></span> <span class='ocrx_word' id='word_1_101' title='bbox 1019 1499 1104 1569; x_wconf 77' lang='grc' dir='ltr'><em>ὄντος</em></span> <span class='ocrx_word' id='word_1_102' title='bbox 1122 1508 1176 1560; x_wconf 89' lang='grc' dir='ltr'><em>τοῦ</em></span> <span class='ocrx_word' id='word_1_103' title='bbox 1194 1495 1309 1579; x_wconf 89' lang='grc' dir='ltr'><em>βαπτί-</em></span> <span class='ocrx_word' id='word_1_104' title='bbox 1330 1509 1358 1548; x_wconf 82' lang='lat'><em>1⁰</em></span> 
     </span>
     <span class='ocr_line' id='line_1_12' title="bbox 118 1605 1311 1691; baseline -0.002 -23"><span class='ocrx_word' id='word_1_105' title='bbox 118 1625 237 1686; x_wconf 85' lang='grc' dir='ltr'><em>σματυς</em></span> <span class='ocrx_word' id='word_1_106' title='bbox 268 1613 318 1669; x_wconf 88' lang='grc' dir='ltr'><em>καί</em></span> <span class='ocrx_word' id='word_1_107' title='bbox 350 1609 418 1677; x_wconf 84' lang='grc' dir='ltr'><em>ίνδς</em></span> <span class='ocrx_word' id='word_1_108' title='bbox 449 1615 503 1672; x_wconf 89' lang='grc' dir='ltr'><em>τοῦ</em></span> <span class='ocrx_word' id='word_1_109' title='bbox 542 1609 632 1691; x_wconf 85' lang='grc' dir='ltr'><em>ἁγίου</em></span> <span class='ocrx_word' id='word_1_110' title='bbox 663 1613 838 1690; x_wconf 80' lang='grc' dir='ltr'><em>πνεύματος</em></span> <span class='ocrx_word' id='word_1_111' title='bbox 873 1614 923 1671; x_wconf 85' lang='grc' dir='ltr'><em>καί</em></span> <span class='ocrx_word' id='word_1_112' title='bbox 955 1617 1030 1689; x_wconf 87' lang='grc' dir='ltr'><em>μιᾶς</em></span> <span class='ocrx_word' id='word_1_113' title='bbox 1060 1605 1219 1676; x_wconf 79' lang='grc' dir='ltr'><em>ἐκκλησίας</em></span> <span class='ocrx_word' id='word_1_114' title='bbox 1254 1608 1311 1668; x_wconf 81' lang='grc' dir='ltr'><em>ὑπό</em></span> 
     </span>
    </p>
   </div>
   <div class='ocr_carea' id='block_1_3' title="bbox 114 1713 1355 2446">
    <p class='ocr_par' dir='ltr' id='par_1_3' title="bbox 114 1713 1355 2446">
     <span class='ocr_line' id='line_1_13' title="bbox 118 1713 1309 1800; baseline -0.001 -26"><span class='ocrx_word' id='word_1_115' title='bbox 118 1722 246 1798; x_wconf 85' lang='grc' dir='ltr'><em>χριστοῦ</em></span> <span class='ocrx_word' id='word_1_116' title='bbox 277 1722 332 1776; x_wconf 90' lang='grc' dir='ltr'><em>τοῦ</em></span> <span class='ocrx_word' id='word_1_117' title='bbox 359 1719 461 1799; x_wconf 91' lang='grc' dir='ltr'><em>κυρίου</em></span> <span class='ocrx_word' id='word_1_118' title='bbox 493 1719 581 1797; x_wconf 74' lang='grc' dir='ltr'><em>ἡμῶν</em></span> <span class='ocrx_word' id='word_1_119' title='bbox 605 1715 709 1778; x_wconf 85' lang='grc' dir='ltr'><em>ἐπάνω</em></span> <span class='ocrx_word' id='word_1_120' title='bbox 740 1715 858 1800; x_wconf 90' lang='grc' dir='ltr'><em>Πέτρου</em></span> <span class='ocrx_word' id='word_1_121' title='bbox 889 1723 943 1777; x_wconf 92' lang='grc' dir='ltr'><em>τοῦ</em></span> <span class='ocrx_word' id='word_1_122' title='bbox 967 1713 1139 1777; x_wconf 85' lang='grc' dir='ltr'><em>ἀποστόλου</em></span> <span class='ocrx_word' id='word_1_123' title='bbox 1164 1713 1309 1798; x_wconf 68' lang='grc' dir='ltr'><em>ἀρχῆθεν</em></span> 
     </span>
     <span class='ocr_line' id='line_1_14' title="bbox 117 1819 1309 1905; baseline -0.003 -21"><span class='ocrx_word' id='word_1_124' title='bbox 117 1819 260 1904; x_wconf 83' lang='grc' dir='ltr'><em>λέγοντος</em></span> <span class='ocrx_word' id='word_1_125' title='bbox 275 1832 331 1892; x_wconf 86' lang='grc' dir='ltr'><em>τῆς</em></span> <span class='ocrx_word' id='word_1_126' title='bbox 347 1823 488 1893; x_wconf 83' lang='grc' dir='ltr'><em>ἐνότητος</em></span> <span class='ocrx_word' id='word_1_127' title='bbox 511 1821 786 1905; x_wconf 72' lang='grc' dir='ltr'><em>τεθεμελιωμένης.</em></span> <span class='ocrx_word' id='word_1_128' title='bbox 811 1829 861 1885; x_wconf 89' lang='grc' dir='ltr'><em>καί</em></span> <span class='ocrx_word' id='word_1_129' title='bbox 879 1820 930 1886; x_wconf 88' lang='grc' dir='ltr'><em>διά</em></span> <span class='ocrx_word' id='word_1_130' title='bbox 955 1831 1044 1884; x_wconf 89' lang='grc' dir='ltr'><em>τοῦτο</em></span> <span class='ocrx_word' id='word_1_131' title='bbox 1068 1825 1109 1882; x_wconf 89' lang='grc' dir='ltr'><em>τά</em></span> <span class='ocrx_word' id='word_1_132' title='bbox 1132 1821 1185 1884; x_wconf 84' lang='grc' dir='ltr'><em>ὑπ’</em></span> <span class='ocrx_word' id='word_1_133' title='bbox 1206 1822 1309 1882; x_wconf 79' lang='grc' dir='ltr'><em>αὐτῶν</em></span> 
     </span>
     <span class='ocr_line' id='line_1_15' title="bbox 116 1926 1309 2014; baseline -0.001 -25"><span class='ocrx_word' id='word_1_134' title='bbox 116 1931 272 2012; x_wconf 90' lang='grc' dir='ltr'><em>γινόμενα,</em></span> <span class='ocrx_word' id='word_1_135' title='bbox 289 1927 386 2010; x_wconf 80' lang='grc' dir='ltr'><em>ψευδῆ</em></span> <span class='ocrx_word' id='word_1_136' title='bbox 402 1936 452 1992; x_wconf 83' lang='grc' dir='ltr'><em>καί</em></span> <span class='ocrx_word' id='word_1_137' title='bbox 468 1934 539 1990; x_wconf 84' lang='grc' dir='ltr'><em>κενά</em></span> <span class='ocrx_word' id='word_1_138' title='bbox 555 1933 748 2014; x_wconf 85' lang='grc' dir='ltr'><em>ὑπάρχοντα,</em></span> <span class='ocrx_word' id='word_1_139' title='bbox 765 1935 867 1992; x_wconf 90' lang='grc' dir='ltr'><em>πάντα</em></span> <span class='ocrx_word' id='word_1_140' title='bbox 885 1933 963 1992; x_wconf 88' lang='grc' dir='ltr'><em>ἐστίν</em></span> <span class='ocrx_word' id='word_1_141' title='bbox 981 1929 1127 2010; x_wconf 86' lang='grc' dir='ltr'><em>ἀδόκιμα.</em></span> <span class='ocrx_word' id='word_1_142' title='bbox 1146 1926 1309 2010; x_wconf 79' lang='grc' dir='ltr'><em>οὐδὲνγὰρ</em></span> 
     </span>
     <span class='ocr_line' id='line_1_16' title="bbox 117 2033 1355 2121; baseline -0.002 -23"><span class='ocrx_word' id='word_1_143' title='bbox 117 2033 247 2100; x_wconf 84' lang='grc' dir='ltr'><em>δίινατσιι</em></span> <span class='ocrx_word' id='word_1_144' title='bbox 264 2035 365 2098; x_wconf 89' lang='grc' dir='ltr'><em>δεκτόν</em></span> <span class='ocrx_word' id='word_1_145' title='bbox 382 2043 432 2098; x_wconf 91' lang='grc' dir='ltr'><em>καί</em></span> <span class='ocrx_word' id='word_1_146' title='bbox 449 2039 566 2120; x_wconf 82' lang='grc' dir='ltr'><em>αἱρετόν</em></span> <span class='ocrx_word' id='word_1_147' title='bbox 591 2037 666 2098; x_wconf 78' lang='grc' dir='ltr'><em>εἶναι</em></span> <span class='ocrx_word' id='word_1_148' title='bbox 683 2041 773 2121; x_wconf 87' lang='grc' dir='ltr'><em>παρά</em></span> <span class='ocrx_word' id='word_1_149' title='bbox 788 2045 832 2116; x_wconf 81' lang='grc' dir='ltr'><em>τῷ</em></span> <span class='ocrx_word' id='word_1_150' title='bbox 848 2037 918 2116; x_wconf 67' lang='grc' dir='ltr'><em>θεῷ</em></span> <span class='ocrx_word' id='word_1_151' title='bbox 935 2046 996 2098; x_wconf 83' lang='grc' dir='ltr'><em>τῶν</em></span> <span class='ocrx_word' id='word_1_152' title='bbox 1020 2033 1070 2099; x_wconf 78' lang='grc' dir='ltr'><em>ὑπ’</em></span> <span class='ocrx_word' id='word_1_153' title='bbox 1088 2037 1207 2098; x_wconf 85' lang='grc' dir='ltr'><em>ἐκείνων</em></span> <span class='ocrx_word' id='word_1_154' title='bbox 1224 2055 1309 2118; x_wconf 83' lang='grc' dir='ltr'><em>γινο·</em></span> <span class='ocrx_word' id='word_1_155' title='bbox 1329 2057 1355 2096; x_wconf 84' lang='grc' dir='ltr'><em>ιε</em></span> 
     </span>
     <span class='ocr_line' id='line_1_17' title="bbox 115 2143 1309 2228; baseline -0.003 -22"><span class='ocrx_word' id='word_1_156' title='bbox 115 2149 225 2226; x_wconf 89' lang='grc' dir='ltr'><em>μένων,</em></span> <span class='ocrx_word' id='word_1_157' title='bbox 242 2147 295 2216; x_wconf 87' lang='grc' dir='ltr'><em>οὓς</em></span> <span class='ocrx_word' id='word_1_158' title='bbox 311 2147 440 2228; x_wconf 85' lang='grc' dir='ltr'><em>όκόρισς</em></span> <span class='ocrx_word' id='word_1_159' title='bbox 454 2143 614 2227; x_wconf 90' lang='grc' dir='ltr'><em>πολεμίους</em></span> <span class='ocrx_word' id='word_1_160' title='bbox 630 2151 680 2206; x_wconf 87' lang='grc' dir='ltr'><em>καί</em></span> <span class='ocrx_word' id='word_1_161' title='bbox 694 2144 880 2216; x_wconf 82' lang='grc' dir='ltr'><em>ἀντιπάλους</em></span> <span class='ocrx_word' id='word_1_162' title='bbox 896 2148 991 2207; x_wconf 78' lang='grc' dir='ltr'><em>αὐτοῦ</em></span> <span class='ocrx_word' id='word_1_163' title='bbox 1007 2143 1087 2227; x_wconf 88' lang='grc' dir='ltr'><em>λέγει</em></span> <span class='ocrx_word' id='word_1_164' title='bbox 1111 2145 1141 2204; x_wconf 89' lang='grc' dir='ltr'><em>ἐν</em></span> <span class='ocrx_word' id='word_1_165' title='bbox 1156 2150 1199 2221; x_wconf 84' lang='grc' dir='ltr'><em>τῷ</em></span> <span class='ocrx_word' id='word_1_166' title='bbox 1212 2146 1309 2224; x_wconf 80' lang='grc' dir='ltr'><em>εὐαγ-</em></span> 
     </span>
     <span class='ocr_line' id='line_1_18' title="bbox 115 2250 1308 2336; baseline -0.002 -23"><span class='ocrx_word' id='word_1_167' title='bbox 115 2251 222 2334; x_wconf 85' lang='grc' dir='ltr'><em>γελίῳ·</em></span> <span class='ocrx_word' id='word_1_168' title='bbox 248 2254 263 2314; x_wconf 87' lang='grc' dir='ltr'><em>ό</em></span> <span class='ocrx_word' id='word_1_169' title='bbox 287 2259 329 2335; x_wconf 84' lang='grc' dir='ltr'><em>μῆ</em></span> <span class='ocrx_word' id='word_1_170' title='bbox 355 2255 396 2314; x_wconf 83' lang='grc' dir='ltr'><em>ὢν</em></span> <span class='ocrx_word' id='word_1_171' title='bbox 419 2250 484 2336; x_wconf 87' lang='grc' dir='ltr'><em>μετ’</em></span> <span class='ocrx_word' id='word_1_172' title='bbox 513 2256 587 2336; x_wconf 86' lang='grc' dir='ltr'><em>ἐμοῦ</em></span> <span class='ocrx_word' id='word_1_173' title='bbox 611 2252 678 2316; x_wconf 79' lang='grc' dir='ltr'><em>κατ’</em></span> <span class='ocrx_word' id='word_1_174' title='bbox 704 2255 779 2336; x_wconf 86' lang='grc' dir='ltr'><em>ἐμοῦ</em></span> <span class='ocrx_word' id='word_1_175' title='bbox 807 2257 869 2316; x_wconf 88' lang='grc' dir='ltr'><em>ἐστι</em></span> <span class='ocrx_word' id='word_1_176' title='bbox 895 2261 944 2316; x_wconf 85' lang='grc' dir='ltr'><em>καί</em></span> <span class='ocrx_word' id='word_1_177' title='bbox 969 2255 984 2316; x_wconf 93' lang='grc' dir='ltr'><em>ό</em></span> <span class='ocrx_word' id='word_1_178' title='bbox 1009 2259 1051 2335; x_wconf 85' lang='grc' dir='ltr'><em>μῆ</em></span> <span class='ocrx_word' id='word_1_179' title='bbox 1074 2258 1218 2336; x_wconf 87' lang='grc' dir='ltr'><em>συνάγυιν</em></span> <span class='ocrx_word' id='word_1_180' title='bbox 1241 2251 1308 2334; x_wconf 82' lang='grc' dir='ltr'><em>μετ’</em></span> 
     </span>
     <span class='ocr_line' id='line_1_19' title="bbox 114 2359 1308 2446; baseline 0 -26"><span class='ocrx_word' id='word_1_181' title='bbox 114 2361 188 2440; x_wconf 85' lang='grc' dir='ltr'><em>ἐμοῦ</em></span> <span class='ocrx_word' id='word_1_182' title='bbox 217 2360 377 2444; x_wconf 83' lang='grc' dir='ltr'><em>σκορπίζει.</em></span> <span class='ocrx_word' id='word_1_183' title='bbox 401 2367 451 2422; x_wconf 85' lang='grc' dir='ltr'><em>καί</em></span> <span class='ocrx_word' id='word_1_184' title='bbox 476 2363 492 2424; x_wconf 92' lang='grc' dir='ltr'><em>ό</em></span> <span class='ocrx_word' id='word_1_185' title='bbox 514 2365 668 2446; x_wconf 86' lang='grc' dir='ltr'><em>μακάριος</em></span> <span class='ocrx_word' id='word_1_186' title='bbox 690 2362 860 2432; x_wconf 80' lang='grc' dir='ltr'><em>ἀπόστολος</em></span> <span class='ocrx_word' id='word_1_187' title='bbox 883 2363 1034 2432; x_wconf 82' lang='grc' dir='ltr'><em>Ἰωάννης</em></span> <span class='ocrx_word' id='word_1_188' title='bbox 1058 2359 1190 2430; x_wconf 86' lang='grc' dir='ltr'><em>ἐντολάς·</em></span> <span class='ocrx_word' id='word_1_189' title='bbox 1206 2363 1308 2443; x_wconf 89' lang='grc' dir='ltr'><em>κυρίου</em></span> 
     </span>
    </p>
   </div>
   <div class='ocr_carea' id='block_1_4' title="bbox 37 2467 1354 3842">
    <p class='ocr_par' dir='ltr' id='par_1_4' title="bbox 37 2467 1354 3842">
     <span class='ocr_line' id='line_1_20' title="bbox 114 2467 1307 2555; baseline -0.002 -27"><span class='ocrx_word' id='word_1_190' title='bbox 114 2476 216 2550; x_wconf 80' lang='grc' dir='ltr'><em>τηρῶν</em></span> <span class='ocrx_word' id='word_1_191' title='bbox 234 2469 264 2530; x_wconf 92' lang='grc' dir='ltr'><em>ἐν</em></span> <span class='ocrx_word' id='word_1_192' title='bbox 282 2479 318 2548; x_wconf 79' lang='grc' dir='ltr'><em>τῇ</em></span> <span class='ocrx_word' id='word_1_193' title='bbox 336 2467 476 2549; x_wconf 77' lang='grc' dir='ltr'><em>ἐπιστολῇ</em></span> <span class='ocrx_word' id='word_1_194' title='bbox 504 2469 736 2555; x_wconf 71' lang='grc' dir='ltr'><em>προσέγραψεν·</em></span> <span class='ocrx_word' id='word_1_195' title='bbox 758 2473 910 2540; x_wconf 77' lang='grc' dir='ltr'><em>ἠκούσατε</em></span> <span class='ocrx_word' id='word_1_196' title='bbox 933 2471 977 2530; x_wconf 83' lang='grc' dir='ltr'><em>ὅτι</em></span> <span class='ocrx_word' id='word_1_197' title='bbox 1002 2471 1200 2553; x_wconf 89' lang='grc' dir='ltr'><em>ἀντίχριστος</em></span> <span class='ocrx_word' id='word_1_198' title='bbox 1216 2469 1307 2550; x_wconf 84' lang='grc' dir='ltr'><em>ἐρχε·</em></span> 
     </span>
     <span class='ocr_line' id='line_1_21' title="bbox 115 2572 1354 2660; baseline -0.002 -25"><span class='ocrx_word' id='word_1_199' title='bbox 115 2596 177 2636; x_wconf 88' lang='grc' dir='ltr'><em>ται.</em></span> <span class='ocrx_word' id='word_1_200' title='bbox 194 2583 246 2636; x_wconf 89' lang='grc' dir='ltr'><em>νῦν</em></span> <span class='ocrx_word' id='word_1_201' title='bbox 271 2572 304 2637; x_wconf 86' lang='grc' dir='ltr'><em>δέ</em></span> <span class='ocrx_word' id='word_1_202' title='bbox 327 2579 512 2660; x_wconf 83' lang='grc' dir='ltr'><em>ἀντίχριστοι</em></span> <span class='ocrx_word' id='word_1_203' title='bbox 529 2575 631 2640; x_wconf 89' lang='grc' dir='ltr'><em>πολλοί</em></span> <span class='ocrx_word' id='word_1_204' title='bbox 647 2581 820 2660; x_wconf 86' lang='grc' dir='ltr'><em>γεγόνασιν,</em></span> <span class='ocrx_word' id='word_1_205' title='bbox 833 2576 908 2639; x_wconf 72' lang='grc' dir='ltr'><em>ὅθεν</em></span> <span class='ocrx_word' id='word_1_206' title='bbox 926 2579 1111 2658; x_wconf 83' lang='grc' dir='ltr'><em>γινώσκομεν</em></span> <span class='ocrx_word' id='word_1_207' title='bbox 1130 2577 1175 2636; x_wconf 83' lang='grc' dir='ltr'><em>ὅτι</em></span> <span class='ocrx_word' id='word_1_208' title='bbox 1187 2578 1306 2658; x_wconf 89' lang='grc' dir='ltr'><em>ἐσχάτη</em></span> <span class='ocrx_word' id='word_1_209' title='bbox 1324 2593 1354 2632; x_wconf 80' lang='grc' dir='ltr'><em>κο</em></span> 
     </span>
     <span class='ocr_line' id='line_1_22' title="bbox 115 2678 1307 2767; baseline 0 -23"><span class='ocrx_word' id='word_1_210' title='bbox 115 2685 184 2766; x_wconf 85' lang='grc' dir='ltr'><em>ὥρα</em></span> <span class='ocrx_word' id='word_1_211' title='bbox 204 2685 297 2745; x_wconf 90' lang='grc' dir='ltr'><em>ἐστίν.</em></span> <span class='ocrx_word' id='word_1_212' title='bbox 322 2678 356 2756; x_wconf 84' lang='grc' dir='ltr'><em>ἐξ</em></span> <span class='ocrx_word' id='word_1_213' title='bbox 374 2688 462 2765; x_wconf 83' lang='grc' dir='ltr'><em>ῆμῦν</em></span> <span class='ocrx_word' id='word_1_214' title='bbox 480 2680 627 2764; x_wconf 73' lang='grc' dir='ltr'><em>ἐξῆλθον,</em></span> <span class='ocrx_word' id='word_1_215' title='bbox 653 2684 720 2749; x_wconf 88' lang='grc' dir='ltr'><em>ἀλλ’</em></span> <span class='ocrx_word' id='word_1_216' title='bbox 740 2687 792 2746; x_wconf 85' lang='grc' dir='ltr'><em>οῦκ</em></span> <span class='ocrx_word' id='word_1_217' title='bbox 809 2685 889 2754; x_wconf 76' lang='grc' dir='ltr'><em>ἦσαν</em></span> <span class='ocrx_word' id='word_1_218' title='bbox 907 2680 964 2757; x_wconf 71' lang='grc' dir='ltr'><em>ίξ’</em></span> <span class='ocrx_word' id='word_1_219' title='bbox 981 2688 1081 2766; x_wconf 75' lang='grc' dir='ltr'><em>ἡμῶν.</em></span> <span class='ocrx_word' id='word_1_220' title='bbox 1105 2685 1132 2743; x_wconf 87' lang='grc' dir='ltr'><em>εί</em></span> <span class='ocrx_word' id='word_1_221' title='bbox 1148 2687 1210 2767; x_wconf 83' lang='grc' dir='ltr'><em>γάρ</em></span> <span class='ocrx_word' id='word_1_222' title='bbox 1226 2682 1307 2752; x_wconf 72' lang='grc' dir='ltr'><em>ἦσαν</em></span> 
     </span>
     <span class='ocr_line' id='line_1_23' title="bbox 112 2783 1308 2874; baseline -0.002 -23"><span class='ocrx_word' id='word_1_223' title='bbox 112 2783 147 2863; x_wconf 79' lang='grc' dir='ltr'><em>ἐξ</em></span> <span class='ocrx_word' id='word_1_224' title='bbox 167 2794 276 2872; x_wconf 77' lang='grc' dir='ltr'><em>ἡμῶν,</em></span> <span class='ocrx_word' id='word_1_225' title='bbox 300 2797 516 2873; x_wconf 92' lang='grc' dir='ltr'><em>μεμινῆκεισαν</em></span> <span class='ocrx_word' id='word_1_226' title='bbox 541 2793 578 2853; x_wconf 84' lang='grc' dir='ltr'><em>ἂν</em></span> <span class='ocrx_word' id='word_1_227' title='bbox 601 2791 676 2874; x_wconf 68' lang='grc' dir='ltr'><em>μεθ’</em></span> <span class='ocrx_word' id='word_1_228' title='bbox 692 2796 792 2874; x_wconf 82' lang='grc' dir='ltr'><em>ῆμιῦν.</em></span> <span class='ocrx_word' id='word_1_229' title='bbox 818 2791 892 2854; x_wconf 71' lang='grc' dir='ltr'><em>ὅθεν</em></span> <span class='ocrx_word' id='word_1_230' title='bbox 916 2797 968 2853; x_wconf 88' lang='grc' dir='ltr'><em>καί</em></span> <span class='ocrx_word' id='word_1_231' title='bbox 990 2795 1077 2873; x_wconf 78' lang='grc' dir='ltr'><em>ἡμεῖς</em></span> <span class='ocrx_word' id='word_1_232' title='bbox 1102 2794 1233 2850; x_wconf 86' lang='grc' dir='ltr'><em>συνιέναι</em></span> <span class='ocrx_word' id='word_1_233' title='bbox 1257 2790 1308 2850; x_wconf 85' lang='grc' dir='ltr'><em>καί</em></span> 
     </span>
     <span class='ocr_line' id='line_1_24' title="bbox 110 2896 1307 2984; baseline -0.003 -24"><span class='ocrx_word' id='word_1_234' title='bbox 110 2907 186 2963; x_wconf 89' lang='grc' dir='ltr'><em>νοεῖν</em></span> <span class='ocrx_word' id='word_1_235' title='bbox 203 2897 370 2984; x_wconf 79' lang='grc' dir='ltr'><em>ὀφείλομεν,</em></span> <span class='ocrx_word' id='word_1_236' title='bbox 403 2901 429 2960; x_wconf 90' lang='grc' dir='ltr'><em>εί</em></span> <span class='ocrx_word' id='word_1_237' title='bbox 450 2901 478 2961; x_wconf 86' lang='grc' dir='ltr'><em>οί</em></span> <span class='ocrx_word' id='word_1_238' title='bbox 504 2899 618 2984; x_wconf 68' lang='grc' dir='ltr'><em>ἐχθροί</em></span> <span class='ocrx_word' id='word_1_239' title='bbox 645 2901 747 2984; x_wconf 85' lang='grc' dir='ltr'><em>κυρίου</em></span> <span class='ocrx_word' id='word_1_240' title='bbox 774 2907 824 2961; x_wconf 85' lang='grc' dir='ltr'><em>καί</em></span> <span class='ocrx_word' id='word_1_241' title='bbox 848 2904 876 2961; x_wconf 90' lang='grc' dir='ltr'><em>σί</em></span> <span class='ocrx_word' id='word_1_242' title='bbox 888 2900 1078 2983; x_wconf 81' lang='grc' dir='ltr'><em>ἀντίχριστοι</em></span> <span class='ocrx_word' id='word_1_243' title='bbox 1095 2896 1307 2980; x_wconf 76' lang='grc' dir='ltr'><em>ὠνομασμένοι</em></span> 
     </span>
     <span class='ocr_line' id='line_1_25' title="bbox 114 3003 1306 3091; baseline -0.002 -24"><span class='ocrx_word' id='word_1_244' title='bbox 114 3003 237 3070; x_wconf 90' lang='grc' dir='ltr'><em>δυνατοί</em></span> <span class='ocrx_word' id='word_1_245' title='bbox 261 3005 317 3068; x_wconf 90' lang='grc' dir='ltr'><em>είεν</em></span> <span class='ocrx_word' id='word_1_246' title='bbox 350 3011 443 3091; x_wconf 84' lang='grc' dir='ltr'><em>χάριν</em></span> <span class='ocrx_word' id='word_1_247' title='bbox 477 3005 583 3070; x_wconf 86' lang='grc' dir='ltr'><em>δοῦναι</em></span> <span class='ocrx_word' id='word_1_248' title='bbox 615 3015 658 3086; x_wconf 78' lang='grc' dir='ltr'><em>τῷ</em></span> <span class='ocrx_word' id='word_1_249' title='bbox 682 3013 786 3091; x_wconf 85' lang='grc' dir='ltr'><em>κυρίῳ.</em></span> <span class='ocrx_word' id='word_1_250' title='bbox 811 3010 862 3068; x_wconf 91' lang='grc' dir='ltr'><em>καί</em></span> <span class='ocrx_word' id='word_1_251' title='bbox 887 3005 938 3068; x_wconf 89' lang='grc' dir='ltr'><em>διά</em></span> <span class='ocrx_word' id='word_1_252' title='bbox 962 3015 1052 3068; x_wconf 91' lang='grc' dir='ltr'><em>τοῦτο</em></span> <span class='ocrx_word' id='word_1_253' title='bbox 1074 3010 1163 3086; x_wconf 81' lang='grc' dir='ltr'><em>ῆμεῐς</em></span> <span class='ocrx_word' id='word_1_254' title='bbox 1193 3008 1223 3066; x_wconf 87' lang='grc' dir='ltr'><em>σί</em></span> <span class='ocrx_word' id='word_1_255' title='bbox 1252 3009 1306 3066; x_wconf 88' lang='grc' dir='ltr'><em>σῦν</em></span> 
     </span>
     <span class='ocr_line' id='line_1_26' title="bbox 37 3106 1352 3200; baseline -0.002 -26"><span class='ocrx_word' id='word_1_256' title='bbox 37 3189 39 3194; x_wconf 17' lang='lat'><strong>¹</strong></span> <span class='ocrx_word' id='word_1_257' title='bbox 112 3114 204 3197; x_wconf 82' lang='grc' dir='ltr'><em>κυρίῳ</em></span> <span class='ocrx_word' id='word_1_258' title='bbox 237 3113 321 3185; x_wconf 84' lang='grc' dir='ltr'><em>ὄντες</em></span> <span class='ocrx_word' id='word_1_259' title='bbox 343 3119 394 3176; x_wconf 91' lang='grc' dir='ltr'><em>καί</em></span> <span class='ocrx_word' id='word_1_260' title='bbox 426 3117 556 3186; x_wconf 82' lang='grc' dir='ltr'><em>ἑνότητα</em></span> <span class='ocrx_word' id='word_1_261' title='bbox 586 3121 689 3200; x_wconf 86' lang='grc' dir='ltr'><em>κυρίου</em></span> <span class='ocrx_word' id='word_1_262' title='bbox 721 3123 902 3200; x_wconf 86' lang='grc' dir='ltr'><em>κρατοῦντες</em></span> <span class='ocrx_word' id='word_1_263' title='bbox 932 3119 983 3176; x_wconf 87' lang='grc' dir='ltr'><em>καί</em></span> <span class='ocrx_word' id='word_1_264' title='bbox 1005 3117 1086 3175; x_wconf 87' lang='grc' dir='ltr'><em>κατὰ</em></span> <span class='ocrx_word' id='word_1_265' title='bbox 1119 3117 1153 3174; x_wconf 85' lang='grc' dir='ltr'><em>τό</em></span> <span class='ocrx_word' id='word_1_266' title='bbox 1183 3106 1307 3193; x_wconf 79' lang='grc' dir='ltr'><em>ἀξίωμα</em></span> <span class='ocrx_word' id='word_1_267' title='bbox 1322 3131 1352 3170; x_wconf 81' lang='grc' dir='ltr'><em>ευ</em></span> 
     </span>
     <span class='ocr_line' id='line_1_27' title="bbox 113 3217 1305 3304; baseline -0.001 -23"><span class='ocrx_word' id='word_1_268' title='bbox 113 3223 209 3282; x_wconf 78' lang='grc' dir='ltr'><em>αὐτοῦ</em></span> <span class='ocrx_word' id='word_1_269' title='bbox 232 3225 455 3304; x_wconf 85' lang='grc' dir='ltr'><em>χορηγοῦμενοι</em></span> <span class='ocrx_word' id='word_1_270' title='bbox 472 3225 525 3290; x_wconf 84' lang='grc' dir='ltr'><em>τῆν</em></span> <span class='ocrx_word' id='word_1_271' title='bbox 543 3223 693 3304; x_wconf 82' lang='grc' dir='ltr'><em>ἱερατείαν</em></span> <span class='ocrx_word' id='word_1_272' title='bbox 712 3225 806 3284; x_wconf 81' lang='grc' dir='ltr'><em>αὐτοῦ</em></span> <span class='ocrx_word' id='word_1_273' title='bbox 830 3222 860 3281; x_wconf 91' lang='grc' dir='ltr'><em>ίν</em></span> <span class='ocrx_word' id='word_1_274' title='bbox 884 3231 921 3300; x_wconf 77' lang='grc' dir='ltr'><em>τῆ</em></span> <span class='ocrx_word' id='word_1_275' title='bbox 939 3218 1079 3299; x_wconf 81' lang='grc' dir='ltr'><em>ἐκκλησίᾳ</em></span> <span class='ocrx_word' id='word_1_276' title='bbox 1094 3217 1305 3302; x_wconf 84' lang='grc' dir='ltr'><em>λειτουργοῦν-</em></span> 
     </span>
     <span class='ocr_line' id='line_1_28' title="bbox 111 3327 1305 3410; baseline -0.003 -20"><span class='ocrx_word' id='word_1_277' title='bbox 111 3347 162 3397; x_wconf 87' lang='grc' dir='ltr'><em>τες</em></span> <span class='ocrx_word' id='word_1_278' title='bbox 186 3329 245 3390; x_wconf 84' lang='grc' dir='ltr'><em>ὅσα</em></span> <span class='ocrx_word' id='word_1_279' title='bbox 267 3331 295 3390; x_wconf 89' lang='grc' dir='ltr'><em>οί</em></span> <span class='ocrx_word' id='word_1_280' title='bbox 309 3330 503 3410; x_wconf 82' lang='grc' dir='ltr'><em>ἀντικείμενοι</em></span> <span class='ocrx_word' id='word_1_281' title='bbox 527 3332 633 3408; x_wconf 82' lang='grc' dir='ltr'><em>αὐτῷ,</em></span> <span class='ocrx_word' id='word_1_282' title='bbox 657 3327 740 3392; x_wconf 84' lang='grc' dir='ltr'><em>τοῦτ’</em></span> <span class='ocrx_word' id='word_1_283' title='bbox 757 3331 819 3391; x_wconf 92' lang='grc' dir='ltr'><em>ἐστι</em></span> <span class='ocrx_word' id='word_1_284' title='bbox 840 3327 975 3408; x_wconf 90' lang='grc' dir='ltr'><em>πολέμιοί</em></span> <span class='ocrx_word' id='word_1_285' title='bbox 998 3347 1030 3388; x_wconf 89' lang='grc' dir='ltr'><em>τε</em></span> <span class='ocrx_word' id='word_1_286' title='bbox 1049 3332 1100 3388; x_wconf 85' lang='grc' dir='ltr'><em>καί</em></span> <span class='ocrx_word' id='word_1_287' title='bbox 1119 3328 1305 3410; x_wconf 86' lang='grc' dir='ltr'><em>ἀντίχριστοι</em></span> 
     </span>
     <span class='ocr_line' id='line_1_29' title="bbox 112 3429 1306 3520; baseline -0.002 -24"><span class='ocrx_word' id='word_1_288' title='bbox 112 3444 260 3513; x_wconf 85' lang='grc' dir='ltr'><em>ποιοῦσιν,</em></span> <span class='ocrx_word' id='word_1_289' title='bbox 278 3433 507 3517; x_wconf 84' lang='grc' dir='ltr'><em>ἀποδοκιμάσαι</em></span> <span class='ocrx_word' id='word_1_290' title='bbox 523 3438 574 3498; x_wconf 89' lang='grc' dir='ltr'><em>καί</em></span> <span class='ocrx_word' id='word_1_291' title='bbox 590 3439 779 3507; x_wconf 89' lang='grc' dir='ltr'><em>ἀπσποιῆσαι</em></span> <span class='ocrx_word' id='word_1_292' title='bbox 794 3441 845 3498; x_wconf 89' lang='grc' dir='ltr'><em>καί</em></span> <span class='ocrx_word' id='word_1_293' title='bbox 861 3435 1031 3520; x_wconf 81' lang='grc' dir='ltr'><em>ἀπορρῖψαι</em></span> <span class='ocrx_word' id='word_1_294' title='bbox 1054 3439 1104 3496; x_wconf 84' lang='grc' dir='ltr'><em>καί</em></span> <span class='ocrx_word' id='word_1_295' title='bbox 1121 3435 1165 3504; x_wconf 88' lang='grc' dir='ltr'><em>ὡς</em></span> <span class='ocrx_word' id='word_1_296' title='bbox 1181 3429 1306 3515; x_wconf 79' lang='grc' dir='ltr'><em>βέβηλοι</em></span> 
     </span>
     <span class='ocr_line' id='line_1_30' title="bbox 111 3539 1306 3628; baseline 0 -24"><span class='ocrx_word' id='word_1_297' title='bbox 111 3545 192 3627; x_wconf 85' lang='grc' dir='ltr'><em>ἐχειν</em></span> <span class='ocrx_word' id='word_1_298' title='bbox 218 3541 392 3628; x_wconf 79' lang='grc' dir='ltr'><em>ὀφείλομεν·</em></span> <span class='ocrx_word' id='word_1_299' title='bbox 415 3549 465 3603; x_wconf 89' lang='grc' dir='ltr'><em>καί</em></span> <span class='ocrx_word' id='word_1_300' title='bbox 488 3551 550 3613; x_wconf 89' lang='grc' dir='ltr'><em>τοῖς</em></span> <span class='ocrx_word' id='word_1_301' title='bbox 576 3544 637 3604; x_wconf 89' lang='grc' dir='ltr'><em>ἀπό</em></span> <span class='ocrx_word' id='word_1_302' title='bbox 664 3541 783 3613; x_wconf 89' lang='grc' dir='ltr'><em>πλάνης</em></span> <span class='ocrx_word' id='word_1_303' title='bbox 806 3548 856 3604; x_wconf 85' lang='grc' dir='ltr'><em>καί</em></span> <span class='ocrx_word' id='word_1_304' title='bbox 879 3545 942 3604; x_wconf 83' lang='grc' dir='ltr'><em>ἀπὸ</em></span> <span class='ocrx_word' id='word_1_305' title='bbox 966 3539 1188 3626; x_wconf 86' lang='grc' dir='ltr'><em>στρεβλότητος</em></span> <span class='ocrx_word' id='word_1_306' title='bbox 1211 3542 1306 3624; x_wconf 92' lang='grc' dir='ltr'><em>ἐρχο·</em></span> 
     </span>
     <span class='ocr_line' id='line_1_31' title="bbox 109 3645 1352 3733; baseline -0.002 -23"><span class='ocrx_word' id='word_1_307' title='bbox 109 3653 212 3731; x_wconf 89' lang='grc' dir='ltr'><em>μένοις</em></span> <span class='ocrx_word' id='word_1_308' title='bbox 238 3651 400 3733; x_wconf 92' lang='grc' dir='ltr'><em>ἐπίγνωσιν</em></span> <span class='ocrx_word' id='word_1_309' title='bbox 424 3660 479 3720; x_wconf 88' lang='grc' dir='ltr'><em>τῆς</em></span> <span class='ocrx_word' id='word_1_310' title='bbox 513 3648 668 3721; x_wconf 70' lang='grc' dir='ltr'><em>ἀληθινῆς</em></span> <span class='ocrx_word' id='word_1_311' title='bbox 692 3655 742 3714; x_wconf 87' lang='grc' dir='ltr'><em>καί</em></span> <span class='ocrx_word' id='word_1_312' title='bbox 764 3648 1012 3720; x_wconf 85' lang='grc' dir='ltr'><em>ἐκκλησιαστικῆς</em></span> <span class='ocrx_word' id='word_1_313' title='bbox 1034 3649 1165 3718; x_wconf 88' lang='grc' dir='ltr'><em>πίστεως</em></span> <span class='ocrx_word' id='word_1_314' title='bbox 1190 3645 1306 3718; x_wconf 87' lang='grc' dir='ltr'><em>δοῦναι,</em></span> <span class='ocrx_word' id='word_1_315' title='bbox 1324 3669 1352 3709; x_wconf 86' lang='grc' dir='ltr'><em>ου</em></span> 
     </span>
     <span class='ocr_line' id='line_1_32' title="bbox 109 3752 1306 3842; baseline 0 -24"><span class='ocrx_word' id='word_1_316' title='bbox 109 3752 187 3820; x_wconf 67' lang='grc' dir='ltr'><em>καθ’</em></span> <span class='ocrx_word' id='word_1_317' title='bbox 197 3755 266 3820; x_wconf 81' lang='grc' dir='ltr'><em>ὅλου</em></span> <span class='ocrx_word' id='word_1_318' title='bbox 278 3756 373 3828; x_wconf 68' lang='grc' dir='ltr'><em>θείας</em></span> <span class='ocrx_word' id='word_1_319' title='bbox 386 3754 548 3838; x_wconf 86' lang='grc' dir='ltr'><em>δυνάμεως</em></span> <span class='ocrx_word' id='word_1_320' title='bbox 556 3763 732 3842; x_wconf 88' lang='grc' dir='ltr'><em>μυστῆριον,</em></span> <span class='ocrx_word' id='word_1_321' title='bbox 740 3760 885 3834; x_wconf 64' lang='grc' dir='ltr'><em>ἑνότητός</em></span> <span class='ocrx_word' id='word_1_322' title='bbox 894 3779 927 3820; x_wconf 93' lang='grc' dir='ltr'><em>τι</em></span> <span class='ocrx_word' id='word_1_323' title='bbox 942 3764 992 3819; x_wconf 87' lang='grc' dir='ltr'><em>καί</em></span> <span class='ocrx_word' id='word_1_324' title='bbox 1001 3757 1132 3826; x_wconf 88' lang='grc' dir='ltr'><em>πίστεως</em></span> <span class='ocrx_word' id='word_1_325' title='bbox 1140 3754 1306 3826; x_wconf 67' lang='grc' dir='ltr'><em>ἀληθείας.</em></span> 
     </span>
    </p>
   </div>
   <div class='ocr_carea' id='block_1_5' title="bbox 108 3893 1309 4591">
    <p class='ocr_par' dir='ltr' id='par_1_5' title="bbox 108 3893 1309 4591">
     <span class='ocr_line' id='line_1_33' title="bbox 192 3893 1306 3941; baseline -0.002 -6"><span class='ocrx_word' id='word_1_326' title='bbox 192 3898 202 3935; x_wconf 99' lang='grc'>1</span> <span class='ocrx_word' id='word_1_327' title='bbox 217 3896 254 3937; x_wconf 84' lang='grc' dir='ltr'><em>κοί</em></span> <span class='ocrx_word' id='word_1_328' title='bbox 269 3897 360 3937; x_wconf 64' lang='lat' dir='ltr'><em>videtur</em></span> <span class='ocrx_word' id='word_1_329' title='bbox 373 3896 486 3936; x_wconf 74' lang='grc' dir='ltr'><em>εόῦιίεεοι</em></span> <span class='ocrx_word' id='word_1_330' title='bbox 503 3897 573 3936; x_wconf 71' lang='lat' dir='ltr'>codex</span> <span class='ocrx_word' id='word_1_331' title='bbox 584 3897 606 3934; x_wconf 76' lang='grc'><em>11</em></span> <span class='ocrx_word' id='word_1_332' title='bbox 616 3897 658 3936; x_wconf 75' lang='lat' dir='ltr'><em>hoe</em></span> <span class='ocrx_word' id='word_1_333' title='bbox 672 3899 721 3936; x_wconf 82' lang='grc' dir='ltr'><em>Ιοοο</em></span> <span class='ocrx_word' id='word_1_334' title='bbox 737 3899 804 3936; x_wconf 83' lang='grc' dir='ltr'><em>Ιεεοε.</em></span> <span class='ocrx_word' id='word_1_335' title='bbox 822 3915 848 3926; x_wconf 84' lang='lat'><em>-</em></span> <span class='ocrx_word' id='word_1_336' title='bbox 862 3895 924 3941; x_wconf 80' lang='grc' dir='ltr'><em>κενὸς</em></span> <span class='ocrx_word' id='word_1_337' title='bbox 933 3907 959 3936; x_wconf 79' lang='grc' dir='ltr'><em>τυ</em></span> <span class='ocrx_word' id='word_1_338' title='bbox 968 3897 994 3936; x_wconf 87' lang='grc' dir='ltr'><em>Ρ.</em></span> <span class='ocrx_word' id='word_1_339' title='bbox 1006 3917 1031 3926; x_wconf 88' lang='grc'><strong>-</strong></span> <span class='ocrx_word' id='word_1_340' title='bbox 1047 3897 1060 3935; x_wconf 77' lang='grc' dir='ltr'><em>Ρ</em></span> <span class='ocrx_word' id='word_1_341' title='bbox 1073 3893 1147 3936; x_wconf 66' lang='lat' dir='ltr'><em>lavit.</em></span> <span class='ocrx_word' id='word_1_342' title='bbox 1159 3895 1197 3936; x_wconf 82' lang='grc' dir='ltr'><em>ιίι</em></span> <span class='ocrx_word' id='word_1_343' title='bbox 1208 3895 1221 3934; x_wconf 75' lang='grc'>1</span> <span class='ocrx_word' id='word_1_344' title='bbox 1232 3905 1260 3934; x_wconf 79' lang='lat' dir='ltr'><em>xx</em></span> <span class='ocrx_word' id='word_1_345' title='bbox 1270 3895 1306 3934; x_wconf 73' lang='grc' dir='ltr'><em>ἐίῖ.</em></span> 
     </span>
     <span class='ocr_line' id='line_1_34' title="bbox 110 3961 1308 4023; baseline 0 -17"><span class='ocrx_word' id='word_1_346' title='bbox 110 3987 136 3997; x_wconf 91' lang='grc'><strong>-</strong></span> <span class='ocrx_word' id='word_1_347' title='bbox 150 3964 190 4023; x_wconf 82' lang='grc' dir='ltr'><em>γάρ</em></span> <span class='ocrx_word' id='word_1_348' title='bbox 206 3961 240 4007; x_wconf 84' lang='grc' dir='ltr'><em>ότι</em></span> <span class='ocrx_word' id='word_1_349' title='bbox 254 3961 313 4021; x_wconf 77' lang='grc' dir='ltr'><em>ἀγιοι</em></span> <span class='ocrx_word' id='word_1_350' title='bbox 327 3965 368 4017; x_wconf 63' lang='lat' dir='ltr'><em>im,</em></span> <span class='ocrx_word' id='word_1_351' title='bbox 383 3965 459 4012; x_wconf 77' lang='grc' dir='ltr'><em>καθὼς</em></span> <span class='ocrx_word' id='word_1_352' title='bbox 472 3968 498 4007; x_wconf 89' lang='grc' dir='ltr'><em>Ρ.</em></span> <span class='ocrx_word' id='word_1_353' title='bbox 510 3989 536 3996; x_wconf 98' lang='grc'>-</span> <span class='ocrx_word' id='word_1_354' title='bbox 551 3969 563 4008; x_wconf 82' lang='grc' dir='ltr'><em>ίί</em></span> <span class='ocrx_word' id='word_1_355' title='bbox 578 3969 614 4009; x_wconf 83' lang='grc' dir='ltr'><em>καί</em></span> <span class='ocrx_word' id='word_1_356' title='bbox 626 3966 680 4009; x_wconf 86' lang='grc' dir='ltr'><em>όίπί</em></span> <span class='ocrx_word' id='word_1_357' title='bbox 695 3970 720 4008; x_wconf 92' lang='grc' dir='ltr'><em>Ρ.</em></span> <span class='ocrx_word' id='word_1_358' title='bbox 733 3989 756 3996; x_wconf 89' lang='grc'>-</span> <span class='ocrx_word' id='word_1_359' title='bbox 771 3965 853 4020; x_wconf 79' lang='grc' dir='ltr'><em>πλάνης</em></span> <span class='ocrx_word' id='word_1_360' title='bbox 863 3969 888 4017; x_wconf 96' lang='grc' dir='ltr'><em>Ρ,</em></span> <span class='ocrx_word' id='word_1_361' title='bbox 904 3969 944 4009; x_wconf 80' lang='grc' dir='ltr'><em>νεά</em></span> <span class='ocrx_word' id='word_1_362' title='bbox 953 3965 1023 4022; x_wconf 73' lang='grc' dir='ltr'><em>πλάνη</em></span> <span class='ocrx_word' id='word_1_363' title='bbox 1034 3968 1070 4017; x_wconf 71' lang='lat' dir='ltr'><em>hg.</em></span> <span class='ocrx_word' id='word_1_364' title='bbox 1084 3989 1108 3997; x_wconf 94' lang='lat'>-</span> <span class='ocrx_word' id='word_1_365' title='bbox 1123 3969 1136 4007; x_wconf 82' lang='grc' dir='ltr'><em>ἐ</em></span> <span class='ocrx_word' id='word_1_366' title='bbox 1150 3963 1215 4010; x_wconf 82' lang='grc' dir='ltr'><em>αίιτδε</em></span> <span class='ocrx_word' id='word_1_367' title='bbox 1228 3967 1265 4014; x_wconf 69' lang='lat' dir='ltr'><em>hg.</em></span> <span class='ocrx_word' id='word_1_368' title='bbox 1281 3985 1308 3996; x_wconf 89' lang='lat'><em>·-</em></span> 
     </span>
     <span class='ocr_line' id='line_1_35' title="bbox 110 4033 1308 4094; baseline -0.002 -15"><span class='ocrx_word' id='word_1_369' title='bbox 110 4035 244 4091; x_wconf 74' lang='grc' dir='ltr'><em>άποδὺτητει</em></span> <span class='ocrx_word' id='word_1_370' title='bbox 266 4033 289 4084; x_wconf 87' lang='grc' dir='ltr'><em>ός</em></span> <span class='ocrx_word' id='word_1_371' title='bbox 303 4049 335 4084; x_wconf 84' lang='grc' dir='ltr'><em>τις</em></span> <span class='ocrx_word' id='word_1_372' title='bbox 348 4041 375 4082; x_wconf 92' lang='grc' dir='ltr'><em>Ρ.</em></span> <span class='ocrx_word' id='word_1_373' title='bbox 391 4059 417 4070; x_wconf 88' lang='lat'><em>-·</em></span> <span class='ocrx_word' id='word_1_374' title='bbox 438 4036 584 4092; x_wconf 75' lang='grc' dir='ltr'><em>ῦπρουέπεει</em></span> <span class='ocrx_word' id='word_1_375' title='bbox 605 4041 630 4080; x_wconf 89' lang='grc' dir='ltr'><em>Ρ.</em></span> <span class='ocrx_word' id='word_1_376' title='bbox 645 4061 672 4070; x_wconf 97' lang='grc'><strong>-</strong></span> <span class='ocrx_word' id='word_1_377' title='bbox 691 4042 704 4080; x_wconf 88' lang='grc'><strong>8</strong></span> <span class='ocrx_word' id='word_1_378' title='bbox 719 4035 820 4094; x_wconf 73' lang='grc' dir='ltr'><em>ῆέυνὴόη</em></span> <span class='ocrx_word' id='word_1_379' title='bbox 835 4040 860 4079; x_wconf 88' lang='grc' dir='ltr'><em>Ρ.</em></span> <span class='ocrx_word' id='word_1_380' title='bbox 876 4059 901 4070; x_wconf 89' lang='grc'>-</span> <span class='ocrx_word' id='word_1_381' title='bbox 916 4041 929 4080; x_wconf 80' lang='grc' dir='ltr'><em>ῦ</em></span> <span class='ocrx_word' id='word_1_382' title='bbox 949 4035 1018 4091; x_wconf 80' lang='grc' dir='ltr'><em>ἢοὺκ</em></span> <span class='ocrx_word' id='word_1_383' title='bbox 1032 4040 1106 4080; x_wconf 71' lang='grc'><em>11.-</em></span> <span class='ocrx_word' id='word_1_384' title='bbox 1124 4035 1226 4092; x_wconf 78' lang='grc' dir='ltr'><em>ῆέυνῆόη</em></span> <span class='ocrx_word' id='word_1_385' title='bbox 1240 4040 1271 4084; x_wconf 86' lang='grc' dir='ltr'><em>Ρ.,</em></span> <span class='ocrx_word' id='word_1_386' title='bbox 1282 4059 1308 4067; x_wconf 92' lang='grc'>-</span> 
     </span>
     <span class='ocr_line' id='line_1_36' title="bbox 109 4107 1306 4162; baseline -0.002 -12"><span class='ocrx_word' id='word_1_387' title='bbox 109 4113 135 4150; x_wconf 84' lang='grc'><em>10</em></span> <span class='ocrx_word' id='word_1_388' title='bbox 149 4107 186 4150; x_wconf 83' lang='grc' dir='ltr'><em>τόν</em></span> <span class='ocrx_word' id='word_1_389' title='bbox 201 4113 227 4149; x_wconf 79' lang='grc' dir='ltr'><em>οῖ</em></span> <span class='ocrx_word' id='word_1_390' title='bbox 239 4115 275 4150; x_wconf 83' lang='grc' dir='ltr'><em>τοι</em></span> <span class='ocrx_word' id='word_1_391' title='bbox 290 4122 349 4151; x_wconf 77' lang='grc' dir='ltr'><em>νοτε.</em></span> <span class='ocrx_word' id='word_1_392' title='bbox 368 4115 388 4151; x_wconf 94' lang='grc'><em>1.</em></span> <span class='ocrx_word' id='word_1_393' title='bbox 400 4131 425 4140; x_wconf 88' lang='grc'>-</span> <span class='ocrx_word' id='word_1_394' title='bbox 441 4115 465 4152; x_wconf 91' lang='grc'><em>11</em></span> <span class='ocrx_word' id='word_1_395' title='bbox 482 4109 529 4156; x_wconf 84' lang='grc' dir='ltr'><em>ίνός</em></span> <span class='ocrx_word' id='word_1_396' title='bbox 543 4109 604 4155; x_wconf 75' lang='grc' dir='ltr'><em>διευς</em></span> <span class='ocrx_word' id='word_1_397' title='bbox 618 4109 659 4152; x_wconf 82' lang='grc' dir='ltr'><em>τοῦ</em></span> <span class='ocrx_word' id='word_1_398' title='bbox 673 4112 699 4151; x_wconf 91' lang='grc' dir='ltr'><em>Ρ.</em></span> <span class='ocrx_word' id='word_1_399' title='bbox 716 4131 741 4140; x_wconf 90' lang='grc'>-</span> <span class='ocrx_word' id='word_1_400' title='bbox 757 4112 783 4151; x_wconf 76' lang='grc'><em>18</em></span> <span class='ocrx_word' id='word_1_401' title='bbox 797 4111 906 4162; x_wconf 81' lang='grc' dir='ltr'><em>τῆςινΡ.</em></span> <span class='ocrx_word' id='word_1_402' title='bbox 922 4131 949 4141; x_wconf 92' lang='lat'><em>-</em></span> <span class='ocrx_word' id='word_1_403' title='bbox 964 4113 990 4150; x_wconf 79' lang='lat' dir='ltr'><em>u</em></span> <span class='ocrx_word' id='word_1_404' title='bbox 1004 4107 1054 4152; x_wconf 83' lang='grc' dir='ltr'><em>οῦδί</em></span> <span class='ocrx_word' id='word_1_405' title='bbox 1069 4112 1094 4151; x_wconf 90' lang='grc' dir='ltr'><em>Ρ.</em></span> <span class='ocrx_word' id='word_1_406' title='bbox 1104 4131 1130 4142; x_wconf 92' lang='lat'><em>·-</em></span> <span class='ocrx_word' id='word_1_407' title='bbox 1146 4112 1172 4152; x_wconf 69' lang='lat'><em>15</em></span> <span class='ocrx_word' id='word_1_408' title='bbox 1186 4108 1270 4150; x_wconf 75' lang='grc' dir='ltr'><em>αίνιτὸν</em></span> <span class='ocrx_word' id='word_1_409' title='bbox 1279 4111 1306 4150; x_wconf 90' lang='grc' dir='ltr'><em>Ρ.</em></span> 
     </span>
     <span class='ocr_line' id='line_1_37' title="bbox 109 4179 1308 4236; baseline -0.001 -14"><span class='ocrx_word' id='word_1_410' title='bbox 109 4203 136 4212; x_wconf 92' lang='grc'>-</span> <span class='ocrx_word' id='word_1_411' title='bbox 154 4179 188 4236; x_wconf 84' lang='grc' dir='ltr'><em>τῷ</em></span> <span class='ocrx_word' id='word_1_412' title='bbox 206 4192 232 4222; x_wconf 79' lang='grc' dir='ltr'><em>ιν</em></span> <span class='ocrx_word' id='word_1_413' title='bbox 252 4181 277 4220; x_wconf 91' lang='grc' dir='ltr'><em>Ρ.</em></span> <span class='ocrx_word' id='word_1_414' title='bbox 302 4203 326 4211; x_wconf 93' lang='lat'><em>-·</em></span> <span class='ocrx_word' id='word_1_415' title='bbox 351 4185 376 4223; x_wconf 74' lang='grc'><em>16</em></span> <span class='ocrx_word' id='word_1_416' title='bbox 396 4180 537 4228; x_wconf 84' lang='grc' dir='ltr'><em>ἀντιπόλλοος</em></span> <span class='ocrx_word' id='word_1_417' title='bbox 558 4185 589 4223; x_wconf 78' lang='lat' dir='ltr'><em>M.</em></span> <span class='ocrx_word' id='word_1_418' title='bbox 610 4203 637 4212; x_wconf 90' lang='lat'><em>—-</em></span> <span class='ocrx_word' id='word_1_419' title='bbox 659 4183 714 4222; x_wconf 73' lang='lat' dir='ltr'><em>Luc.</em></span> <span class='ocrx_word' id='word_1_420' title='bbox 740 4184 762 4222; x_wconf 85' lang='grc' dir='ltr'><em>ιί</em></span> <span class='ocrx_word' id='word_1_421' title='bbox 786 4184 821 4224; x_wconf 75' lang='grc'><em>21.</em></span> <span class='ocrx_word' id='word_1_422' title='bbox 841 4203 869 4212; x_wconf 90' lang='grc'><strong>-</strong></span> <span class='ocrx_word' id='word_1_423' title='bbox 893 4184 926 4222; x_wconf 78' lang='grc'><em>16.</em></span> <span class='ocrx_word' id='word_1_424' title='bbox 954 4184 977 4222; x_wconf 78' lang='grc'><em>17</em></span> <span class='ocrx_word' id='word_1_425' title='bbox 1002 4183 1049 4228; x_wconf 79' lang='grc' dir='ltr'><em>τοῖς</em></span> <span class='ocrx_word' id='word_1_426' title='bbox 1072 4180 1207 4236; x_wconf 79' lang='grc' dir='ltr'><em>εὐαγγελίοις</em></span> <span class='ocrx_word' id='word_1_427' title='bbox 1230 4183 1257 4222; x_wconf 92' lang='grc' dir='ltr'><em>Ρ.</em></span> <span class='ocrx_word' id='word_1_428' title='bbox 1281 4201 1308 4212; x_wconf 89' lang='lat'>-</span> 
     </span>
     <span class='ocr_line' id='line_1_38' title="bbox 110 4249 1307 4310; baseline -0.001 -17"><span class='ocrx_word' id='word_1_429' title='bbox 110 4256 136 4294; x_wconf 72' lang='lat'><em>1⁹</em></span> <span class='ocrx_word' id='word_1_430' title='bbox 148 4253 246 4294; x_wconf 80' lang='grc' dir='ltr'><em>ῖοίιειιιε.</em></span> <span class='ocrx_word' id='word_1_431' title='bbox 263 4255 274 4292; x_wconf 94' lang='grc' dir='ltr'>Ι</span> <span class='ocrx_word' id='word_1_432' title='bbox 290 4255 306 4294; x_wconf 84' lang='grc'><em>11</em></span> <span class='ocrx_word' id='word_1_433' title='bbox 322 4255 347 4294; x_wconf 81' lang='grc'><em>18</em></span> <span class='ocrx_word' id='word_1_434' title='bbox 364 4256 396 4294; x_wconf 85' lang='grc' dir='ltr'><em>ιῦ.</em></span> <span class='ocrx_word' id='word_1_435' title='bbox 408 4275 435 4284; x_wconf 96' lang='grc'><strong>-</strong></span> <span class='ocrx_word' id='word_1_436' title='bbox 449 4250 585 4310; x_wconf 74' lang='grc' dir='ltr'><em>προίγρεψιν</em></span> <span class='ocrx_word' id='word_1_437' title='bbox 599 4255 624 4294; x_wconf 92' lang='grc' dir='ltr'><em>Ρ.</em></span> <span class='ocrx_word' id='word_1_438' title='bbox 635 4275 662 4284; x_wconf 90' lang='grc'>-</span> <span class='ocrx_word' id='word_1_439' title='bbox 677 4249 711 4294; x_wconf 86' lang='grc' dir='ltr'><em>ότι</em></span> <span class='ocrx_word' id='word_1_440' title='bbox 726 4251 738 4293; x_wconf 91' lang='grc' dir='ltr'><em>ό</em></span> <span class='ocrx_word' id='word_1_441' title='bbox 753 4251 800 4294; x_wconf 83' lang='grc' dir='ltr'><em>άντ.</em></span> <span class='ocrx_word' id='word_1_442' title='bbox 815 4255 840 4294; x_wconf 90' lang='grc' dir='ltr'><em>Ρ.</em></span> <span class='ocrx_word' id='word_1_443' title='bbox 859 4274 885 4284; x_wconf 93' lang='grc'>-</span> <span class='ocrx_word' id='word_1_444' title='bbox 898 4256 925 4294; x_wconf 72' lang='grc' dir='ltr'><em>Ρῦ</em></span> <span class='ocrx_word' id='word_1_445' title='bbox 939 4255 975 4296; x_wconf 81' lang='grc' dir='ltr'><em>τοί</em></span> <span class='ocrx_word' id='word_1_446' title='bbox 990 4253 1027 4294; x_wconf 87' lang='grc' dir='ltr'><em>νῦν</em></span> <span class='ocrx_word' id='word_1_447' title='bbox 1042 4251 1065 4294; x_wconf 79' lang='grc' dir='ltr'><em>ῦί</em></span> <span class='ocrx_word' id='word_1_448' title='bbox 1080 4255 1106 4294; x_wconf 94' lang='grc' dir='ltr'><em>Ρ.</em></span> <span class='ocrx_word' id='word_1_449' title='bbox 1117 4273 1144 4285; x_wconf 91' lang='grc'><strong>-</strong></span> <span class='ocrx_word' id='word_1_450' title='bbox 1154 4257 1179 4295; x_wconf 82' lang='grc'><em>11</em></span> <span class='ocrx_word' id='word_1_451' title='bbox 1195 4251 1266 4305; x_wconf 76' lang='grc' dir='ltr'><em>ἡλόον</em></span> <span class='ocrx_word' id='word_1_452' title='bbox 1281 4255 1307 4304; x_wconf 89' lang='grc' dir='ltr'><em>Ρ,</em></span> 
     </span>
     <span class='ocr_line' id='line_1_39' title="bbox 108 4321 1307 4381; baseline 0 -15"><span class='ocrx_word' id='word_1_453' title='bbox 108 4321 312 4377; x_wconf 47' lang='lat' dir='ltr'><em>hwa-‘pub&#39;</em></span> <span class='ocrx_word' id='word_1_454' title='bbox 326 4326 351 4374; x_wconf 82' lang='grc' dir='ltr'><em>Ρ,</em></span> <span class='ocrx_word' id='word_1_455' title='bbox 366 4323 1088 4381; x_wconf 67' lang='grc' dir='ltr'><em>εοιίέξὴς.-Ρ1.81είγάρνόγμῶνπιΡ.-Ρέμεμινὴκηειν</em></span> <span class='ocrx_word' id='word_1_456' title='bbox 1098 4328 1128 4368; x_wconf 72' lang='lat' dir='ltr'><em>M·</em></span> <span class='ocrx_word' id='word_1_457' title='bbox 1141 4347 1166 4356; x_wconf 93' lang='lat'><em>·—</em></span> <span class='ocrx_word' id='word_1_458' title='bbox 1176 4327 1212 4368; x_wconf 70' lang='lat'><em>88.</em></span> <span class='ocrx_word' id='word_1_459' title='bbox 1223 4327 1307 4367; x_wconf 77' lang='grc' dir='ltr'><em>Ρόσυν.</em></span> 
     </span>
     <span class='ocr_line' id='line_1_40' title="bbox 109 4391 1308 4451; baseline -0.001 -14"><span class='ocrx_word' id='word_1_460' title='bbox 109 4394 228 4450; x_wconf 74' lang='grc' dir='ltr'><em>ὀφείλομεν</em></span> <span class='ocrx_word' id='word_1_461' title='bbox 249 4397 285 4436; x_wconf 84' lang='grc' dir='ltr'><em>καί</em></span> <span class='ocrx_word' id='word_1_462' title='bbox 297 4397 356 4436; x_wconf 77' lang='grc' dir='ltr'><em>νοεὶν</em></span> <span class='ocrx_word' id='word_1_463' title='bbox 376 4391 408 4441; x_wconf 80' lang='grc' dir='ltr'><em>ὡς</em></span> <span class='ocrx_word' id='word_1_464' title='bbox 423 4395 444 4438; x_wconf 91' lang='grc' dir='ltr'><em>οί</em></span> <span class='ocrx_word' id='word_1_465' title='bbox 459 4399 484 4436; x_wconf 89' lang='grc' dir='ltr'><em>Ρ.</em></span> <span class='ocrx_word' id='word_1_466' title='bbox 500 4419 526 4428; x_wconf 89' lang='grc'>-</span> <span class='ocrx_word' id='word_1_467' title='bbox 547 4399 574 4438; x_wconf 72' lang='grc'><em>18</em></span> <span class='ocrx_word' id='word_1_468' title='bbox 589 4394 735 4451; x_wconf 77' lang='grc' dir='ltr'><em>όνομεεμίνσι</em></span> <span class='ocrx_word' id='word_1_469' title='bbox 750 4399 780 4437; x_wconf 76' lang='lat' dir='ltr'><em>M.</em></span> <span class='ocrx_word' id='word_1_470' title='bbox 797 4417 823 4428; x_wconf 85' lang='lat'><em>·-</em></span> <span class='ocrx_word' id='word_1_471' title='bbox 838 4399 865 4439; x_wconf 74' lang='lat'><em>25</em></span> <span class='ocrx_word' id='word_1_472' title='bbox 882 4393 952 4443; x_wconf 84' lang='grc' dir='ltr'><em>ἐόντες</em></span> <span class='ocrx_word' id='word_1_473' title='bbox 966 4399 993 4448; x_wconf 90' lang='grc' dir='ltr'><em>Ρ,</em></span> <span class='ocrx_word' id='word_1_474' title='bbox 1009 4400 1049 4439; x_wconf 74' lang='lat' dir='ltr'><em>sed</em></span> <span class='ocrx_word' id='word_1_475' title='bbox 1064 4396 1125 4444; x_wconf 83' lang='grc' dir='ltr'><em>όντις</em></span> <span class='ocrx_word' id='word_1_476' title='bbox 1138 4399 1176 4447; x_wconf 73' lang='grc' dir='ltr'><em>ίις.</em></span> <span class='ocrx_word' id='word_1_477' title='bbox 1188 4419 1214 4427; x_wconf 96' lang='grc'>-</span> <span class='ocrx_word' id='word_1_478' title='bbox 1230 4409 1251 4438; x_wconf 67' lang='grc' dir='ltr'><em>κ</em></span> <span class='ocrx_word' id='word_1_479' title='bbox 1267 4395 1308 4449; x_wconf 71' lang='grc' dir='ltr'><em>τὴν</em></span> 
     </span>
     <span class='ocr_line' id='line_1_41' title="bbox 109 4465 1309 4523; baseline 0.003 -17"><span class='ocrx_word' id='word_1_480' title='bbox 109 4465 169 4516; x_wconf 81' lang='grc' dir='ltr'><em>ἀξίαν</em></span> <span class='ocrx_word' id='word_1_481' title='bbox 180 4467 205 4516; x_wconf 88' lang='grc' dir='ltr'><em>Ρ,</em></span> <span class='ocrx_word' id='word_1_482' title='bbox 215 4469 256 4508; x_wconf 73' lang='lat' dir='ltr'><em>ned</em></span> <span class='ocrx_word' id='word_1_483' title='bbox 270 4475 371 4516; x_wconf 64' lang='grc' dir='ltr'><em>ςειοοο.</em></span> <span class='ocrx_word' id='word_1_484' title='bbox 387 4487 413 4498; x_wconf 90' lang='lat'>-</span> <span class='ocrx_word' id='word_1_485' title='bbox 428 4471 455 4510; x_wconf 67' lang='grc' dir='ltr'><em>Ξῖ</em></span> <span class='ocrx_word' id='word_1_486' title='bbox 468 4467 637 4523; x_wconf 82' lang='grc' dir='ltr'><em>χωρηγοὺμενοι</em></span> <span class='ocrx_word' id='word_1_487' title='bbox 650 4471 680 4509; x_wconf 78' lang='grc' dir='ltr'><em>Μ.</em></span> <span class='ocrx_word' id='word_1_488' title='bbox 697 4489 723 4500; x_wconf 92' lang='grc'>-</span> <span class='ocrx_word' id='word_1_489' title='bbox 737 4471 762 4509; x_wconf 74' lang='grc' dir='ltr'><em>Ρί</em></span> <span class='ocrx_word' id='word_1_490' title='bbox 773 4479 798 4510; x_wconf 90' lang='grc' dir='ltr'><em>τι</em></span> <span class='ocrx_word' id='word_1_491' title='bbox 807 4470 863 4510; x_wconf 80' lang='grc' dir='ltr'><em>ινΡ.</em></span> <span class='ocrx_word' id='word_1_492' title='bbox 875 4491 901 4500; x_wconf 91' lang='lat'>-</span> <span class='ocrx_word' id='word_1_493' title='bbox 911 4471 938 4510; x_wconf 69' lang='lat'><em>20</em></span> <span class='ocrx_word' id='word_1_494' title='bbox 953 4468 994 4512; x_wconf 82' lang='grc' dir='ltr'><em>ἀπό</em></span> <span class='ocrx_word' id='word_1_495' title='bbox 1008 4473 1103 4512; x_wconf 64' lang='lat' dir='ltr'>:lurum</span> <span class='ocrx_word' id='word_1_496' title='bbox 1116 4481 1143 4518; x_wconf 74' lang='grc' dir='ltr'><em>ιν</em></span> <span class='ocrx_word' id='word_1_497' title='bbox 1151 4471 1177 4510; x_wconf 79' lang='grc' dir='ltr'><em>Ρ.</em></span> <span class='ocrx_word' id='word_1_498' title='bbox 1192 4489 1219 4500; x_wconf 90' lang='grc'>-</span> <span class='ocrx_word' id='word_1_499' title='bbox 1230 4470 1260 4511; x_wconf 72' lang='grc' dir='ltr'><em>δῦ</em></span> <span class='ocrx_word' id='word_1_500' title='bbox 1273 4465 1309 4509; x_wconf 78' lang='grc' dir='ltr'><em>ἐκεῖ</em></span> 
     </span>
     <span class='ocr_line' id='line_1_42' title="bbox 110 4533 909 4591; baseline 0.008 -15"><span class='ocrx_word' id='word_1_501' title='bbox 110 4533 191 4591; x_wconf 82' lang='grc' dir='ltr'><em>γνώσει</em></span> <span class='ocrx_word' id='word_1_502' title='bbox 206 4538 231 4586; x_wconf 92' lang='grc' dir='ltr'><em>Ρ,</em></span> <span class='ocrx_word' id='word_1_503' title='bbox 248 4535 362 4591; x_wconf 83' lang='grc' dir='ltr'><em>ἐπίγνωσιν</em></span> <span class='ocrx_word' id='word_1_504' title='bbox 377 4539 442 4579; x_wconf 63' lang='lat' dir='ltr'>etlam</span> <span class='ocrx_word' id='word_1_505' title='bbox 457 4539 494 4588; x_wconf 72' lang='grc' dir='ltr'><em>ἐις.</em></span> <span class='ocrx_word' id='word_1_506' title='bbox 511 4560 536 4570; x_wconf 93' lang='grc'>-</span> <span class='ocrx_word' id='word_1_507' title='bbox 551 4543 575 4580; x_wconf 83' lang='lat'><em>³1</em></span> <span class='ocrx_word' id='word_1_508' title='bbox 591 4545 643 4590; x_wconf 83' lang='grc' dir='ltr'><em>μοεί</em></span> <span class='ocrx_word' id='word_1_509' title='bbox 656 4541 751 4586; x_wconf 82' lang='grc' dir='ltr'><em>πίστεως</em></span> <span class='ocrx_word' id='word_1_510' title='bbox 764 4541 816 4582; x_wconf 65' lang='lat' dir='ltr'>add.</span> <span class='ocrx_word' id='word_1_511' title='bbox 832 4542 869 4582; x_wconf 82' lang='grc' dir='ltr'><em>καί</em></span> <span class='ocrx_word' id='word_1_512' title='bbox 883 4543 909 4582; x_wconf 89' lang='grc' dir='ltr'><em>Ρ.</em></span> 
     </span>
    </p>
   </div>
   <div class='ocr_carea' id='block_1_6' title="bbox 0 0 1584 4976">
    <p class='ocr_par' dir='ltr' id='par_1_6' title="bbox 0 0 1584 4976">
     <span class='ocr_line' id='line_1_43' title="bbox 0 0 1584 4976; baseline 0 4"><span class='ocrx_word' id='word_1_513' title='bbox 0 0 1584 4976; x_wconf 95' lang='lat' dir='ltr'><em> </em></span> 
     </span>
    </p>
   </div>
  </div>
 </body>
</html>
