3052 4974
107 387 128 454 β
146 387 254 438 22-23
1194 396 1235 460 47

110 551 226 616 πάντα
246 547 288 616 τά
305 551 544 636 θυσιαστήρια,
566 547 589 618 δι’
609 549 826 640 ᾠκοδόμησεν
844 551 882 618 ἐν
902 551 971 637 όρει
986 559 1084 618 οίκου
1102 557 1236 638 κυρίου,

111 650 171 718 καὶ
200 656 218 692 *
248 651 287 718 ἐν
304 649 538 740 Ἰερουσαλήμ,
567 651 625 718 καὶ
653 653 809 737 ἐξέβαλεν
838 655 899 734 ἐξω
928 655 985 738 τής
1006 653 1149 730 πόλεως·
1180 652 1237 720 κα1

110 753 322 838 κατώρθωσε
351 751 390 819 τό
420 755 666 839 θυσιαστήριον
695 759 835 840 κυρίου,
875 751 931 820 καὶ
965 753 1149 821 έθνσίασεν
1181 751 1234 822 ἐπ’

112 851 208 940 αὐτῷ
233 858 363 920 θυσίαν
385 858 553 940 σωτηρίου
585 853 641 922 καί
667 856 840 932 αἰνέσεως·
874 853 930 922 καὶ
956 851 1028 925 εἶπε
1050 859 1238 940 Μανασσῆς

112 959 161 1044 τῷ
177 954 288 1044 Ἰούδᾳ
301 960 363 1021 τοῦ
378 957 556 1024 δουλεύειν
573 959 591 996 *
611 961 718 1046 κυρίῳ
733 960 781 1044 τῷ
796 959 868 1045 θεῷ
885 955 1025 1041 Ἰσραήλ.
1072 955 1128 1022 καὶ
1147 955 1236 1022 ἐκοι-
1254 969 1270 1020 5

111 1058 210 1142 μήθη
230 1059 268 1124 έν
291 1058 409 1145 εἰρήνῃ
430 1057 514 1143 μετά
536 1062 605 1124 τοῖν
624 1058 778 1140 πατέρων
799 1055 919 1123 αὐτοῦ·
942 1061 960 1098 *
982 1056 1039 1124 καί
1061 1060 1237 1144 ἐβασίλευ-

114 1179 178 1226 σεν
191 1156 296 1244 Ἀμώς
314 1155 333 1225 ό
349 1159 422 1240 υίὸς
440 1157 547 1227 αὐτοῦ
568 1157 640 1225 ἄντ’
660 1156 776 1242 αὐτοῦ,
799 1156 857 1224 καὶ
880 1159 1016 1246 ἐποίησε
1032 1159 1070 1226 τό
1086 1157 1238 1246 πονηρόν

115 1257 267 1326 ἐντόπιον
294 1264 416 1346 κυρίου
438 1260 523 1327 κατά
546 1262 655 1328 πάντα
677 1259 739 1326 ὅσα
759 1259 894 1344 ἐποίησε
919 1264 1106 1345 Μανασσῆς
1133 1256 1237 1326 όπα-

114 1361 180 1448 τήρ
203 1359 309 1428 αὐτοῦ
331 1365 369 1429 ἐν
391 1361 546 1449 πράτοις,
568 1361 626 1429 καὶ
646 1361 824 1448 παρώξυνε
847 1362 967 1448 κόριον
988 1359 1153 1428 τὸνθεόν
1175 1357 1237 1428 αδ

114 1467 190 1530 τοῦ.
234 1461 420 1550 ήκοόσατε,
450 1465 552 1530 τέκνα
574 1461 706 1550 ποθητά
727 1459 838 1548 ἡμῶν,
872 1461 961 1540 ὅπως
982 1463 1098 1549 κύριος
1124 1460 1238 1540 όθεὸς
1256 1478 1289 1535 10

114 1563 179 1632 τόν
204 1563 355 1644 είδάλοις
382 1563 660 1652 προσαυασχόντα
688 1561 744 1630 καὶ
780 1563 925 1644 πολλοὺς
952 1563 1088 1642 άθάους
1111 1563 1238 1650 φουεά

116 1685 243 1752 σαντα,
273 1667 422 1753 βραχέως
442 1667 730 1753 τιμωρησάμενος,
761 1667 969 1752 μεταγνόντα
985 1665 1236 1752 προσελάβετο,

117 1767 175 1834 καὶ
190 1765 289 1856 άφείς
304 1765 395 1856 αὐτῷ
411 1765 452 1835 τά
470 1769 734 1854 πλημμελήματα
754 1768 958 1854 ἐπέστρεψεν
976 1765 1079 1834 αὐτὸν
1100 1766 1155 1834 ἐπὶ
1176 1766 1239 1854 τήν

116 1874 311 1955 βασιλείαν·
340 1873 358 1910 *
378 1868 419 1936 οὐ
439 1870 546 1956 μόνον
566 1868 632 1956 γάρ
655 1869 774 1956 άφίησι
796 1882 865 1948 τοῖς
884 1874 1124 1956 μετανοοῦσιν,
1153 1865 1239 1934 ἀλλά
1328 1937 1332 1944 ,

65 1985 107 2048 23
121 1971 179 2038 καὶ
201 1975 249 2050 είς
268 1971 331 2057 τήν
352 1974 521 2056 προτέραν
542 1969 640 2051 άξίαν
654 1973 672 2010 *
686 1969 810 2048 αὐτοὺς
833 1971 1002 2055 ἐπανάγει.
1024 1973 1169 2055 Ιμείζων
1191 1973 1239 2036 εί·
1257 1982 1290 2036 11

118 2077 365 2157 δωλολοιτρείας
386 2071 449 2140 οὐκ
471 2078 564 2142 ἔστιν
585 2073 740 2159 ἁμαρτία,
763 2075 810 2150 είς
830 2071 914 2138 θεὸν
935 2073 1000 2159 γάρ
1025 2071 1095 2138 ἐστι
1117 2073 1239 2139 δυσσέ-

117 2179 209 2260 βεια·
237 2173 312 2242 ἀλλ’
335 2175 423 2261 ὅμως
445 2174 502 2242 καί
522 2173 605 2260 αὐτή
629 2173 685 2241 διὰ
706 2179 846 2260 γνησίας
868 2178 1047 2259 μετανοίας
1068 2172 1239 2258 συγκεχω-

119 2301 228 2362 ρηται.
267 2277 329 2344 ἐὰν
351 2278 390 2344 δέ
408 2301 459 2356 τις
482 2276 520 2343 ἐκ
543 2277 758 2363 παρατάξεως
778 2274 969 2362 ἁμαρτάνῃ,
994 2276 1159 2362 πειράζων
1180 2273 1240 2340 τόν

117 2377 204 2445 θεὸν
226 2373 271 2458 οἱς
288 2377 331 2464 μή
355 2379 528 2462 ἐπεξιόντα
542 2389 612 2457 τοῖς
631 2390 808 2465 πονηροῖς,
831 2373 1013 2455 ότοιοῦτος
1031 2374 1155 2464 άφεσιυ
1179 2373 1240 2461 οὐχ

118 2481 202 2563 ἕξει,
226 2475 292 2546 κάν
312 2481 392 2566 λέγῃ
417 2477 497 2567 παρ’
521 2479 739 2568 έαυτῷὌσιά
759 2503 817 2566 μοι
837 2480 983 2565 γένοιτο,
1005 2477 1056 2545 ότι
1075 2479 1239 2565 πορεύσο-
1256 2491 1291 2542 20

118 2605 180 2666 μαι
208 2583 247 2648 έν
270 2586 312 2670 τῇ
338 2581 538 2669 ἀναστροφή
559 2586 617 2668 τής
637 2583 777 2669 καρδίας
797 2605 863 2666 μου
884 2585 943 2668 τής
969 2585 1128 2668 πονηράς.
1169 2604 1241 2647 τοι-

119 2687 219 2762 οῦτος
241 2683 306 2769 γάρ
330 2707 380 2762 τις
406 2683 538 2770 ἐγένετο
560 2688 577 2723 *
592 2681 697 2770 Ἀμοδς
723 2680 742 2749 ό
763 2687 824 2749 τοῦ
846 2687 1017 2769 Μανασσῆ
1038 2683 1127 2760 υἱός·
1157 2680 1241 2768 φησί

119 2783 186 2870 γάρ
212 2779 233 2870 ή
262 2781 376 2874 γραφή
404 2783 471 2852 Καὶ
499 2789 743 2871 παρελογίσατο
764 2783 868 2870 Ἀμιός
896 2784 1057 2871 λογισμόν
1085 2784 1241 2872 παραβά-

120 2903 206 2966 σεως
228 2883 335 2952 κακόν
357 2884 413 2955 καὶ
434 2881 528 2953 εἶπεν
542 2883 578 2952 ‘0
596 2887 704 2974 πατήρ
725 2911 792 2974 μου
812 2889 921 2954 πολλοὶ
942 2886 1180 2974 παρηνόμησεν
1201 2884 1240 2953 ἐκ

188 3025 224 3078 20
241 3028 315 3078 Dent
332 3025 378 3090 29,
399 3027 431 3080 19
444 3023 451 3094 Ι
465 3027 499 3080 23
517 3028 703 3095 apocryphum

121 3163 133 3214 1
153 3152 327 3228 οἰκοδόμησε
344 3163 388 3225 W,
406 3153 596 3231 ιόκοδοόμησεν
614 3181 636 3212 w
652 3163 657 3229 Ι
675 3163 686 3213 1
706 3155 766 3229 δρει
777 3163 811 3227 >
826 3168 873 3229 γτ1
887 3162 892 3226 Ι
908 3162 921 3212 1
941 3159 1012 3227 οίιιῳ
1029 3167 1077 3227 yzt
1090 3160 1095 3228 Ι
1110 3163 1126 3212 2
1143 3157 1240 3212 πάντα

119 3241 157 3298 τά
176 3243 373 3312 θυσιαστήρια
390 3241 426 3298 τά
444 3246 478 3314 -Ι-
495 3255 507 3300 1
527 3247 563 3314 13
581 3238 751 3314 α’νόρθωοεν
769 3265 805 3310 w,
825 3241 1025 3311 καδόρθιοσεν
1042 3263 1061 3297 x
1079 3247 1084 3311 Ι
1104 3247 1120 3299 3
1137 3245 1241 3311 κυρίου

118 3323 1240 3398 >1Ι3ἐδοοινν13έπ’πγτ1ένιτ14αότὸγτ1,ιοοιι1Ι4αίνέσειοςιια1

119 3408 261 3482 σωτήριον
278 3433 302 3466 w
317 3417 322 3482 Ι
338 3417 354 3466 4
373 3410 454 3468 εἶπεν
467 3433 502 3482 xy
517 3417 521 3481 Ι
536 3415 647 3483 ότιβ-Ι·
666 3415 709 3478 wl
728 3409 1020 3484 5.(1έκοιμήδησαντ
1036 3415 1041 3482 Ι
1056 3414 1134 3468 final
1147 3409 1240 3487 ἐτάφη

121 3493 154 3552 ἐν
176 3494 259 3568 νήπια
281 3490 333 3564 όζοῖ
354 3500 388 3568 -Ι-
410 3518 434 3550 w
461 3501 465 3568 Ι
491 3501 506 3550 7
531 3491 612 3568 άμάν
633 3507 680 3568 yzt
704 3501 708 3568 Ι
734 3503 749 3550 7
773 3492 839 3552 άντ’
862 3491 952 3552 αότοό
970 3519 993 3550 w
1017 3493 1181 3570 εα1οἎμι1ς
1200 3504 1205 3569 Ι
1225 3503 1240 3556 7

121 3577 259 3652 ἐποίησεν
276 3601 293 3636 x
318 3581 324 3654 Ι
349 3584 366 3633 8
385 3577 534 3638 ἐνόπιονπ
561 3591 565 3648 Ι
592 3587 608 3636 8
627 3581 791 3652 έποίησενπ
810 3591 815 3648 Ι
834 3585 851 3637 9
869 3579 1066 3652 παράξυνενι
1085 3587 1090 3654 Ι
1111 3587 1144 3638 10
1160 3580 1242 3657 ἡμῶν

120 3662 240 3738 ποδητά
258 3685 282 3718 w
298 3669 302 3734 Ι
320 3669 352 3720 10
369 3669 427 3728 τοῖς
445 3669 489 3735 w}
506 3670 538 3721 10
555 3663 653 3736 κόριος
670 3671 704 3734 >
722 3669 764 3736 w!
783 3671 810 3720 11
830 3664 880 3722 τόν
897 3689 983 3738 wxyz,
1001 3673 1035 3736 >
1053 3674 1086 3738 11
1107 3675 1139 3725 12
1157 3690 1241 3740 μετα-

120 3747 234 3822 γνόντα
252 3771 276 3804 w
302 3751 307 3820 Ι
335 3753 367 3806 13
384 3745 565 3822 (ἐπέστρεψεν
582 3773 615 3820 yz
636 3755 640 3824 Ι
664 3755 695 3807 13
713 3748 869 3822 ἒπὶωπγπ,
892 3753 959 3822 περ1
977 3763 1002 3819 1,
1026 3749 1058 3810 ἐν
1084 3747 1181 3819 ἄλλοις
1200 3753 1242 3820 είς

121 3856 218 3906 margo
231 3845 242 3890 1
257 3841 262 3902 Ι
278 3838 310 3889 14
322 3829 412 3890 αότοῦ
423 3839 457 3907 -Ι-
474 3857 507 3906 yz
522 3843 527 3901 Ι
544 3841 576 3891 14
594 3831 714 3906 άφείησι
732 3857 765 3903 w,
784 3831 907 3907 άφίησιν
919 3860 936 3893 x
952 3845 956 3902 Ι
972 3842 1004 3892 14
1022 3841 1193 3910 μετανοοόσι
1207 3843 1241 3894 W

123 3925 127 3988 Ι
155 3922 187 3973 15
204 3914 271 3982 νοός
289 3921 322 3992 -Ι-
339 3940 375 3988 xy
395 3922 400 3990 Ι
420 3923 509 3976 1316
527 3920 748 3991 είδωλολατρίας
766 3941 823 3992 wyz
843 3926 848 3990 Ι
871 3926 901 3976 16
920 3918 978 3978 έστι
995 3935 1080 3992 wyzt,
1105 3919 1181 3980 ἐστιν
1199 3946 1215 3980 x
1235 3927 1240 3996 Ι

123 4007 155 4058 17
173 3995 248 4073 αὔτη
266 4023 283 4058 x
298 4009 302 4072 Ι
321 4008 350 4058 18
368 3999 490 4076 άμάρτει
507 4026 531 4058 w
547 4009 551 4076 Ι
569 4009 653 4061 1319
671 4003 712 4070 είς
730 4004 804 4062 θεὸν
821 4005 963 4076 πειράζων
979 4013 1021 4072 W,
1040 4007 1182 4079 πειράζων
1200 4007 1242 4071 είς

121 4085 199 4144 θεόν
215 4109 239 4144 w
254 4091 259 4156 Ι
276 4089 308 4142 19
326 4085 482 4157 ἐπαξίοντα
500 4111 514 4144 π
530 4095 535 4158 Ι
550 4094 584 4146 20
602 4089 651 4161 ἔξη
665 4100 676 4144 1
690 4095 695 4159 Ι
710 4093 743 4144 29
760 4089 834 4161 λέγει
853 4113 894 4146 wx
910 4095 914 4160 Ι
929 4097 962 4146 22
980 4089 1035 4163 γάρ
1050 4104 1114 4163 th,
1133 4088 1171 4163 δή
1182 4112 1215 4160 yz
1234 4093 1240 4162 Ι

121 4179 155 4228 22
173 4174 223 4228 καὶ
241 4175 275 4243 -Ι-
292 4183 339 4242 γτ1
353 4179 357 4244 Ι
373 4181 406 4228 22
424 4169 506 4246 άμοδν
522 4178 589 4247 γι1Ι
608 4179 641 4229 22
660 4177 749 4246 φησὶν
767 4195 795 4240 x,
815 4175 889 4247 λέγει
906 4197 940 4245 yz
956 4181 961 4247 Ι
975 4181 1009 4234 23
1027 4173 1240 4247 παρελογήσατο

122 4279 147 4310 w
162 4261 168 4328 Ι
186 4259 220 4313 23
238 4251 320 4328 άμιόν
336 4268 383 4326 yzt
398 4261 403 4327 Ι
418 4263 450 4313 24
469 4255 532 4314 εἷπε
551 4281 574 4314 w
589 4259 595 4332 Ι
610 4265 642 4314 24
660 4257 750 4316 πολλά
768 4265 803 4329 >
820 4281 856 4322 ιι,
882 4266 925 4317 bis
943 4283 960 4315 x
980 4264 985 4330 Ι
1003 4267 1037 4315 24
1054 4260 1240 4332 παρηνόμησε

121 4345 184 4409 Wt,
207 4338 391 4412 παρενόμησε
409 4363 441 4412 γι
458 4349 462 4412 Ι
478 4349 509 4397 24
522 4366 549 4413 p.
562 4349 630 4413 48,1
652 4341 682 4401 ἐκ
701 4343 833 4416 νεότητος
852 4357 915 4401 ante
935 4342 1025 4400 πολλά
1043 4351 1076 4399 24
1093 4354 1140 4416 yzt
