2994 4972
71 392 179 458 τΙ-2
992 461 998 470 ,
1156 403 1197 465 97

71 554 196 640 ὀλίγον
216 557 342 643 χρόνον
364 556 430 624 σῦν
449 562 497 646 τῷ
514 557 614 646 άνῦρλ
637 559 805 644 ποιήσασα
820 560 877 626 καλ
898 559 1119 646 ἀποβαλοῦσα
1134 562 1197 628 αύ-

71 657 136 724 τῦν
164 659 223 724 διά
254 661 412 743 τελευτῆς
435 656 459 743 ῆ
485 658 533 724 δι’
561 659 717 746 ἀφορμῆς
740 685 832 738 τινος
858 660 987 747 ἑτέρας,
1014 661 1071 730 καλ
1098 669 1197 751 μείνῃ

72 759 133 844 ἐφ’
163 761 286 845 ἑαυτῆς
313 762 426 846 θύραν
460 764 584 846 ἔχουσα
612 767 761 848 χηρείας,
791 767 939 850 μακαρία
965 760 1195 851 εὑρεθήσεται,

70 859 282 946 ὁμοιωθεῖσα
315 862 356 949 τῆ
387 861 426 930 ἐν
456 868 653 949 Σαρεφθοῖς
686 867 827 952 σιῦωνίᾳ
859 866 961 954 χήρᾳ,
994 867 1078 950 πρὸς
1102 862 1147 952 ῆν
1179 865 1197 932 ὁ

70 963 170 1049 ἅγιος
205 971 223 1010 *
258 963 432 1050 προφήτης
457 961 570 1042 Ἠλίας
599 966 759 1052 ἐξενώθη.
810 963 830 1052 ῆ
865 969 1001 1053 τοιαύτη
1036 968 1230 1054 ἑξομοιω-5

69 1065 219 1149 θήσεται
240 1064 348 1152 Ἀννη
374 1069 417 1151 τῆ
439 1067 587 1153 θυγατρὶ
613 1066 775 1152 Φανουήλ
800 1072 844 1154 τῆ
873 1068 911 1134 ἐκ
941 1073 1052 1156 φυλῆς
1085 1069 1196 1156 Ἀσήρ,

69 1163 93 1250 ῆ
116 1166 184 1232 οὐκ
207 1165 373 1250 ἀφίστατο
391 1172 453 1234 τοῦ
476 1169 569 1255 ίεροῦ
583 1169 718 1251 νύκτωρ
737 1167 794 1236 καλ
806 1168 886 1253 μεθ’
905 1167 1035 1257 ἡμέραν
1049 1173 1196 1259 προσμέ-

70 1287 185 1334 νουσα
217 1281 291 1346 ταῖς
312 1269 447 1355 δεήσεσι
469 1269 526 1336 καὶ
556 1281 627 1348 ταῖς
649 1283 867 1357 προσευχαῖς,
903 1263 988 1339 ούσα
1014 1275 1078 1358 μὲν
1110 1274 1197 1341 ἐτοῖν

70 1367 287 1454 ὀγδοήκοντα
298 1375 326 1454 *,
343 1371 468 1455 ζήσασα
483 1373 520 1437 δὲ
536 1370 650 1456 μετὰ*
667 1369 792 1459 ἀνδρὸς
804 1373 842 1439 ἐκ
858 1375 916 1459 τῆς
932 1380 1120 1462 παρθενίας
1133 1375 1196 1442 αύ-

70 1475 132 1556 τῆς
160 1476 218 1557 ἐτη
250 1471 348 1556 ἑπτά,
372 1475 390 1512 *
409 1473 468 1540 καλ
488 1473 550 1558 τῆν
572 1477 633 1539 τοῦ
653 1479 792 1560 χριστοῦ
809 1475 978 1555 θοξάσασα
1004 1482 1196 1561 παρουσίαν
1217 1497 1247 1548 10

70 1572 351 1658 ἀνθωμολογεῖτο
379 1579 426 1660 τῷ
450 1579 557 1662 κυρίῳ
580 1574 636 1641 καὶ
658 1575 770 1642 ἐλάλει
792 1577 870 1663 περὶ
895 1574 1000 1642 αὐτοῦ
1021 1583 1104 1645 πᾶσι
1126 1591 1196 1656 τοῖς

71 1677 358 1760 προσδεχομένοις
373 1675 542 1762 λύτρωσιν
554 1677 594 1743 ἐν
601 1675 833 1763 Ἱερονσαλῆμ·
852 1676 873 1764 ῆ
889 1679 1053 1765 *τοιαύτη
1067 1679 1195 1766 μαρτύ-

71 1802 154 1863 ριον
171 1781 326 1862 λαβοῦσα
345 1777 582 1863 τιμηθήσεται,
603 1781 700 1856 κλέος
721 1783 844 1864 ἔχουσα
866 1782 924 1846 καὶ
947 1778 1002 1847 ἐπὶ
1023 1785 1085 1868 γῆς
1105 1782 1195 1869 παρά

70 1878 274 1966 ἀνθρώποις
289 1879 345 1946 καὶ
357 1880 448 1964 παρὰ
460 1884 533 1970 θεῷ
554 1881 593 1948 ἐν
610 1879 769 1964 ούρανοῖς
784 1880 844 1948 τὸν
859 1881 1000 1948 αίιύνιον
1013 1886 1163 1950 ἔπαινον.
1188 1887 1193 1968 Ι

38 1982 111 2050 M
128 1981 168 2047 δὲ
197 1981 359 2068 νεώτεραι
383 1985 482 2068 χῆραι
502 1986 549 2060 είς
573 1983 714 2070 χηρικὸν
739 1985 802 2068 μὲν
828 1982 873 2069 μῆ
902 1983 1193 2071 ἐντασσέσθωσαν,
1215 2003 1246 2056 15

69 2084 204 2168 μήποτε
225 2085 394 2170 προφάσει
417 2089 479 2150 τοῦ
499 2086 543 2170 μῆ
566 2086 736 2152 δύνασθαι
758 2098 895 2173 κρατεῖν
922 2088 979 2172 τῆς
1006 2085 1113 2173 άιιμῆς
1141 2088 1195 2156 ἐπὶ

70 2187 343 2272 ῦευτερογαμίαν
356 2186 520 2254 ἐλθοῦσαι
532 2187 576 2253 ἐν,
589 2188 759 2274 πράγματι
771 2190 788 2228 *
800 2190 978 2272 γένωνται,
1004 2190 1195 2275 ἐπικουρεί-

70 2294 219 2354 σθωσαν
247 2287 362 2353 δὲκαὶ
389 2291 667 2373 βοηθείσθασαν,
697 2291 755 2355 ἴνα
782 2287 827 2374 μῆ
850 2291 1020 2375 προφάσει
1040 2287 1101 2356 τοῦ
1126 2295 1195 2358 λεί-

71 2396 203 2456 πεσθαι
230 2387 286 2456 ε’πλ
313 2390 579 2475 ὃευτερογαμίαν
607 2391 770 2456 ἐλθοῦσαι
794 2390 833 2456 ἐν
859 2390 1028 2477 πράγματι
1051 2390 1198 2474 ἀπρεπεῖ

71 2491 274 2576 ἐνσχεθῦσι.
319 2495 376 2558 καὶ
398 2495 497 2558 τοῦτο
513 2491 577 2579 γάρ
600 2493 724 2558 εἰδέναι
741 2490 910 2577 ὀφείλετε,
932 2491 983 2558 ὄτι
1003 2499 1192 2580 μονογαμία
1209 2512 1244 2564 20

69 2595 136 2677 μὲν
153 2591 240 2660 κατά
262 2593 368 2678 νόμον
383 2594 542 2678 γινομένη
565 2595 698 2677 δικαία,
722 2591 766 2670 αλς
781 2589 825 2659 άν
846 2593 931 2660 κατὰ
952 2595 1092 2681 γνύμην
1107 2600 1195 2662 θεοῦ

69 2693 292 2782 ὑπάρχουσα,
334 2696 473 2780 θιγαμία
499 2696 537 2762 δὲ
565 2695 648 2781 μετά
677 2694 881 2779 ἐπαγγελίαν
913 2697 1194 2783 παράνομον,ού

69 2796 129 2863 διά
151 2796 216 2882 τῆν
236 2798 427 2883 συνάφεια-υ
448 2795 534 2863 άλλά
558 2796 614 2863 διὰ
635 2795 673 2863 τὸ
689 2799 830 2880 ψεῦδος,
853 2803 1010 2884 τριγαμία
1027 2801 1065 2866 θέ
1087 2799 1194 2887 άκρα-

69 2902 148 2976 σίας
169 2907 327 2984 σημεῖον,
350 2899 389 2966 τὸ
409 2900 447 2965 δὲ
464 2894 551 2982 ῦπλρ
570 2897 632 2984 τῆν
653 2903 833 2985 τρνγαμίαν
855 2899 1032 2986 προφανῆς
1053 2908 1194 2984 πορνεῖα

70 3002 130 3066 καλ
153 2999 310 3084 άσέλγεια
340 2998 583 3087 άναμφίβολος.
629 2998 647 3066 ὁ
673 3000 738 3088 γάρ
766 3001 847 3079 θεὸς
872 3005 956 3085 μίαν
974 3013 1122 3085 γυναῖκα
1142 3002 1193 3068 ἑνὶ
1210 3019 1251 3071 25Δ
1341 3082 1346 3092 1
1414 3066 1418 3074 ,

70 3101 175 3187 άνθρλ
204 3103 353 3169 ῦέῦωκεν
372 3103 412 3170 ἐν
433 3107 474 3190 τῆ
497 3104 714 3190 δημιουργίᾳ·
738 3107 872 3170 ἔσονται
893 3101 1042 3186 γάρ*οί
1059 3102 1123 3167 δύο
1146 3109 1192 3180 εἰς

70 3205 184 3290 σάρκα
204 3209 294 3289 μίαν.
340 3207 517 3292 νεωτέραις
538 3206 575 3271 δὲ
599 3203 681 3290 μετά
702 3204 765 3289 τῆν
786 3208 848 3271 τοῦ
870 3205 1007 3286 πρώτον
1031 3203 1193 3291 τελευτῆν

140 3411 158 3464 6
176 3414 235 3464 Luc
253 3415 283 3476 2,
302 3411 344 3465 36.
358 3413 390 3466 37
406 3410 410 3480 Ι
425 3411 459 3464 26
477 3413 536 3464 Gen
554 3415 583 3478 2,
603 3415 636 3464 24

73 3601 85 3650 1
106 3590 312 3667 α’κόβαλλοῦσα
330 3616 353 3650 w
371 3602 377 3664 Ι
397 3599 413 3652 3
431 3597 533 3666 χηρίας
550 3600 587 3662 xl
607 3601 624 3649 4
641 3591 825 3667 ύμοιωθεῖσα
843 3615 859 3648 x
875 3598 911 3662 Ι4
930 3599 1097 3664 σαραφθοῖς
1115 3597 1192 3652 caeo-

71 3683 123 3736 νιά
139 3701 174 3750 yz
187 3685 195 3748 -Ι
212 3685 228 3734 5
246 3683 296 3736 τοῦ
314 3684 391 3736 θεοῦ
407 3684 440 3751 -Ι-
457 3691 505 3750 yzt
524 3687 529 3750 Ι
549 3684 565 3734 5
583 3676 741 3750 ἐξεναγίθη
759 3700 792 3746 w,
812 3676 978 3749 ἐπεξενάθη
997 3701 1047 3748 xyz
1063 3685 1067 3748 Ι
1083 3685 1099 3736 6
1116 3674 1193 3736 άννα

71 3787 89 3820 x
104 3771 109 3832 Ι
124 3769 141 3820 θ
158 3763 252 3835 άοσῆρ
269 3785 295 3832 x,
314 3760 396 3833 άσείρ
412 3786 446 3834 γε
463 3771 467 3832 Ι
482 3767 538 3820 7.8
555 3763 754 3835 noowivovw
771 3785 785 3820 ι
801 3771 805 3833 Ι
825 3767 842 3817 8
860 3761 992 3836 δεήσεσιν
1009 3767 1078 3835 11111
1095 3767 1193 3821 τεσσά-

71 3871 129 3918 ρνκ
146 3853 182 3920 -Ι-
200 3860 212 3904 t
227 3853 263 3919 Ιθ
281 3853 332 3906 τοῦ
348 3854 382 3921 -Ι-
398 3870 431 3921 yz
452 3853 456 3916 Ι
478 3852 510 3903 10
528 3848 569 3905 ἐτι
587 3871 611 3904 w
627 3856 630 3917 Ι
649 3853 680 3903 10
698 3843 770 3918 αῦτη
788 3852 822 3919 -Ι-
839 3869 872 3918 γε
889 3853 894 3916 Ι
916 3853 944 3903 11
963 3843 1192 3920 α’νθομολογεῖτο

71 3937 134 4006 πιΙ
153 3939 182 3989 11
203 3938 292 3990 πᾶσιν
309 3957 327 3990 x
342 3940 346 3990 Ι
365 3940 394 3990 12
412 3937 591 4002 προσδοκῶσι
608 3939 674 4004 μτῖΙ
693 3938 723 3987 12
741 3931 915 4005 λερονσαλῆμ
934 3955 985 4000 wx,
1006 3930 1107 4004 λσραῆλ
1119 3943 1167 4002 yzt
1187 3938 1192 4005 Ι

72 4024 104 4073 12
122 4010 177 4074 οῦν
193 4021 229 4088 -Ι-
245 4037 280 4088 yz
295 4020 300 4089 Ι
317 4021 348 4074 13
367 4015 414 4075 ἐπὶ
432 4022 484 4090 γῆς
502 4030 564 4090 post
581 4013 750 4088 άνθρύποις
769 4023 801 4074 14
818 4029 864 4090 yzt
884 4022 888 4090 Ι
912 4024 942 4074 15
961 4017 1003 4082 είς
1019 4022 1053 4086 >
1072 4037 1086 4072 τ
1105 4024 1133 4071 in
1152 4022 1192 4072 la·

71 4124 145 4160 eum
163 4109 246 4158 trium
264 4109 406 4159 literarum
426 4111 525 4175 capaci
546 4109 550 4177 Ι
579 4108 610 4158 15
628 4100 861 4160 ἐνταττέσθωσαν
879 4125 903 4158 w
930 4107 934 4171 Ι
963 4107 993 4157 17
1012 4097 1047 4157 σύ
1064 4105 1142 4156 καλοῦ
1158 4103 1192 4169 -Ι-

70 4211 105 4258 yz
124 4195 129 4258 Ι
152 4194 183 4243 17
202 4187 336 4258 γίνονται
354 4209 377 4242 w
398 4191 403 4260 Ι
425 4193 464 4244 17.
484 4191 516 4242 18
534 4184 799 4260 ἐπικουρείσθασαν
873 4191 907 4242 20
925 4183 1082 4256 ἐνσχεθῦσι
1098 4189 1165 4252 >τ
1187 4185 1191 4254 Ι

69 4279 104 4330 20
123 4269 302 4346 ἐνσχεθεῖσιν
319 4296 337 4328 x
356 4275 361 4346 Ι
381 4277 414 4328 20
431 4271 486 4343 γάρ
504 4284 572 4340 th,
593 4271 625 4328 δὲ
642 4294 677 4343 γε
696 4275 701 4344 Ι
725 4280 758 4328 22
776 4268 965 4342 ὑπάρχουσαν
981 4291 1005 4323 w
1024 4272 1029 4342 Ι
1054 4273 1088 4325 23
1105 4265 1192 4324 σονά-
1322 4347 1327 4358 .

69 4381 145 4432 φιαν
163 4381 206 4414 wx
226 4359 231 4432 Ι
251 4364 285 4414 24
303 4355 335 4414 δ’
351 4363 417 4430 γτῖΙ
436 4361 471 4414 26
489 4359 597 4414 δέδωκε
614 4363 650 4412 W
669 4361 674 4428 Ι
697 4361 731 4413 26
749 4361 792 4428 φῆ
808 4359 842 4427 «Ι-
860 4375 885 4410 w

970 4449 989 4514 7
