2998 4972
98 445 116 494 ο
133 425 236 478 28-31
1156 429 1218 494 267

96 600 243 678 δαρσιν,
275 591 332 657 καλ
355 594 470 657 ἔλαιον
489 591 551 656 τοῦ
574 591 730 674 ίλαρῠναι
758 589 942 677 πρόσωπον
960 593 1007 666 είς
1028 587 1220 675 ἀγαλλίαμα

98 693 330 784 εὐφροσύνης·
361 690 461 768 αὐτός
488 690 632 757 καλοῦν
660 692 716 758 διά
740 696 802 759 τοῦ
829 696 967 778 χριστοῦ
991 709 1056 758 σου
1078 688 1220 776 ἀμίασον

97 795 134 862 τό
147 795 243 880 ὕδωρ
257 799 356 862 τοῦτο
374 793 432 860 καὶ
446 791 485 859 τό
503 795 618 860 ἐλαιου
631 793 684 859 ἐπ’
702 792 840 878 ὀνόματι
854 794 916 860 τοῦ
930 796 1220 878 προσκομίσαιπος

96 895 118 983 ἢ
138 903 200 982 τῆς
222 895 495 983 προσκομισάσης
512 897 541 979 *,
565 895 622 961 καί
639 893 697 974 δός
714 897 731 936 *
753 895 901 980 δύναμιν
917 891 1031 980 ὑγείας
1048 895 1220 982 ἐμποιητι-

97 999 175 1085 τήν,
198 997 312 1065 νόσων
327 994 565 1082 ἀπελαστικήυ,
588 997 760 1082 δαιμόνων
780 996 1046 1083 φυγαδεντικήν,
1072 1005 1089 1042 *
1112 997 1253 1083 πάσηςο

98 1101 283 1186 ἐπιβουλῆς
303 1099 501 1184 διωκτικήν·
525 1099 581 1166 διά
604 1103 742 1184 χριστοῦ
754 1092 820 1183 ’τῆς
844 1100 978 1178 ἐλπίδος
996 1097 1110 1186 ημῶν,
1138 1099 1218 1185 μεθ’

96 1194 138 1270 οὗ
148 1219 205 1269 σοι
217 1203 310 1284 δόξα,
323 1199 400 1286 τιμὴ
412 1201 469 1266 καὶ
484 1201 584 1286 σέβας
596 1200 651 1266 καὶ
662 1205 709 1288 τῷ
719 1197 803 1289 ἀμίω
815 1197 980 1286 πνεύματι
992 1204 1039 1279 είς
1049 1199 1127 1280 τοάς
1138 1205 1219 1269 αίῶ-

51 1319 87 1379 29
96 1329 175 1382 νας·
202 1301 304 1389 ἀμήν.
335 1311 339 1392 1
373 1299 513 1379 όαάτός
534 1301 611 1386 περὶ
636 1300 797 1387 ἀπαρχῶν
819 1303 876 1368 καὶ
897 1303 1049 1370 δεκατῶν
1066 1307 1114 1370 ἐτι
1134 1327 1219 1392 προ-

96 1405 245 1488 στάσσω,
270 1409 383 1471 πᾶσαν
405 1399 561 1489 ἀπαρχήν
587 1407 871 1489 προσκομίζεσθαι
899 1407 947 1494 τῷ
970 1406 1141 1494 έπισκόιιμ
1163 1407 1220 1474 καλ

102 1521 174 1585 τοῖς
195 1507 437 1592 πρεσβυτέροις
459 1505 604 1584 καὶτοῖς
626 1507 797 1585 διακόνοις
817 1510 863 1584 είς
883 1505 1073 1594 διατροφὴν
1094 1506 1218 1594 αὐτῶν,
1239 1525 1271 1577 10

95 1615 213 1676 πᾶσαν
233 1610 272 1675 δέ
295 1609 441 1694 δεκάτην
456 1610 709 1692 προσφέρεσθαι
729 1612 775 1686 είς
796 1606 985 1694 διατροφην
1000 1614 1070 1676 τῶν
1090 1615 1220 1678 λοιπῶν

96 1715 271 1798 πληρικῶν
300 1711 355 1776 καὶ
383 1713 451 1778 τῶν
478 1711 661 1796 παρθένων
688 1709 745 1776 καλ
771 1715 841 1776 τῶν
862 1715 976 1796 χηρῶν
1002 1712 1153 1778 καὶτῶν
1180 1713 1220 1780 ἐν

96 1819 199 1901 πενίᾳ
221 1813 478 1897 ἐξεταζομένων·
508 1813 545 1878 αί
563 1810 628 1898 γάρ
654 1809 801 1897 ἀπαρχαί
821 1817 891 1879 τῶν
914 1815 1031 1898 ίερέωυ
1053 1814 1140 1880 είσὶν
1163 1813 1220 1882 καί

49 1930 86 1992 30
97 1921 166 1982 τῶν
188 1913 303 1991 αὐτοῖς
324 1915 644 1999 ἐξυπηρετουμέυων
670 1914 849 1982 διακόνων.
871 1925 876 2002 η
897 1912 915 1981 ὁ
935 1913 1036 1993 αάτδς
1057 1916 1134 2001 περὶ
1159 1939 1219 1983 πα

97 2017 335 2104 ρισσευμάτων
356 2019 373 2058 *
399 2014 466 2093 Τάς
487 2017 753 2101 περισσευοόσας
775 2017 814 2084 ἐν
835 2029 905 2096 τοῖς
926 2031 1100 2102 μυστικοῖς
1121 2017 1219 2086 εάλο-
1240 2035 1270 2087 15

95 2125 172 2205 μίας
195 2118 281 2185 κατά
308 2119 448 2204 μνῶμηυ
470 2123 532 2184 τοῦ
559 2118 746 2186 ἐπισκόπου
772 2115 806 2204 ἢ
823 2123 892 2186 τῶν
918 2122 1158 2207 πρεσβυτέρων
1188 2122 1230 2188 οί

95 2223 254 2287 διάκονοι
279 2221 529 2305 διανεμέτωσαν
550 2225 598 2308 τῷ
618 2221 749 2309 κλήρῳ,
775 2226 823 2309 τῷ
846 2222 1017 2310 ἐπισκόπςο
1039 2224 1123 2310 μέρη
1145 2224 1218 2291 τέσ-

95 2341 203 2411 σαρα,
235 2323 452 2408 πρεσβυτέρῳ
473 2325 556 2408 μέρη
583 2326 675 2408 τρία,
706 2322 853 2410 διακόνῳ
873 2325 957 2409 μέρη
984 2324 1064 2408 δύο,
1094 2337 1164 2403 τοῖς
1181 2327 1219 2393 δέ

93 2424 222 2508 ἀλλοις,
246 2420 525 2509 ὑποδιακόυοιςῆ
546 2423 777 2508 ἀναγνῶσταις
800 2419 821 2508 ἢ
842 2420 1024 2510 υάλταιςῆ
1046 2427 1219 2493 διακονία-

94 2545 189 2612 σαις,
220 2529 320 2613 μέρος
342 2526 396 2592 ἐν·
424 2530 523 2592 τοῦτο
549 2526 614 2611 γάρ
641 2523 746 2592 καλὸν
772 2525 829 2592 καλ
855 2524 1046 2593 ἀπόδεκτον
1071 2529 1219 2596 έυῶπιον
1236 2545 1270 2597 ²0

94 2633 158 2696 τοῦ
178 2632 284 2712 θεοῦ,
307 2629 450 2696 ἕκαστον
471 2633 634 2714 τιμᾶσθαι
651 2626 738 2695 κατά
765 2626 829 2713 την
851 2626 956 2694 αὐτοῦ
977 2625 1091 2710 ἀξίαν·
1115 2628 1219 2717 ἦμάρ

96 2731 261 2818 ἐκκλησία
286 2727 348 2797 οὐκ
380 2729 531 2814 ἀταξίας,
564 2729 640 2796 ἀλλ’
676 2729 827 2810 εὐταξίας
862 2731 934 2798 ἐστὶ
969 2733 1218 2800 διδασκαλεῖον.

47 2839 101 2922 311
127 2831 222 2918 κάμῶ
245 2835 383 2910 Παῦλος
403 2829 423 2899 ό
448 2833 517 2899 τῶν
542 2831 741 2899 ἀποστόλων
771 2833 944 2919 ἐλάχιστος
971 2833 1053 2902 τάδε
1081 2835 1215 2902 διατάσ-

94 2954 200 3022 σομαι
221 2931 302 3021 ὑμῖν
321 2947 391 3012 τοῖς
413 2935 609 3012 ἐπισκόποις
628 2933 685 3000 καὶ
703 2937 944 3022 πρεσβυτέροις
965 2936 1043 3020 περί
1064 2937 1220 3004 κανόνων

98 3041 148 3105 Ol
167 3037 308 3125 πρῶτος
328 3037 526 3120 προσιόντες
539 3041 587 3126 τῷ
607 3041 779 3125 μυστηρίῳ
801 3041 859 3121 τῆς
880 3035 1051 3122 εὐσεβείας
1071 3036 1129 3104 διά
1151 3043 1219 3107 τῶν
1236 3055 1270 3110 25

96 3141 270 3206 διακόνων
298 3141 588 3225 προσαμέσδωσαυ
613 3143 661 3227 τῷ
688 3139 858 3227 ἐπισκόπμ
885 3135 908 3224 ἢ
934 3152 1005 3217 τοῖς
1032 3142 1218 3227 πρεσβυτί-

97 3265 171 3328 ροις
200 3241 257 3308 καί
283 3241 342 3321 τάς
371 3245 477 3319 αίτίας
505 3241 790 3324 ἐξεταζίσδωσαν,
824 3231 867 3307 οὖ
893 3241 993 3326 χάριν
1020 3243 1219 3330 προσῆλθον

95 3349 144 3435 τῷ
159 3349 312 3433 κυριακηῶ
332 3345 437 3434 λόγῳ,
460 3345 545 3410 οἵτε
565 3343 848 3428 προσενεμκόντες
868 3348 1145 3430 μαρτυρείτωσαν
1157 3343 1220 3412 αό-

96 3459 178 3528 τοτς,
201 3445 452 3533 άπριβῶσαυτες
470 3444 510 3512 τά
530 3444 605 3512 κατ’
628 3443 760 3523 αὐτούς.
807 3445 1075 3526 έξεταζέσθωσαν
1095 3449 1133 3514 δέ
1155 3447 1219 3515 αά-

96 3551 167 3616 τῶν
187 3547 245 3615 καί
267 3549 301 3614 οί
319 3548 447 3634 τρόποι,
472 3549 489 3588 *
515 3545 533 3614 ό
554 3551 628 3633 βίος
652 3546 709 3614 καί
735 3551 766 3614 εί
785 3549 905 3615 δοῦλοί
925 3552 1010 3614 είσιν
1033 3544 1054 3634 ἦ
1078 3551 1218 3617 ἐλεόδε-
1236 3568 1270 3622 εο

96 3677 161 3738 ροι.
208 3649 264 3718 καὶ
293 3651 354 3719 ἐάυ
381 3641 404 3740 ἦ
429 3675 479 3728 τις
506 3649 642 3734 δοῦλος,
673 3651 858 3734 έρωτάσδω
885 3653 902 3691 *
931 3648 950 3717 ὁ
977 3651 1093 3738 κύριος
1113 3651 1220 3720 αὐτοῦ

167 3774 343 3840 ουσιαι,
366 3749 643 3842 ιιεοεῑωαω

95 3887 184 3947 Ηιά
252 3907 304 3946 σου
321 3899 351 3944 xt
375 3893 443 3960 ίτοά
461 3899 489 3944 et
506 3907 558 3945 σου
574 3893 609 3957 >
626 3891 667 3960 ι],
690 3893 726 3961 τῇ
748 3886 929 3960 ἐπιφοιτήσει
951 3895 1003 3948 τοῦ
1020 3886 1108 3962 ἀηίου
1128 3890 1215 3949 πνεό-

96 3995 223 4046 ματοςγ
249 3971 483 4046 λεαίνης-Η
502 3975 542 4046 14
561 3969 748 4045 αότσίςψμ
772 3978 776 4044 Ι
801 3969 1049 4047 όάπελατικὴνς
1076 3971 1218 4043 Ιδόικου

97 4058 281 4132 φυλακτικὴν
297 4064 367 4130 †y
393 4063 398 4131 Ι
425 4063 457 4116 13
476 4057 531 4115 είσέ
548 4070 580 4130 yt
606 4061 610 4129 Ι
639 4064 670 4115 15
692 4057 881 4130 διατάσσομαι
899 4063 963 4130 ÷t
988 4064 992 4133 Ι
1020 4065 1053 4114 ²2
1072 4058 1149 4117 ἐστίν
1165 4083 1182 4116 x
1211 4063 1215 4134 Ι

96 4151 131 4201 24
148 4147 215 4214 περλ
233 4144 368 4201 κανόνων
384 4148 418 4212 >
435 4164 459 4198 w
486 4147 491 4211 Ι
517 4150 550 4199 27
568 4143 622 4217 τὴν
638 4144 773 4214 αίτίανγ
793 4149 798 4213 Ι
818 4149 851 4200 28
868 4144 1093 4216 μαρτυρείτωσαν
1109 4165 1127 4200 x
1153 4153 1158 4215 Ι
1184 4151 1218 4202 29

97 4228 224 4298 δλ>νε
251 4235 256 4298 Ι
280 4223 1218 4301 3οκαίμτίοε>πΙδθκαλψγτλδθεηοίγΙδλἐμπίς

95 4333 130 4384 w,
147 4307 168 4384 ἦ
185 4333 229 4378 τις
246 4335 296 4385 xy,
315 4335 358 4380 τις
375 4307 395 4387 ἦ
413 4325 425 4370 t
445 4319 449 4383 Ι
471 4318 503 4370 31
523 4306 558 4370 οὖ
576 4313 716 4371 δεσπότου
734 4316 784 4370 καί
803 4310 856 4370 ἐάν
873 4317 976 4370 πιστοῦ
994 4314 1096 4378 δοῦλος
1113 4306 1133 4389 ἦ
1152 4311 1216 4384 ἐρα-

96 4397 197 4458 τάσθα
213 4401 249 4468 4
264 4411 296 4470 γε
