3128 4972
658 469 870 532 ..53-

165 637 258 700 riam
293 635 393 700 Quod
413 615 547 699 minime
563 657 676 701 verum
697 659 780 717 esso,
803 637 885 702 satis
907 659 1069 722 superque
1086 645 1167 722 puto
1185 637 1370 705 confirmari

166 757 217 836 iis,
235 777 320 840 quae
343 756 442 820 modo
466 757 615 841 exposui.
654 757 765 822 Quare
782 758 855 843 jam
874 757 1038 822 neminem
1059 779 1154 842 spero
1171 768 1369 843 negaturum

167 898 250 956 esse,
275 897 317 940 ex
339 877 403 940 hoo
427 875 559 959 quidem
576 875 704 960 jejunio
728 898 936 962 nequaquam
960 877 1074 961 colligi
1096 899 1204 963 posse,
1226 879 1369 944 Asianos

164 995 346 1060 Dominum
370 995 528 1060 statuisse
557 995 610 1060 die
634 1005 751 1080 quarto
777 998 905 1062 decimo
934 996 1023 1062 oruei
1051 1019 1123 1062 esse
1153 999 1302 1080 affixum.
1328 1037 1367 1048 -

166 1117 220 1180 Ab
245 1137 284 1180 ea
306 1124 417 1180 antem
441 1138 540 1199 quam
563 1137 624 1180 nos
646 1116 877 1202 proposuimus
900 1118 1067 1182 sententia
1093 1139 1160 1182 non
1188 1118 1284 1182 valde
1312 1119 1368 1183 eb·

165 1238 290 1314 horret,
316 1235 405 1319 quod
427 1235 673 1316 Hammeum,
698 1236 863 1316 ersrm',
888 1237 1085 1317 Luuuwuu³,
1103 1237 1276 1302 Wnuuou⁴
1301 1247 1368 1303 sta-

164 1361 314 1434 tuerunt,
331 1353 474 1420 Asianos
491 1356 676 1440 jejunando
700 1379 735 1422 se
755 1377 899 1441 parasse,
916 1365 956 1420 ut
971 1356 1064 1440 digni
1080 1357 1217 1421 ederent
1233 1379 1369 1422 eoenam

165 1475 377 1540 dominicam.
424 1475 490 1540 Sed
513 1476 724 1540 verisimilius
747 1477 828 1540 mihi
852 1475 1000 1555 videtur,
1025 1477 1168 1540 Asianos
1187 1478 1368 1561 jejunando
1428 1507 1437 1516 ·

165 1617 200 1660 se
229 1617 364 1681 parasse
393 1617 458 1659 non
487 1604 557 1660 tam
589 1595 631 1660 ad
663 1597 825 1660 edendam
857 1617 993 1660 eoenam
1024 1595 1240 1675 dominicam,
1271 1619 1369 1681 quam

166 1716 299 1780 omnino
335 1715 378 1780 ad
413 1715 588 1780 sollemnia
623 1716 832 1780 celebranda.
887 1695 1022 1780 Etenim
1057 1715 1173 1799 priscis
1209 1716 1368 1781 eeclesiae

165 1834 371 1920 temporibus
398 1835 560 1900 usitatum
587 1834 707 1916 luisse,
735 1836 777 1900 ad
806 1855 933 1900 saetam
962 1857 1095 1900 eoenam
1121 1835 1304 1920 jejunando
1334 1857 1369 1900 se

46 2015 52 2028 ,
165 1977 291 2040 parare,
315 1956 447 2040 probari
470 1956 526 2019 vix
548 1955 683 2040 poterit.

250 2081 283 2142 4.
307 2077 444 2140 Praeter
463 2075 676 2160 praecipuum
698 2075 782 2138 illud
804 2083 1037 2159 argumentum
1054 2075 1094 2139 ad
1112 2076 1369 2140 confirmandam

166 2195 337 2260 Weitzelii
360 2201 395 2259 et
410 2194 543 2259 Steitzii
561 2194 763 2260 sententiam
786 2194 886 2259 etiam
907 2195 972 2260 alia
992 2195 1152 2278 quaedam
1172 2196 1275 2260 allata
1291 2205 1369 2260 sunt

164 2316 223 2380 illo
247 2314 352 2380 nihilo
375 2315 531 2379 firmiora.
569 2315 744 2378 erzer.³
769 2315 866 2393 enim,
891 2335 988 2398 quem
1012 2316 1153 2378 hisrun⁸
1177 2323 1212 2379 et
1235 2316 1367 2379 S'rurrz'

165 2436 272 2501 secuti
294 2443 384 2514 sunt,
409 2435 555 2520 putavit,
581 2434 833 2498 Tricentium
856 2434 951 2498 illum
977 2457 996 2498 a
1019 2435 1118 2498 Petro
1143 2433 1368 2500 Alexandrino

164 2555 426 2640 impugnatum⁸‚
457 2577 653 2638 quamquam
678 2577 744 2618 uon
767 2553 839 2638 ipso
867 2553 920 2618 die
945 2561 1061 2637 quarto
1091 2553 1218 2618 deuimo
1246 2557 1369 2640 paseha

165 2674 279 2741 haberi
311 2675 492 2752 voluisset,
525 2682 638 2739 tamen
671 2697 690 2738 a
723 2673 1022 2758 quartodecimanis
1057 2695 1128 2738 esse
1164 2674 1366 2758 proiectum

165 2797 277 2881 itaque
308 2817 383 2860 eum
407 2795 482 2879 jure
512 2794 696 2878 meritoque
726 2793 1093 2877 quartodecimanorum
1122 2793 1369 2858 consuetudinis

165 2925 286 2980 testem
311 2937 407 2998 posse
431 2913 591 2980 adhiberi.
632 2917 744 2998 Atque
768 2935 841 2978 eum
865 2914 923 2978 ille
944 2913 1075 2998 quidem
1097 2921 1310 2992 asseveraret,
1333 2935 1368 2978 se

165 3034 247 3100 nihil
264 3057 374 3120 egere,
392 3033 456 3098 nisi
471 3043 510 3098 ut
525 3033 717 3098 memoriam
733 3033 895 3119 passionis
911 3033 1037 3098 Christi
1052 3033 1214 3097 reeoleret
1230 3032 1366 3115 (Chron.

164 3157 280 3240 pasch.
298 3155 327 3234 I,
345 3157 379 3220 l:
397 3151 546 3234 πρόκειται
560 3150 616 3235 γὰρ
631 3151 696 3232 ἡμῖν
710 3148 791 3216 oridia
805 3149 901 3232 ἕτερον
915 3144 932 3230 ἢ
946 3147 995 3230 τὴν
1010 3149 1167 3228 ἀνάμνησιν
1181 3151 1232 3212 τοῦ
1248 3149 1369 3224 πάθους

166 3271 255 3337 αὐτοῦ
278 3277 450 3359 ποιεῖσθαι),
475 3281 627 3359 apertum
650 3295 733 3352 esse,
758 3272 874 3338 mortis
891 3269 1017 3336 Christi
1039 3270 1215 3336 memoriae
1236 3280 1368 3356 quarto·

254 3499 263 3531 ¹
288 3499 482 3571 Galaterbr„
509 3524 538 3581 p.
559 3505 600 3562 92
622 3523 666 3580 sq.
691 3533 732 3544 --
760 3495 860 3559 17407.
882 3495 1027 3569 Jaorlo„
1056 3501 1153 3574 1857,
1179 3522 1207 3580 p.
1229 3505 1301 3562 529.
1327 3533 1368 3544 -

167 3583 391 3657 Paschastreit,
408 3611 437 3668 p.
455 3591 643 3649 298—304.
663 3622 704 3630 —
722 3581 882 3659 Zeitsehru,
902 3587 995 3660 1867,
1015 3609 1043 3666 p.
1062 3589 1133 3660 191,
1149 3593 1213 3646 not.
1231 3591 1259 3647 1.

253 3667 417 3732 'literam
442 3669 624 3742 Ceolralbl„
644 3677 737 3746 1860,
753 3673 810 3732 eol.
828 3675 899 3732 514.

186 3795 193 3804 ·
253 3755 329 3819 'De
344 3761 434 3820 saeris
451 3761 582 3839 paschal.
599 3781 629 3838 p.
647 3762 717 3819 110.

253 3841 264 3874 ⁴
286 3842 411 3922 (iodyel.
430 3841 537 3927 dijdr„
556 3848 649 3919 1861,
669 3867 697 3924 p.
716 3845 766 3904 78.

253 3926 344 3989 ⁵D2'e
363 3927 481 3989 christi.
499 3925 646 4012 Poeaus„
670 3952 699 4009 p.
717 3933 906 3990 251-254.
923 3962 965 3973 -
988 3923 1077 3991 Slrrd.
1097 3949 1128 3986 u.
1146 3923 1250 3996 Krio,
1274 3931 1367 4002 1848,

167 4039 196 4097 p·
214 4019 343 4161 82300
362 4097 485 4160 restro.
504 4098 535 4160 d.
552 4097 608 4161 Eo.
627 4097 705 4159 ancli
720 4096 805 4171 Jol„
823 4124 852 4181 p.
866 4104 938 4162 418.

255 4183 265 4216 ²
283 4183 372 4246 Slus.
390 4207 422 4246 u.
440 4181 540 4257 Kril„
558 4191 652 4261 1856,
669 4210 697 4267 p.
715 4189 776 4249 801
793 4209 836 4267 sq.
853 4220 893 4230 -
912 4186 1050 4265 1857‚.p.
1069 4185 1139 4244 748.
1156 4216 1199 4229 -
1219 4187 1367 4260 Hsuuoo,

168 4268 238 4334 RE.
255 4275 311 4348 XI,
329 4277 399 4334 159.

255 4355 266 4388 ⁸
282 4361 393 4420 chron.
410 4362 512 4439 paseh.
530 4359 576 4418 ed.
592 4361 693 4419 Dmo.
710 4361 736 4435 Ι,
752 4362 855 4418 4-9.
