2994 4972
80 419 102 486 β
122 418 226 470 61-62
1166 425 1207 488 93

79 585 214 668 μόνον,
236 583 313 649 ἀλλ’
338 582 403 668 ἤδη
424 583 480 650 καὶ
502 595 649 669 πομπαῖς
668 581 838 668 Ἑλλήνων
866 586 1058 670 συντρίχεις
1074 585 1132 650 καί
1153 584 1207 651 ἐπὶ

79 685 128 750 τά
141 688 273 770 θέατρα
295 687 427 772 έπείγη,
449 685 661 770 ἐπιθυμήσας
676 675 724 761 εἷς
737 688 806 750 τόν
826 685 1117 769 εἰσπορευομένων
1138 684 1210 750 ἐκεῖ

80 791 291 872 λογισθῆναι
318 786 374 852 καὶ
403 798 580 871 μετασχεῖν
610 786 835 872 ἀκροαμάτων
859 784 1039 870 ἀπρεποίν,
1079 788 1136 852 ἵνα
1162 783 1206 871 μή

79 892 240 974 λέγωμεν
262 889 436 974 μυσαρόν,
458 885 503 973 μιΙ
525 885 681 964 ἀκούσας’
695 891 755 952 τοῦ
775 884 934 971 Ἱερεμίου
955 889 1112 969 λέγοντος
1133 888 1206 954 Κύ-

81 1014 155 1075 ριε,
185 989 251 1056 ούκ
280 989 425 1056 ἐκάθισα
448 988 530 1074 μετά
558 991 743 1072 συνεδρίου
764 984 877 1054 αὐτόν
900 988 1102 1072 παιζόντων,
1129 987 1241 1056 άλλ’5

82 1091 307 1178 εύλαβούμην
334 1091 400 1158 ἀπὸ
424 1089 608 1176 προσώπου
630 1089 740 1176 χειρός
761 1106 841 1154 σον·
876 1089 933 1156 καὶ
960 1093 1021 1156 τοῦ
1039 1089 1112 1174 Ἰάβ
1138 1091 1207 1174 φά-

80 1213 230 1270 σκοντος
258 1193 298 1260 τά
325 1193 422 1277 όμοια
450 1196 495 1258 Ec
521 1194 558 1258 δὲ
587 1190 643 1256 καὶ
672 1190 754 1275 μετὰ
781 1195 987 1273 γελοιαστῶν
1014 1191 1207 1277 ἐπορεύθην

82 1297 183 1361 ποτέ·
208 1296 348 1380 έσταμαι
361 1294 427 1381 γάρ
449 1295 490 1360 ἐν
510 1298 598 1382 ζυγῷ
612 1295 742 1380 όιιιαίω.
786 1300 819 1358 τί
836 1293 875 1358 δὲ
894 1292 1010 1376 βούλει
1030 1306 1207 1378 μετασχεῖν

81 1402 155 1464 τῶν
191 1399 382 1482 ἑλληνικάν
412 1401 558 1480 λογίων,
593 1395 703 1461 ὄντων
731 1397 868 1473 ’νεκράν
901 1393 1099 1481 ἀνθρώπων
1126 1399 1142 1436 *
1171 1399 1205 1474 ἐξ

83 1499 268 1576 ἐπιπνοίας
300 1497 463 1584 διαβόλου
494 1496 767 1582 ἀποφανθέντων
794 1501 812 1540 *
843 1495 1026 1579 νεκροποιά
1060 1497 1117 1562 καί
1147 1501 1204 1563 πί·
1226 1518 1256 1569 10

81 1619 191 1678 στεως
224 1600 450 1683 ἀνατρεπτικά
482 1599 540 1666 καὶ
573 1597 656 1686 πρὸς
694 1599 884 1664 πολυθεΐαν
918 1597 1092 1682 ἀπάγοντα
1128 1596 1214 1676 τοός

81 1703 360 1788 προσανέχοντας
384 1699 512 1779 αύτοῑςς
544 1697 639 1785 ὑμεῖς
663 1689 741 1782 οὖν,
766 1700 1022 1783 *σχολάζοντες
1053 1708 1123 1776 τοῖς
1145 1701 1207 1766 τοῦ

80 1809 173 1870 θεοῦ
201 1805 334 1889 νόμοις,
366 1805 422 1871 καί
450 1809 519 1870 τάν
545 1805 715 1887 βιωτικῶν
750 1805 874 1886 χρειῶν
905 1801 1047 1879 τούτους
1066 1798 1205 1887 ἡγεῖσθε

82 1908 321 1992 τιμιωτέρους,
342 1910 409 1991 καί,
432 1911 571 1973 πλείονα
586 1902 685 1989 τιμὴν
706 1905 863 1987 νέμοντες
883 1893 1042 1989 αὐτοῖς*
1064 1905 1205 1992 συντρέ-
1307 1915 1310 1922 ’

82 2031 159 2092 χετε
185 2011 234 2086 είς
261 2007 323 2094 τιΙν
345 2008 528 2094 ἐκκλησίαν
555 2011 617 2073 τοῦ
640 2009 779 2088 κυρίου,
812 2001 857 2088 ἢν
877 2007 1136 2092 περιεποιήσατο
1157 2011 1205 2094 τῷ
1226 2031 1255 2083 15

83 2113 204 2194 αἳματι
221 2113 283 2176 τού
298 2113 438 2196 χριστοῦ
456 2114 518 2176 τοῦ
530 2107 764 2194 ἠγαπημένον,
784 2112 845 2172 τοῦ
864 2109 1079 2193 πρωτοτόκου
1096 2109 1205 2194 πάσης

83 2199 238 2290 κτίσεως.
283 2211 367 2299 αὕτη
385 2211 450 2297 γάρ
466 2213 623 2296 θυγάτηρ
646 2209 716 2276 ἐστὶ
738 2213 799 2275 τοῦ
813 2208 957 2289 ὑψίστου
973 2209 993 2296 ἡ
1009 2209 1203 2296 ω’όινήσασα

82 2313 175 2398 ὑμᾶς
202 2314 259 2379 &aaz
286 2319 349 2380 τοῦ
374 2313 478 2399 λόγον
504 2317 562 2398 τῆς
589 2312 724 2398 χάριτος
749 2311 805 2376 καὶ
829 2312 1038 2397 μορφώσασα
1065 2312 1104 2377 έν
1123 2310 1204 2396 ὑμῖν

82 2415 148 2482 τόν
162 2417 318 2501 χριστόν,
342 2409 384 2482 οὖ
398 2417 528 2501 μέτοχοι
549 2413 725 2499 γενόμενοι
742 2412 814 2497 ίερά
836 2414 918 2498 μέλη
934 2412 1008 2480 ἐστὲ
1032 2413 1088 2478 καὶ
1108 2413 1202 2480 ἐκλε-

83 2519 167 2602 κτά,
195 2517 240 2603 μὴ
263 2523 382 2603 έχοντα
410 2521 533 2583 σπίλον
556 2511 579 2600 ἢ
600 2515 721 2600 όυτίόα
741 2513 809 2599 ἥτι
826 2518 895 2581 τόν
916 2514 1100 2599 τοιούτων,
1123 2514 1203 2582 ἀλλ’
1222 2541 1256 2594 20

83 2617 133 2696 σός
153 2620 245 2706 ἅγιοι
264 2619 320 2686 καί
341 2619 472 2705 ἄμωμοι
492 2619 530 2685 έν
551 2622 661 2684 πίστει
681 2617 929 2702 τετελειωμένοι
952 2616 1090 2684 έστὲέν
1115 2617 1206 2708 αὐτῷ

38 2732 73 2792 62
84 2720 163 2788 κατ’
190 2723 305 2788 είκόνα
332 2727 394 2787 τοῦ
422 2725 597 2797 κτίσαντος
626 2716 712 2803 ὑμᾶς
737 2722 832 2786 θεοῦ.
864 2721 868 2807 Ι
896 2721 1115 2805 φυλάσσεσθε
1142 2711 1206 2787 οὖν

83 2827 149 2888 τοῦ
177 2824 222 2908 μή
252 2825 469 2909 συσχολάζειν
491 2835 560 2899 τοῖς
590 2820 850 2906 ἀπολλυμένοις,
880 2821 898 2887 ὅ
924 2822 994 2888 ἐστι
1026 2823 1204 2908 συναγωγή

84 2927 205 2992 έθνιόν
218 2929 264 3003 είς
276 2924 408 3011 ἀπάτην
420 2924 476 2992 καί
491 2921 678 2990 ἀπύλειαν·
696 2921 834 3008 ούόεμία
851 2923 916 3010 γάρ
933 2931 1093 2990 κοινιινία
1106 2931 1123 2970 *
1134 2930 1205 3011 θεῷ

83 3027 173 3112 πρός
198 3027 375 3112 διάβολον·
421 3025 525 3114 ὁγὰρ
554 3025 859 3111 σννωθροιζόμενος
880 3025 963 3111 μετά
990 3031 1059 3090 τοῖν
1082 3025 1121 3090 τά
1144 3031 1206 3091 τού
1222 3051 1256 3100 25

155 3169 174 3218 4
189 3169 303 3220 Hierem
322 3167 366 3230 15,
381 3168 412 3219 17
428 3168 432 3231 Ι
447 3168 462 3216 7
480 3167 528 3218 Iob
545 3165 591 3228 31,
604 3165 658 3216 56
673 3167 678 3230 Ι
696 3166 726 3216 15
741 3168 794 3218 Act
808 3165 853 3230 20,
869 3162 921 3231 281
940 3166 1083 3218 111001οε3
1104 3167 1130 3231 l,
1149 3167 1179 3218 15
1199 3163 1204 3234 Ι

155 3252 190 3302 20
205 3253 298 3318 Ephes
313 3255 338 3316 5,
353 3254 386 3302 27
406 3253 411 3317 Ι
430 3255 464 3304 24
483 3252 536 3304 Cor
548 3250 565 3316 β
577 3251 605 3314 6,
624 3251 652 3300 11

81 3373 100 3422 2
121 3363 300 3438 έπιθυμίσας
317 3387 342 3420 w
367 3374 372 3437 Ι
398 3368 551 3439 λλέγομεν
570 3387 591 3418 w
616 3371 621 3433 Ι
645 3371 662 3419 4
685 3383 742 3436 μνσ
759 3367 816 3434 ράν
832 3371 882 3434 W,
907 3385 977 3436 quae
1001 3377 1100 3438 quarta
1122 3371 1206 3424 litera

84 3459 174 3508 fuerit
197 3473 252 3508 non
276 3458 392 3523 expedio
419 3457 424 3520 Ι
449 3457 618 3522 4ϊηρεμίου
635 3471 651 3504 x
672 3457 676 3516 Ι
696 3456 712 3504 5
730 3447 801 3519 μετά
820 3455 973 3520 συνεδρίου
990 3473 1046 3522 wx,
1071 3450 1103 3508 έν
1126 3470 1206 3508 συνε-

85 3541 162 3606 δρίω
178 3548 227 3607 yzt
246 3544 250 3606 Ι
270 3543 286 3591 5
304 3534 447 3604 πιεζόντων
462 3557 476 3591 κ
497 3542 502 3606 Ι
520 3541 538 3591 ό
555 3533 645 3605 ίακοόβ
660 3541 711 3590 W?
730 3541 736 3604 Ι
755 3539 779 3590 5.
794 3540 809 3588 7
828 3533 971 3604 φάσκοτος
989 3557 1013 3592 w
1029 3542 1065 3604 Ι8
1082 3535 1206 3610 ἱστάμην

83 3634 97 3676 t
118 3629 123 3692 Ι
142 3627 160 3676 8
179 3624 284 3676 δικαίω
301 3628 407 3691 nyzt,
428 3624 550 3678 δικαίων
567 3643 589 3674 w
605 3625 641 3686 Ι8
659 3617 747 3690 βοόλη
766 3629 803 3674 wt
817 3625 822 3688 Ι
837 3623 854 3674 9
871 3624 927 3676 τόν
942 3626 977 3689 >
993 3643 1027 3690 γε
1048 3631 1051 3691 Ι
1072 3625 1089 3676 9
1105 3624 1154 3678 κοιλ
1172 3628 1207 3692 -Ι-

84 3727 121 3775 yz
139 3711 144 3776 Ι
165 3711 199 3762 10
216 3699 303 3762 άτινά
322 3706 395 3763 εἰσιν
411 3710 445 3777 ιΙ·
462 3727 495 3776 γε
516 3712 520 3773 Ι
544 3709 574 3760 10
592 3709 760 3774 νεκροποισίι
778 3712 820 3772 w!
840 3711 868 3760 12
887 3705 1078 3778 προσέχοντας
1094 3729 1128 3776 γε
1149 3713 1153 3776 Ι
1174 3713 1206 3762 12

85 3789 153 3855 τοὺς
170 3796 206 3863 -Ι-
223 3796 267 3859 w!
285 3796 315 3846 12
333 3787 523 3862 σχολάζοντας
541 3811 564 3843 w
579 3796 584 3860 Ι
601 3793 632 3844 13
651 3791 700 3845 καὶ
716 3794 750 3857 >
767 3811 801 3859 yz
817 3797 821 3858 Ι
839 3796 869 3844 14
887 3796 987 3847 πλεῖον
1004 3812 1031 3855 x,
1048 3797 1206 3862 πλείωναγ

88 3887 92 3947 Ι
120 3882 152 3931 14
169 3877 222 3930 καί
238 3879 273 3944 -Ι-
292 3883 313 3931 Υ
333 3880 338 3946 Ι
358 3881 398 3930 14.
420 3879 449 3931 15
468 3875 650 3945 συντρέχειαι
668 3895 692 3928 w
718 3878 723 3944 Ι
752 3880 782 3929 15
799 3878 903 3944 κυρίου
920 3886 997 3944 xyzt,
1017 3881 1092 3931 θεοῦ
1108 3883 1153 3945 τιΙ
1175 3884 1205 3932 15

84 3959 317 4031 περιεποιήσατο
334 3981 358 4012 w
378 3965 383 4028 Ι
405 3965 436 4015 15
454 3963 492 4014 τά
510 3970 582 4029 xyzt,
601 3959 632 4014 τό
651 3979 675 4012 w
695 3963 699 4026 Ι
720 3962 751 4013 17
770 3958 843 4030 αὐτὴ
862 3981 885 4014 w
905 3969 910 4025 Ι
933 3965 962 4015 17
981 3957 1057 4017 lam
1073 3983 1091 4015 x
1111 3967 1115 4029 Ι
1138 3967 1167 4016 17
1185 3959 1204 4032 ἡ

84 4051 120 4112 >
137 4051 177 4100 Υτ
193 4051 198 4113 Ι
216 4049 247 4098 18
266 4049 303 4099 fin
319 4041 391 4116 ἡμῖν
407 4054 439 4100 xt
457 4048 462 4111 1
482 4049 516 4099 20
534 4049 642 4115 σπήλον
660 4065 684 4098 w
699 4047 705 4116 Ι
724 4048 757 4098 20
776 4043 880 4116 βατίδα
900 4048 934 4119 τΙ
949 4050 980 4099 21
1000 4045 1170 4115 τελειομένοι
1190 4065 1204 4098 τ

88 4135 92 4200 Ι
116 4135 151 4184 22
169 4133 247 4185 θεοῦ
264 4139 327 4200 post
345 4129 443 4188 εἰκόνα
462 4151 499 4201 ω,
517 4135 584 4197 >x
609 4135 613 4192 Ι
638 4135 670 4186 22
689 4129 855 4200 φυλάσισθε
874 4151 910 4198 w,
939 4129 1073 4199 φυλάσθε
1090 4136 1125 4194 Υ,
1150 4149 1204 4198 φν-

86 4214 247 4272 λάσσεσθαι
267 4221 297 4285 1Ι
312 4219 345 4272 23
363 4208 379 4271 ό
451 4221 485 4271 24
503 4210 600 4270 έθνοῑν
618 4235 658 4269 wx
679 4213 769 4285 [ἐστιν
779 4219 821 4286 χΙ,
840 4215 968 4290 τουτέστι
986 4209 1078 4286 [τοῦτ’
1095 4211 1160 4284 ἔστη
1175 4217 1202 4286 z]

85 4303 121 4371 τῆ
138 4303 197 4356 τάν
215 4297 313 4358 έθνεόν
330 4304 482 4372 συναγωγῇ
498 4321 532 4370 γε
552 4303 557 4372 Ι
576 4306 608 4355 21
628 4303 701 4369 φιιτλ
718 4300 790 4369 πρὸς
807 4300 906 4364 σκότος
923 4301 974 4355 καί
991 4304 1024 4367 -Ι-
1041 4319 1065 4351 w
1080 4301 1085 4369 Ι
1105 4305 1138 4351 25
1154 4296 1207 4370 γάρ

86 4398 150 4454 τιτι,
170 4376 225 4441 οάν
241 4407 275 4456 γε
291 4391 296 4456 Ι
311 4392 344 4441 25
363 4385 396 4442 τά
413 4391 480 4456 >τ
