3128 4972
646 459 860 521 ..35-

149 639 227 704 dam
249 639 384 707 fuisse¹.
431 641 513 706 Erat
536 641 640 727 igitur
663 644 764 710 etiam
789 643 1052 710 occidentalibus
1078 641 1112 707 rb
1140 643 1240 726 πάσχα
1269 648 1355 712 cele·

149 759 276 840 bratio,
303 783 368 845 qua
390 761 628 847 redemptionis
655 785 715 848 per
742 785 856 829 verum
885 772 1036 830 nostrum
1065 787 1186 850 agnum
1216 769 1355 851 paseha·

150 879 217 944 lem
239 888 375 966 paratae
398 881 524 966 gratias
547 891 687 968 agentes
710 907 837 950 sacram
861 885 939 950 novi
962 884 1104 950 foederis
1134 907 1269 951 coenam
1297 887 1353 952 ad·

150 999 397 1066 ministrabant.
453 1005 566 1088 Atque
598 1005 663 1070 hoc
693 1027 758 1069 unc
791 1027 903 1070 eorum
940 1004 1120 1070 celebratio
1156 1006 1197 1071 ab
1230 1004 1355 1071 Asiana

150 1119 336 1200 differebat,
362 1122 449 1206 quod
473 1144 545 1189 eam
569 1145 635 1188 non
656 1123 790 1209 pristini
812 1124 981 1210 paschatis
999 1125 1052 1190 die
1071 1126 1131 1191 sed
1150 1148 1188 1191 eo
1207 1125 1260 1191 die
1277 1147 1355 1212 age-

150 1240 249 1320 bant,
279 1263 344 1326 quo
368 1242 502 1308 omnino
523 1243 678 1308 universa
703 1243 843 1310 ecclesia
872 1243 1062 1310 memoriam
1086 1245 1221 1311 Domini
1248 1247 1355 1311 nostri

149 1368 301 1446 repetere
323 1363 460 1448 ejusque
483 1385 621 1428 coenam
643 1365 810 1430 celebrare
834 1365 975 1444 solebat,
1000 1365 1022 1429 i.
1045 1387 1074 1430 e.
1099 1365 1152 1430 die
1176 1365 1351 1432 dominica.

150 1481 271 1566 Itaque
300 1484 423 1567 pascha
445 1506 540 1548 suum
569 1506 634 1549 non
662 1484 734 1570 ipso
764 1492 881 1570 quarto
912 1484 1040 1550 decimo
1069 1485 1122 1550 die
1149 1486 1209 1550 sed
1236 1507 1274 1550 ea
1301 1485 1354 1551 die

150 1600 317 1668 dominica
355 1603 584 1684 celebrabant,
628 1626 712 1689 quae
749 1613 904 1689 quartum
940 1604 1104 1669 decimum
1142 1606 1354 1690 sequebatur.

151 1721 216 1787 Hic
244 1723 331 1789 enim
354 1723 488 1788 Domini
511 1723 617 1789 nostri
639 1725 889 1790 resurrectionis
913 1725 982 1790 dies
1010 1747 1117 1809 neque
1146 1724 1203 1789 ille
1226 1723 1356 1790 Judaioi

152 1843 322 1926 paschatis
353 1843 474 1928 dignus
506 1843 546 1909 iis
580 1845 772 1925 videbatur,
808 1868 873 1930 quo
911 1868 1033 1938 novum
1070 1847 1194 1931 paseha
1216 1852 1355 1929 agerent

151 1961 382 2028 christianum.
418 2001 460 2012 —-
492 1965 591 2029 Quod
619 1965 648 2028 si
675 1973 765 2031 recte
786 1965 1026 2049 judicavimus,
1059 1965 1222 2050 sequitur,
1256 1966 1355 2051 hujus

150 2081 217 2146 diei
241 2082 499 2149 celebrationem
526 2084 621 2149 initio
645 2107 711 2150 non
733 2085 863 2171 proprie
885 2107 946 2150 neo
969 2085 1143 2171 praecipuo¹
1166 2085 1356 2150 institutam

151 2223 224 2266 esse
252 2201 287 2266 in
314 2204 506 2270 memoriam
532 2205 782 2270 resurrectionis
806 2206 930 2271 Christi
938 2232 947 2285 3
978 2206 1052 2286 sed,
1083 2213 1121 2270 ut
1149 2205 1237 2290 apud
1260 2204 1357 2268 Asia·

151 2343 229 2401 nos,
262 2322 296 2386 in
328 2325 517 2391 memoriam
550 2325 662 2411 potius
693 2326 929 2413 redemptionis
960 2325 1075 2412 ipsius.
1125 2325 1224 2391 Quod
1257 2324 1357 2390 ctiam

151 2462 191 2506 eo
220 2443 450 2525 confirmatur,
481 2447 569 2530 quod
596 2445 741 2512 Eusebio
770 2454 904 2512 auctore
931 2446 1019 2511 inter
1042 2445 1183 2511 Asianos
1213 2453 1356 2511 ceteras·

153 2584 217 2646 que
246 2564 404 2630 eeclesias
432 2565 472 2630 de
505 2566 621 2630 eodem
648 2568 806 2650 paschate
835 2574 999 2631 certatum
1028 2575 1096 2645 est,
1129 2567 1171 2630 ab
1204 2565 1271 2630 illis
1303 2567 1355 2630 die

152 2691 273 2767 quarto
305 2684 432 2748 decimo
466 2685 651 2764 celebrato,
684 2686 726 2750 ab
760 2684 812 2750 his
850 2693 962 2750 autem
998 2685 1050 2752 die
1086 2685 1355 2766 rerurrectionis3

153 2803 241 2886 quod
274 2803 424 2889 prolecto
457 2805 528 2871 fieri
558 2827 624 2869 non
656 2804 787 2889 potuit,
821 2805 849 2870 si
880 2805 1046 2891 proprium
1079 2815 1113 2870 ct
1144 2805 1356 2892 praecipuum

154 2922 411 2990 occidentalium
453 2923 686 2990 celebrationis
731 2925 905 2990 consilium
946 2926 1064 2991 suisset
1106 2924 1356 2990 resurrectionis

155 3043 282 3109 Christi
318 3045 486 3110 memoria.
546 3045 642 3110 Hanc
679 3045 766 3110 enim
804 3045 846 3110 ab
884 3043 1016 3109 Asianis
1054 3045 1106 3110 <lie
1145 3052 1261 3129 quarto
1300 3043 1356 3109 de·

154 3163 239 3228 oimo
271 3187 339 3230 non
367 3165 568 3231 celebratam
600 3186 672 3230 esse
704 3166 778 3230 luce
808 3172 861 3230 ert
888 3164 1019 3229 clarius.
1066 3163 1176 3228 Quare
1208 3171 1355 3248 apparet,

155 3307 316 3349 sommam
355 3285 588 3352 celebrationis
626 3285 889 3350 occidentalibus
926 3306 992 3348 non
1029 3282 1131 3348 inisse
1167 3283 1357 3350 memoriam

155 3405 422 3485 resurrectionis,
456 3405 514 3471 sed
547 3405 659 3490 potius
692 3407 815 3490 paseha
844 3403 1060 3469 christianum
1085 3426 1140 3485 eo,
1173 3427 1271 3490 quem
1302 3427 1358 3470 ex·

156 3523 293 3607 plicavi,
322 3545 432 3590 sensu.
479 3529 591 3609 Atque
614 3526 686 3610 jam
713 3525 814 3590 etium
836 3524 1071 3611 intelligimus,
1100 3527 1264 3610 quomodo
1288 3525 1358 3591 fieri

157 3643 323 3729 potuerit,
355 3653 394 3710 ut
426 3645 649 3710 occidentales
683 3645 857 3711 sollemnia
888 3669 947 3711 sua
978 3648 1101 3736 pascha
1136 3647 1355 3712 nominarent.

157 3763 192 3828 Si
215 3764 303 3830 enim
325 3765 456 3850 proprie
478 3764 668 3831 memoriam
698 3765 1022 3853 resurrectionis
1045 3765 1170 3831 Christi
1197 3765 1356 3850 egissent,

157 3885 348 3970 neutiquam
360 3885 517 3970 explicari
527 3893 641 3970 posset
653 3922 688 3932 -
702 3907 808 3970 neque
819 3886 990 3971 quisquam
1001 3887 1109 3951 adhuc
1119 3885 1355 3972 explicavit—-,

158 4006 283 4088 quade
305 4028 403 4071 causa
422 4007 507 4071 hanc
530 4006 787 4072 celebrationem
807 4009 930 4092 paseha
956 4004 1226 4091 appellavissent.
1273 4005 1358 4069 Cum

244 4265 255 4298 ¹
271 4271 341 4329 Hoc
355 4271 448 4330 etiam
459 4271 585 4330 Eusebii
600 4271 772 4330 narratione
786 4270 942 4350 probatur,
956 4289 1034 4348 quae
1046 4269 1084 4330 de
1098 4269 1203 4330 eodem
1216 4269 1359 4349 paschate

157 4354 196 4414 ab
210 4355 348 4435 utrisque
363 4361 513 4416 certatum
529 4376 592 4417 esse
608 4355 766 4417 evidenter
780 4377 835 4416 nos
850 4356 950 4416 docet.

1128 4455 1144 4505 5
